{"gold_per_floor":[367,367,379,399,118,118,135,46,46,66,81,81,136,147,147,251,251,265,282,282,282,41,41,51,81,134,150,150,26,53,66,66,170,170,182,201,33,33,33,33,33,33,58,58,68,68,68,78,78,78],"floor_reached":51,"playtime":4418,"items_purged":[],"score":863,"play_id":"9dcedff0-ee1e-4e9e-a968-368c7207e067","local_time":"20190305115605","is_ascension_mode":true,"campfire_choices":[{"data":"Bandage Up","floor":6,"key":"SMITH"},{"data":"Footwork","floor":15,"key":"SMITH"},{"floor":23,"key":"REST"},{"floor":32,"key":"REST"},{"floor":40,"key":"REST"},{"floor":44,"key":"REST"},{"floor":46,"key":"REST"},{"floor":49,"key":"REST"}],"neow_cost":"TEN_PERCENT_HP_LOSS","seed_source_timestamp":258048625721577,"circlet_count":0,"master_deck":["Defend_G+1","Defend_G+1","Defend_G+1","Defend_G+1","Defend_G+1","Strike_G+1","Strike_G+1","Strike_G+1","Strike_G+1","Strike_G+1","Survivor+1","Neutralize+1","Blur+1","Blur+1","Bandage Up+1","Cloak And Dagger+1","Crippling Poison+1","Prepared+1","Deadly Poison+1","Deep Breath+1","Prepared+1","Footwork+1","Tools of the Trade+1","Poisoned Stab+1","Deadly Poison+1","Footwork+1","Bouncing Flask+1","Well Laid Plans+1","Flash of Steel+1","Bouncing Flask+1","Adrenaline+1","Deep Breath+1","Blur+1","Flash of Steel+1","Dash+1"],"relics":["Ring of the Snake","Toxic Egg 2","Ice Cream","Pocketwatch","Fusion Hammer","TheAbacus","Red Mask","Centennial Puzzle","The Specimen","Mark of the Bloom","Snake Skull"],"potions_floor_usage":[10,13,50,50,50],"damage_taken":[{"damage":0,"enemies":"Small Slimes","floor":1,"turns":3},{"damage":16,"enemies":"Cultist","floor":3,"turns":7},{"damage":0,"enemies":"2 Louse","floor":4,"turns":4},{"damage":10,"enemies":"Large Slime","floor":7,"turns":9},{"damage":1,"enemies":"Looter","floor":10,"turns":4},{"damage":0,"enemies":"Blue Slaver","floor":11,"turns":6},{"damage":6,"enemies":"Lagavulin Event","floor":13,"turns":6},{"damage":7,"enemies":"Lots of Slimes","floor":14,"turns":2},{"damage":30,"enemies":"Slime Boss","floor":16,"turns":33},{"damage":2,"enemies":"Spheric Guardian","floor":18,"turns":6},{"damage":0,"enemies":"3 Byrds","floor":19,"turns":4},{"damage":4,"enemies":"Snake Plant","floor":24,"turns":5},{"damage":36,"enemies":"Masked Bandits","floor":25,"turns":7},{"damage":5,"enemies":"Centurion and Healer","floor":27,"turns":6},{"damage":0,"enemies":"Gremlin Leader","floor":30,"turns":5},{"damage":6,"enemies":"Snecko","floor":31,"turns":6},{"damage":48,"enemies":"Collector","floor":33,"turns":8},{"damage":20,"enemies":"3 Darklings","floor":35,"turns":5},{"damage":2,"enemies":"Orb Walker","floor":36,"turns":3},{"damage":8,"enemies":"Transient","floor":45,"turns":5},{"damage":3,"enemies":"4 Shapes","floor":48,"turns":4},{"damage":0,"enemies":"Time Eater","floor":50,"turns":11}],"seed_played":"8788085108260788038","potions_obtained":[{"floor":1,"key":"SteroidPotion"},{"floor":7,"key":"GamblersBrew"},{"floor":16,"key":"Regen Potion"},{"floor":24,"key":"Block Potion"},{"floor":27,"key":"Strength Potion"},{"floor":36,"key":"Block Potion"}],"is_trial":false,"path_per_floor":["M","?","M","M","$","R","M","$","T","M","M","?","?","M","R","B",null,"M","M","?","?","$","R","M","?","T","M","$","$","E","M","R","B",null,"M","M","$","$","?","R","?","?","T","R","M","R","?","M","R","B",null],"character_chosen":"THE_SILENT","items_purchased":["Toxic Egg 2","Prepared+1","Deep Breath+1","Deadly Poison+1","TheAbacus","Well Laid Plans","Flash of Steel","Deep Breath+1","Blur+1"],"campfire_rested":6,"item_purchase_floors":[5,5,8,22,22,29,29,37,37],"current_hp_per_floor":[63,63,47,51,51,51,47,47,47,52,58,45,45,44,44,20,63,63,63,63,52,52,68,68,38,38,39,39,39,45,45,65,20,68,54,58,58,58,58,68,68,68,68,68,60,60,60,57,57,57],"gold":78,"neow_bonus":"TWO_FIFTY_GOLD","is_prod":false,"is_daily":false,"chose_seed":false,"campfire_upgraded":2,"win_rate":0,"timestamp":1551783365,"path_taken":["M","?","M","?","$","R","M","?","T","?","M","?","?","M","R","BOSS","M","M","?","?","$","R","M","?","T","M","?","$","E","M","R","BOSS","M","M","?","$","?","R","?","?","T","R","M","R","?","M","R","BOSS"],"build_version":"2019-01-23","purchased_purges":0,"victory":true,"max_hp_per_floor":[63,63,63,63,63,63,63,63,63,63,63,63,63,63,63,63,63,63,63,63,68,68,68,68,68,68,68,68,68,68,68,68,68,68,68,68,68,68,68,68,68,68,68,68,68,68,65,65,65,65],"card_choices":[{"not_picked":["Deadly Poison","Sucker Punch"],"picked":"Blur","floor":1},{"not_picked":["Reflex","Catalyst"],"picked":"Cloak And Dagger","floor":3},{"not_picked":["Bane","Slice"],"picked":"Crippling Poison","floor":4},{"not_picked":["Deflect+1","Riddle With Holes"],"picked":"Deadly Poison+1","floor":7},{"not_picked":["Masterful Stab","Flechettes"],"picked":"Prepared+1","floor":10},{"not_picked":["Storm of Steel+1","Poisoned Stab","Slice"],"picked":"SKIP","floor":11},{"not_picked":["Bane","Choke"],"picked":"Footwork","floor":14},{"not_picked":["Wraith Form v2","Unload"],"picked":"Tools of the Trade","floor":16},{"not_picked":["Blade Dance+1","Dagger Throw","Outmaneuver+1"],"picked":"SKIP","floor":18},{"not_picked":["Underhanded Strike","Predator"],"picked":"Poisoned Stab","floor":19},{"not_picked":["Acrobatics+1","Poisoned Stab+1"],"picked":"Footwork","floor":24},{"not_picked":["Deflect+1","Deadly Poison+1"],"picked":"Bouncing Flask+1","floor":25},{"not_picked":["Underhanded Strike","Tools of the Trade","Blade Dance+1"],"picked":"SKIP","floor":27},{"not_picked":["Terror+1","Infinite Blades","Quick Slash+1"],"picked":"SKIP","floor":30},{"not_picked":["Blade Dance+1","Dodge and Roll+1"],"picked":"Bouncing Flask+1","floor":31},{"not_picked":["Storm of Steel+1","Burst+1"],"picked":"Adrenaline+1","floor":33},{"not_picked":["Blade Dance+1","Deflect+1","Dagger Throw"],"picked":"SKIP","floor":35},{"not_picked":["Dodge and Roll+1","Dagger Spray","Deadly Poison+1"],"picked":"SKIP","floor":36},{"not_picked":["Blind+1","Transmutation+1"],"picked":"Flash of Steel","floor":39},{"not_picked":["Accuracy","Infinite Blades+1"],"picked":"Dash+1","floor":45},{"not_picked":["Quick Slash","Slice+1","Choke+1"],"picked":"SKIP","floor":48}],"player_experience":198327,"relics_obtained":[{"floor":9,"key":"Ice Cream"},{"floor":13,"key":"Pocketwatch"},{"floor":25,"key":"Red Mask"},{"floor":26,"key":"Centennial Puzzle"},{"floor":30,"key":"The Specimen"},{"floor":43,"key":"Snake Skull"}],"event_choices":[{"damage_healed":0,"gold_gain":0,"player_choice":"2 cards matched","damage_taken":0,"max_hp_gain":0,"max_hp_loss":0,"event_name":"Match and Keep!","floor":2,"gold_loss":0,"cards_obtained":["Blur","Bandage Up"]},{"damage_healed":0,"gold_gain":0,"player_choice":"Entered Light","damage_taken":13,"max_hp_gain":0,"max_hp_loss":0,"event_name":"Shining Light","floor":12,"gold_loss":0,"cards_upgraded":["Crippling Poison","Defend_G"]},{"damage_healed":0,"gold_gain":30,"player_choice":"Searched \u00272\u0027 times","damage_taken":0,"max_hp_gain":0,"max_hp_loss":0,"event_name":"Dead Adventurer","floor":13,"gold_loss":0},{"damage_healed":0,"gold_gain":0,"player_choice":"Ignored","damage_taken":0,"max_hp_gain":0,"max_hp_loss":0,"event_name":"Vampires","floor":20,"gold_loss":0},{"damage_healed":0,"gold_gain":0,"player_choice":"Shed Blood","damage_taken":16,"max_hp_gain":5,"max_hp_loss":0,"event_name":"Forgotten Altar","floor":21,"gold_loss":0},{"damage_healed":0,"gold_gain":0,"player_choice":"Fought Bandits","damage_taken":0,"max_hp_gain":0,"max_hp_loss":0,"event_name":"Masked Bandits","floor":25,"gold_loss":0},{"damage_healed":0,"gold_gain":0,"player_choice":"Memory 1","damage_taken":0,"max_hp_gain":0,"max_hp_loss":0,"event_name":"SensoryStone","floor":39,"gold_loss":0},{"damage_healed":0,"gold_gain":0,"player_choice":"Upgrade","damage_taken":0,"relics_obtained":["Mark of the Bloom"],"max_hp_gain":0,"max_hp_loss":0,"event_name":"MindBloom","floor":41,"gold_loss":0,"cards_upgraded":["Defend_G","Defend_G","Defend_G","Defend_G","Strike_G","Strike_G","Strike_G","Strike_G","Strike_G","Survivor","Neutralize","Blur","Blur","Cloak And Dagger","Tools of the Trade","Poisoned Stab","Footwork","Well Laid Plans","Flash of Steel","Flash of Steel"]},{"damage_healed":0,"gold_gain":0,"player_choice":"Ignored","damage_taken":0,"max_hp_gain":0,"max_hp_loss":0,"event_name":"Mysterious Sphere","floor":42,"gold_loss":0},{"damage_healed":0,"gold_gain":0,"player_choice":"Max HP","damage_taken":0,"max_hp_gain":0,"max_hp_loss":3,"event_name":"Winding Halls","floor":47,"gold_loss":0}],"is_beta":false,"boss_relics":[{"not_picked":["Ectoplasm","Black Star"],"picked":"Fusion Hammer"},{"not_picked":["Runic Dome","Snecko Eye","Philosopher\u0027s Stone"]}],"items_purged_floors":[],"is_endless":false,"potions_floor_spawned":[1,7,16,24,27,30,31,36],"ascension_level":3}