{"gold_per_floor":[111,61,74,74,85,110,110,124,206,206,131,145,175,175,175,278,278,291,303,319,369,385,385,401,401,425,325,343,128,128,103,103,204,204,222,272,422,118,129,129,179,229,229,229,249,354,424,440,440,440],"floor_reached":51,"playtime":2333,"items_purged":["Strike_R","Strike_R","Strike_R","Strike_R"],"score":803,"play_id":"861d2119-06fc-4308-b97e-b9d32f99ce4e","local_time":"20190313123402","is_ascension_mode":true,"campfire_choices":[{"data":"Bash","floor":7,"key":"SMITH"},{"data":"Body Slam","floor":10,"key":"SMITH"},{"data":"Pommel Strike","floor":15,"key":"SMITH"},{"floor":23,"key":"REST"},{"data":"Whirlwind","floor":25,"key":"SMITH"},{"data":"Body Slam","floor":30,"key":"SMITH"},{"floor":32,"key":"REST"},{"data":"Demon Form","floor":40,"key":"SMITH"},{"data":"Barricade","floor":44,"key":"SMITH"},{"floor":49,"key":"REST"}],"neow_cost":"NONE","seed_source_timestamp":1657484123662,"circlet_count":0,"master_deck":["Defend_R","Defend_R","Defend_R","Bash+1","Pommel Strike+1","True Grit+1","Battle Trance","Body Slam+1","Spot Weakness","Shrug It Off","Demon Form+1","Cleave+1","Whirlwind+1","Evolve","Body Slam+1","Barricade+1","Ghostly Armor","Iron Wave+1","Heavy Blade"],"relics":["Burning Blood","NeowsBlessing","Mango","Mummified Hand","Bronze Scales","SsserpentHead","Mark of Pain","Vajra","Lizard Tail","Magic Flower","Gremlin Horn","Bag of Marbles"],"potions_floor_usage":[6,16,19,24,28,28,39,45,47,50],"damage_taken":[{"damage":0,"enemies":"Small Slimes","floor":1,"turns":1},{"damage":0,"enemies":"2 Louse","floor":3,"turns":1},{"damage":0,"enemies":"Cultist","floor":5,"turns":1},{"damage":43,"enemies":"Lagavulin","floor":6,"turns":6},{"damage":3,"enemies":"Looter","floor":8,"turns":5},{"damage":0,"enemies":"Red Slaver","floor":12,"turns":4},{"damage":17,"enemies":"Gremlin Nob","floor":13,"turns":4},{"damage":25,"enemies":"The Guardian","floor":16,"turns":9},{"damage":26,"enemies":"2 Thieves","floor":18,"turns":4},{"damage":0,"enemies":"3 Byrds","floor":19,"turns":3},{"damage":13,"enemies":"Centurion and Healer","floor":20,"turns":7},{"damage":48,"enemies":"Snake Plant","floor":22,"turns":5},{"damage":12,"enemies":"Sentry and Sphere","floor":24,"turns":4},{"damage":13,"enemies":"Cultist and Chosen","floor":28,"turns":4},{"damage":38,"enemies":"Collector","floor":33,"turns":8},{"damage":16,"enemies":"3 Shapes","floor":35,"turns":4},{"damage":43,"enemies":"Mind Bloom Boss Battle","floor":37,"turns":4},{"damage":5,"enemies":"3 Darklings","floor":39,"turns":3},{"damage":25,"enemies":"Spire Growth","floor":45,"turns":4},{"damage":39,"enemies":"Writhing Mass","floor":47,"turns":4},{"damage":0,"enemies":"3 Darklings","floor":48,"turns":4},{"damage":115,"enemies":"Donu and Deca","floor":50,"turns":7}],"seed_played":"7549601859054310665","potions_obtained":[{"floor":3,"key":"Fire Potion"},{"floor":6,"key":"LiquidBronze"},{"floor":13,"key":"FearPotion"},{"floor":18,"key":"SkillPotion"},{"floor":22,"key":"EssenceOfSteel"},{"floor":24,"key":"PowerPotion"},{"floor":35,"key":"Strength Potion"},{"floor":45,"key":"BloodPotion"},{"floor":48,"key":"Swift Potion"}],"is_trial":false,"path_per_floor":["M","?","M","?","M","E","R","M","T","R","$","M","E","?","R","B",null,"M","M","M","?","M","R","M","R","T","$","M","$","R","?","R","B",null,"M","?","?","$","M","R","?","?","T","R","M","T","M","M","R","B",null],"character_chosen":"IRONCLAD","items_purchased":["Evolve","Body Slam","BloodPotion","GamblersBrew"],"campfire_rested":3,"item_purchase_floors":[29,29,38,38],"current_hp_per_floor":[80,80,80,80,80,57,57,60,60,60,60,66,55,55,55,36,94,74,80,73,73,31,59,53,53,53,53,46,46,46,46,74,42,94,84,84,47,47,65,65,65,65,65,65,49,49,31,40,66,33],"gold":440,"neow_bonus":"THREE_ENEMY_KILL","is_prod":false,"is_daily":false,"chose_seed":false,"campfire_upgraded":7,"win_rate":0,"timestamp":1552505642,"path_taken":["M","?","M","?","?","E","R","M","T","R","$","M","E","?","R","BOSS","M","M","M","?","M","R","M","R","T","$","M","$","R","?","R","BOSS","M","?","?","$","M","R","?","?","T","R","M","?","?","M","R","BOSS"],"build_version":"2019-01-23","purchased_purges":4,"victory":true,"max_hp_per_floor":[80,80,80,80,80,94,94,94,94,94,94,94,94,94,94,94,94,94,94,94,94,94,94,94,94,94,94,94,94,94,94,94,94,94,94,94,94,94,94,94,94,89,89,89,89,89,89,89,89,89],"card_choices":[{"not_picked":["Warcry","Clothesline"],"picked":"Pommel Strike","floor":1},{"not_picked":["Clothesline","Bludgeon"],"picked":"True Grit","floor":3},{"not_picked":["Pummel","Havoc"],"picked":"Corruption","floor":5},{"not_picked":["Sever Soul","Anger"],"picked":"Battle Trance","floor":6},{"not_picked":["Perfected Strike","Rage"],"picked":"Body Slam","floor":8},{"not_picked":["Wild Strike","Rupture"],"picked":"Spot Weakness","floor":12},{"not_picked":["Wild Strike","Fiend Fire"],"picked":"Shrug It Off","floor":13},{"not_picked":["Bludgeon","Reaper"],"picked":"Demon Form","floor":16},{"not_picked":["Bloodletting","Shockwave"],"picked":"Cleave+1","floor":18},{"not_picked":["Clothesline","Feel No Pain","Warcry+1"],"picked":"SKIP","floor":19},{"not_picked":["True Grit+1","Battle Trance+1","Rampage"],"picked":"SKIP","floor":20},{"not_picked":["Clash+1","Hemokinesis","Spot Weakness+1"],"picked":"SKIP","floor":22},{"not_picked":["Combust","Havoc+1"],"picked":"Whirlwind","floor":24},{"not_picked":["Intimidate","Fire Breathing","Infernal Blade"],"picked":"SKIP","floor":28},{"not_picked":["Limit Break","Demon Form"],"picked":"Barricade","floor":33},{"not_picked":["Body Slam","Burning Pact","Rupture+1"],"picked":"SKIP","floor":35},{"not_picked":["Second Wind","Havoc"],"picked":"Ghostly Armor","floor":37},{"not_picked":["Sword Boomerang+1","Metallicize+1"],"picked":"Iron Wave+1","floor":39},{"not_picked":["Perfected Strike","Ghostly Armor","Rampage+1"],"picked":"SKIP","floor":45},{"not_picked":["Dual Wield","Seeing Red","True Grit+1"],"picked":"SKIP","floor":47},{"not_picked":["Havoc+1","Flex"],"picked":"Heavy Blade","floor":48}],"player_experience":417595,"relics_obtained":[{"floor":6,"key":"Mango"},{"floor":9,"key":"Mummified Hand"},{"floor":13,"key":"Bronze Scales"},{"floor":26,"key":"Vajra"},{"floor":37,"key":"Magic Flower"},{"floor":43,"key":"Gremlin Horn"},{"floor":46,"key":"Bag of Marbles"}],"event_choices":[{"cards_removed":["Strike_R"],"damage_healed":0,"gold_gain":0,"player_choice":"Card Removal","damage_taken":0,"max_hp_gain":0,"max_hp_loss":0,"event_name":"The Cleric","floor":2,"gold_loss":50},{"damage_healed":0,"gold_gain":0,"player_choice":"Forge","damage_taken":0,"max_hp_gain":0,"max_hp_loss":0,"event_name":"Accursed Blacksmith","floor":4,"gold_loss":0,"cards_upgraded":["True Grit"]},{"damage_healed":0,"gold_gain":0,"player_choice":"Trade","damage_taken":0,"relics_obtained":["SsserpentHead"],"max_hp_gain":0,"max_hp_loss":0,"event_name":"FaceTrader","floor":14,"gold_loss":0},{"damage_healed":0,"gold_gain":0,"player_choice":"Ignored","damage_taken":0,"max_hp_gain":0,"max_hp_loss":0,"event_name":"Vampires","floor":21,"gold_loss":0},{"cards_removed":["Defend_R"],"damage_healed":0,"gold_gain":0,"player_choice":"Gave Gold","damage_taken":0,"max_hp_gain":0,"max_hp_loss":0,"event_name":"Beggar","floor":31,"gold_loss":75},{"cards_removed":["Corruption"],"damage_healed":0,"gold_gain":0,"player_choice":"Removed Power","damage_taken":0,"max_hp_gain":0,"max_hp_loss":0,"event_name":"Falling","floor":36,"gold_loss":0},{"damage_healed":0,"gold_gain":0,"player_choice":"Fight","damage_taken":0,"max_hp_gain":0,"max_hp_loss":0,"event_name":"MindBloom","floor":37,"gold_loss":0},{"damage_healed":0,"gold_gain":0,"player_choice":"Ignored","damage_taken":0,"max_hp_gain":0,"max_hp_loss":0,"event_name":"Mysterious Sphere","floor":41,"gold_loss":0},{"damage_healed":0,"gold_gain":0,"player_choice":"Max HP","damage_taken":0,"max_hp_gain":0,"max_hp_loss":5,"event_name":"Winding Halls","floor":42,"gold_loss":0}],"is_beta":false,"boss_relics":[{"not_picked":["Cursed Key","Empty Cage"],"picked":"Mark of Pain"},{"not_picked":["Snecko Eye","Black Star"],"picked":"Lizard Tail"}],"items_purged_floors":[11,27,29,38],"is_endless":false,"potions_floor_spawned":[3,6,13,18,22,24,35,45,48],"ascension_level":4}