{"gold_per_floor":[110,185,185,64,75,104,104,54,54,54,69,84,84,54,54,156,156,176,101,51,51,51],"floor_reached":22,"playtime":739,"items_purged":["Strike_R","Strike_R"],"score":287,"play_id":"ebe24519-ca73-4b04-9400-fa9e76a3efee","local_time":"20190313230420","is_ascension_mode":true,"campfire_choices":[{"data":"Body Slam","floor":7,"key":"SMITH"},{"data":"Bash","floor":10,"key":"SMITH"},{"data":"Headbutt","floor":13,"key":"SMITH"},{"data":"Thunderclap","floor":15,"key":"SMITH"}],"neow_cost":"NONE","seed_source_timestamp":11022154361671,"circlet_count":0,"master_deck":["Strike_R","Defend_R","Defend_R","Defend_R","Defend_R","Bash+1","Body Slam+1","Feel No Pain","Headbutt+1","Thunderclap+1","Shrug It Off","Power Through","Metallicize","Iron Wave","Iron Wave"],"special_seed":0,"relics":["Burning Blood","NeowsBlessing","Smiling Mask","Gambling Chip","Pantograph","Orrery"],"potions_floor_usage":[12,16,16,16],"damage_taken":[{"damage":0.0,"enemies":"2 Louse","floor":1.0,"turns":1.0},{"damage":0,"enemies":"Jaw Worm","floor":5,"turns":1},{"damage":0,"enemies":"Lagavulin","floor":6,"turns":1},{"damage":1,"enemies":"Cultist","floor":11,"turns":3},{"damage":20,"enemies":"Lots of Slimes","floor":12,"turns":4},{"damage":48,"enemies":"Hexaghost","floor":16,"turns":6},{"damage":34,"enemies":"Shell Parasite","floor":18,"turns":8},{"damage":33,"enemies":"Colosseum Slavers","floor":21,"turns":4},{"damage":23,"enemies":"Chosen","floor":22,"turns":5}],"seed_played":"3273637732869153005","potions_obtained":[{"floor":6,"key":"SkillPotion"},{"floor":11,"key":"Strength Potion"},{"floor":14,"key":"SteroidPotion"},{"floor":14,"key":"AttackPotion"},{"floor":16,"key":"SpeedPotion"}],"is_trial":false,"path_per_floor":["M","?","?","?","M","E","R","$","T","R","M","M","R","?","R","B",null,"M","?","$","?","M"],"character_chosen":"IRONCLAD","items_purchased":[],"campfire_rested":0,"item_purchase_floors":[],"current_hp_per_floor":[78,67,67,67,73,79,79,79,79,79,80,66,66,66,66,38,70,42,42,42,15,0],"gold":51,"neow_bonus":"THREE_ENEMY_KILL","is_prod":false,"is_daily":false,"chose_seed":false,"campfire_upgraded":4,"win_rate":0,"timestamp":1552485860,"path_taken":["M","?","?","?","?","E","R","?","T","R","M","M","R","?","R","BOSS","M","?","$","?","M"],"build_version":"2019-01-23","purchased_purges":2,"victory":false,"max_hp_per_floor":[80,80,80,80,80,80,80,80,80,80,80,80,80,80,80,80,80,80,80,80,80,80],"card_choices":[{"not_picked":["Clash","Shrug It Off"],"picked":"Body Slam","floor":1.0},{"not_picked":["Clash","Burning Pact","Carnage"],"picked":"SKIP","floor":5},{"not_picked":["Double Tap","Infernal Blade"],"picked":"Feel No Pain","floor":6},{"not_picked":["Iron Wave","Pommel Strike"],"picked":"Headbutt","floor":11},{"not_picked":["Headbutt","Pummel"],"picked":"Thunderclap","floor":12},{"not_picked":["Metallicize","Rage"],"picked":"Shrug It Off","floor":17},{"not_picked":["Clothesline","Headbutt"],"picked":"Power Through","floor":17},{"not_picked":["Infernal Blade","Feel No Pain"],"picked":"Metallicize","floor":17},{"not_picked":["Twin Strike","Anger"],"picked":"Iron Wave","floor":17},{"not_picked":["Twin Strike","Flex"],"picked":"Iron Wave","floor":17},{"not_picked":["Feed","Headbutt","Sword Boomerang"],"picked":"SKIP","floor":18}],"player_experience":349307,"relics_obtained":[{"floor":6,"key":"Gambling Chip"},{"floor":9,"key":"Pantograph"}],"event_choices":[{"damage_healed":0.0,"max_hp_gain":0.0,"max_hp_loss":0.0,"gold_gain":75.0,"event_name":"World of Goop","player_choice":"Gather Gold","floor":2.0,"gold_loss":0.0,"damage_taken":11.0},{"cards_removed":["Strike_R"],"damage_healed":0,"gold_gain":0,"player_choice":"Forget","damage_taken":0,"max_hp_gain":0,"max_hp_loss":0,"event_name":"Living Wall","floor":3,"gold_loss":0},{"damage_healed":0,"gold_gain":0,"player_choice":"Paid Gold","damage_taken":0,"relics_obtained":["Smiling Mask"],"max_hp_gain":0,"max_hp_loss":0,"event_name":"WeMeetAgain","floor":4,"gold_loss":121},{"damage_healed":0,"gold_gain":0,"player_choice":"Bought 2 Potions","damage_taken":0,"max_hp_gain":0,"max_hp_loss":0,"event_name":"The Woman in Blue","floor":14,"gold_loss":0},{"cards_removed":["Strike_R"],"damage_healed":0,"gold_gain":0,"player_choice":"Gave Gold","damage_taken":0,"max_hp_gain":0,"max_hp_loss":0,"event_name":"Beggar","floor":19,"gold_loss":75},{"damage_healed":0,"gold_gain":0,"player_choice":"Fight","damage_taken":0,"max_hp_gain":0,"max_hp_loss":0,"event_name":"Colosseum","floor":21,"gold_loss":0},{"damage_healed":0,"gold_gain":0,"player_choice":"Fled From Nobs","damage_taken":0,"max_hp_gain":0,"max_hp_loss":0,"event_name":"Colosseum","floor":21,"gold_loss":0}],"is_beta":false,"boss_relics":[{"not_picked":["Black Star","Philosopher\u0027s Stone"],"picked":"Orrery"}],"items_purged_floors":[8,20],"is_endless":false,"potions_floor_spawned":[6,11,16],"killed_by":"Chosen","ascension_level":8}