{"gold_per_floor":[110,110,123,143,65,65,95,95,141,41,72,72,42,61,61,140,140,150,150,150,0,0,29,29,29,29,44,44,44,64,74,74,147,147,165,65,75,93,93,93,124,124,147,147,193,193,193,205,205,205,205,205,37,66,66],"floor_reached":55,"playtime":2905,"items_purged":["Strike_B","Decay"],"score":1240,"play_id":"ba69f4a4-3e94-4895-9246-2f6c2605068d","local_time":"20190313002201","is_ascension_mode":true,"campfire_choices":[{"data":"Defragment","floor":6.0,"key":"SMITH"},{"floor":8.0,"key":"REST"},{"floor":12.0,"key":"REST"},{"data":"Zap","floor":15.0,"key":"SMITH"},{"data":"Defragment","floor":24.0,"key":"SMITH"},{"data":"Self Repair","floor":28.0,"key":"SMITH"},{"data":"Sweeping Beam","floor":32.0,"key":"SMITH"},{"floor":40.0,"key":"RECALL"},{"floor":49.0,"key":"REST"},{"data":"Machine Learning","floor":52.0,"key":"SMITH"}],"neow_cost":"NONE","seed_source_timestamp":2021867833737414,"circlet_count":0,"master_deck":["AscendersBane","Defend_B","Defend_B","Defend_B","Zap+1","Dualcast","Leap","Cold Snap","Defragment+1","Sweeping Beam+1","Gash","Coolheaded+1","Chaos+1","Coolheaded+1","Reboot+1","Coolheaded+1","Chill+1","Defragment+1","Hologram+1","Compile Driver","Self Repair+1","Consume+1","Machine Learning+1","Consume+1","Gash","Hologram+1","Meteor Strike","Forethought+1","Deep Breath+1","Dark Shackles+1","Recycle+1","Chaos+1","Coolheaded+1"],"special_seed":0,"relics":["White Beast Statue","Anchor","Dream Catcher","Toxic Egg 2","Inserter","Gambling Chip","Blood Vial","Philosopher\u0027s Stone","Ice Cream","Dead Branch","Bag of Preparation","Kunai"],"potions_floor_usage":[54,55],"damage_taken":[{"damage":1.0,"enemies":"Cultist","floor":1.0,"turns":3.0},{"damage":8.0,"enemies":"Small Slimes","floor":3.0,"turns":4.0},{"damage":5.0,"enemies":"2 Louse","floor":4.0,"turns":4.0},{"damage":33.0,"enemies":"Gremlin Nob","floor":7.0,"turns":8.0},{"damage":24.0,"enemies":"3 Sentries","floor":11.0,"turns":9.0},{"damage":0.0,"enemies":"Looter","floor":13.0,"turns":4.0},{"damage":4.0,"enemies":"3 Louse","floor":14.0,"turns":4.0},{"damage":35.0,"enemies":"Hexaghost","floor":16.0,"turns":18.0},{"damage":6.0,"enemies":"Shell Parasite","floor":18.0,"turns":8.0},{"damage":5.0,"enemies":"Slavers","floor":23.0,"turns":9.0},{"damage":0.0,"enemies":"Chosen","floor":27.0,"turns":3.0},{"damage":0.0,"enemies":"Centurion and Healer","floor":30.0,"turns":9.0},{"damage":2.0,"enemies":"Snake Plant","floor":31.0,"turns":7.0},{"damage":7.0,"enemies":"Automaton","floor":33.0,"turns":14.0},{"damage":20.0,"enemies":"3 Darklings","floor":35.0,"turns":7.0},{"damage":2.0,"enemies":"3 Shapes","floor":37.0,"turns":4.0},{"damage":13.0,"enemies":"Writhing Mass","floor":38.0,"turns":10.0},{"damage":2.0,"enemies":"Nemesis","floor":41.0,"turns":9.0},{"damage":49.0,"enemies":"2 Orb Walkers","floor":45.0,"turns":7.0},{"damage":0.0,"enemies":"Sphere and 2 Shapes","floor":48.0,"turns":3.0},{"damage":14.0,"enemies":"Awakened One","floor":50.0,"turns":13.0},{"damage":19,"enemies":"Shield and Spear","floor":54,"turns":8},{"damage":60,"enemies":"The Heart","floor":55,"turns":5}],"seed_played":"2403508036713501727","potions_obtained":[{"floor":1.0,"key":"LiquidBronze"},{"floor":3.0,"key":"SkillPotion"},{"floor":4.0,"key":"EssenceOfSteel"},{"floor":7.0,"key":"Weak Potion"},{"floor":11.0,"key":"Regen Potion"},{"floor":16.0,"key":"Strength Potion"},{"floor":18.0,"key":"EssenceOfSteel"},{"floor":23.0,"key":"SkillPotion"},{"floor":27.0,"key":"Explosive Potion"},{"floor":38.0,"key":"Regen Potion"},{"floor":41.0,"key":"Explosive Potion"},{"floor":45.0,"key":"EssenceOfSteel"},{"floor":54,"key":"Explosive Potion"}],"is_trial":false,"path_per_floor":["M","?","M","M","$","R","E","R","T","$","E","R","M","M","R","B",null,"M","?","?","$","?","E","R","?","T","M","R","$","M","M","R","B",null,"M","$","M","M","$","R","E","$","T","?","?","?","?","M","R","B",null,"R","$","E","B"],"character_chosen":"DEFECT","items_purchased":["Defragment","Gash","Defragment","Hologram+1","Compile Driver","Coolheaded+1","Bag of Preparation"],"campfire_rested":3,"item_purchase_floors":[5,10,21,21,21,53,53],"current_hp_per_floor":[63,56,48,43,43,43,10,31,31,31,7,28,28,24,24,4,54,48,48,48,48,48,43,43,43,43,52,52,52,64,71,71,71,71,61,61,61,60,60,60,71,71,71,61,24,24,24,26,47,45,65,65,65,58,0],"gold":66,"neow_bonus":"BOSS_RELIC","is_prod":false,"is_daily":false,"chose_seed":false,"campfire_upgraded":6,"win_rate":0,"timestamp":1552450921,"path_taken":["M","?","M","M","$","R","E","R","T","$","E","R","M","M","R","BOSS","M","?","?","$","?","E","R","?","T","M","R","$","M","?","R","BOSS","M","$","?","M","$","R","E","$","T","?","?","?","?","?","R","BOSS","R","$","E","BOSS"],"build_version":"2019-02-06","purchased_purges":2,"victory":false,"max_hp_per_floor":[71,71,71,71,71,71,71,71,71,71,71,71,71,71,71,71,71,71,71,71,71,71,71,71,71,71,71,71,71,71,71,71,71,71,71,71,71,71,71,71,71,71,71,71,71,71,71,71,71,71,71,71,71,71,71],"card_choices":[{"not_picked":["Streamline","Turbo"],"picked":"Leap","floor":1.0},{"not_picked":["Reinforced Body","Sweeping Beam"],"picked":"Cold Snap","floor":3.0},{"not_picked":["Chaos","Skim","Lockon"],"picked":"SKIP","floor":4.0},{"not_picked":["Steam Power","Gash"],"picked":"Sweeping Beam","floor":7.0},{"not_picked":["Lockon","Streamline","Steam Power"],"picked":"SKIP","floor":11.0},{"not_picked":["Steam+1","Stack+1"],"picked":"Coolheaded+1","floor":12.0},{"not_picked":["Double Energy+1","Melter"],"picked":"Chaos+1","floor":13.0},{"not_picked":["Cold Snap","Sweeping Beam"],"picked":"Coolheaded+1","floor":14.0},{"not_picked":["Multi-Cast+1","Buffer"],"picked":"Reboot+1","floor":16.0},{"not_picked":["Barrage","Ball Lightning"],"picked":"Coolheaded+1","floor":18.0},{"not_picked":["Loop","Ball Lightning"],"picked":"Self Repair","floor":23.0},{"not_picked":["Go for the Eyes","Gash"],"picked":"Consume+1","floor":27.0},{"not_picked":["Barrage","Stack+1","Chill+1"],"picked":"SKIP","floor":30.0},{"not_picked":["Cold Snap","Scrape","Streamline"],"picked":"SKIP","floor":31.0},{"not_picked":["Meteor Strike","Reboot+1"],"picked":"Machine Learning","floor":33.0},{"not_picked":["Beam Cell+1","Compile Driver"],"picked":"Consume+1","floor":35.0},{"not_picked":["Cold Snap","Leap+1"],"picked":"Gash","floor":37.0},{"not_picked":["Melter","Beam Cell+1"],"picked":"Hologram+1","floor":38.0},{"not_picked":["Heatsinks","Storm"],"picked":"Meteor Strike","floor":41.0},{"not_picked":["Bandage Up+1","Sadistic Nature"],"picked":"Forethought+1","floor":44.0},{"not_picked":["Panacea+1","Trip+1"],"picked":"Deep Breath+1","floor":44.0},{"not_picked":["Mind Blast","Deep Breath+1"],"picked":"Dark Shackles+1","floor":44.0},{"not_picked":["Sweeping Beam","Conserve Battery+1"],"picked":"Recycle+1","floor":45.0},{"not_picked":["Steam Power+1","Gash"],"picked":"Chaos+1","floor":48.0},{"not_picked":["Scrape","Sunder","Lockon"],"picked":"SKIP","floor":54}],"player_experience":2159857,"relics_obtained":[{"floor":7.0,"key":"Anchor"},{"floor":9.0,"key":"Dream Catcher"},{"floor":11.0,"key":"Toxic Egg 2"},{"floor":23.0,"key":"Gambling Chip"},{"floor":26.0,"key":"Blood Vial"},{"floor":41.0,"key":"Ice Cream"},{"floor":45.0,"key":"Dead Branch"},{"floor":54,"key":"Kunai"}],"event_choices":[{"cards_removed":["Strike_B"],"damage_healed":0.0,"max_hp_gain":0.0,"max_hp_loss":0.0,"gold_gain":0.0,"event_name":"Golden Wing","player_choice":"Card Removal","floor":2.0,"gold_loss":0.0,"damage_taken":7.0},{"damage_healed":0.0,"max_hp_gain":0.0,"max_hp_loss":0.0,"gold_gain":0.0,"cards_transformed":["Strike_B","Strike_B"],"event_name":"Drug Dealer","player_choice":"Became Test Subject","floor":19.0,"gold_loss":0.0,"damage_taken":0.0,"cards_obtained":["Hyperbeam","Chill"]},{"damage_healed":0.0,"max_hp_gain":0.0,"max_hp_loss":0.0,"gold_gain":0.0,"event_name":"Forgotten Altar","player_choice":"Smashed Altar","floor":20.0,"gold_loss":0.0,"damage_taken":0.0,"cards_obtained":["Decay"]},{"damage_healed":0.0,"max_hp_gain":0.0,"max_hp_loss":0.0,"gold_gain":0.0,"event_name":"Vampires","player_choice":"Ignored","floor":22.0,"gold_loss":0.0,"damage_taken":0.0},{"damage_healed":0.0,"max_hp_gain":0.0,"max_hp_loss":0.0,"gold_gain":0.0,"event_name":"The Mausoleum","player_choice":"Ignored","floor":25.0,"gold_loss":0.0,"damage_taken":0.0},{"damage_healed":0.0,"max_hp_gain":0.0,"max_hp_loss":0.0,"gold_gain":0.0,"event_name":"SensoryStone","player_choice":"Memory 3","floor":44.0,"gold_loss":0.0,"damage_taken":10.0},{"damage_healed":0.0,"max_hp_gain":0.0,"max_hp_loss":0.0,"gold_gain":0.0,"event_name":"Mysterious Sphere","player_choice":"Fight","floor":45.0,"gold_loss":0.0,"damage_taken":0.0},{"cards_removed":["Hyperbeam"],"damage_healed":0.0,"max_hp_gain":0.0,"max_hp_loss":0.0,"gold_gain":0.0,"event_name":"Falling","player_choice":"Removed Attack","floor":46.0,"gold_loss":0.0,"damage_taken":0.0},{"cards_removed":["Defend_B"],"damage_healed":0.0,"max_hp_gain":0.0,"max_hp_loss":0.0,"gold_gain":0.0,"event_name":"Purifier","player_choice":"Purged","floor":47.0,"gold_loss":0.0,"damage_taken":0.0}],"is_beta":true,"boss_relics":[{"not_picked":["Coffee Dripper","Ectoplasm"],"picked":"Inserter"},{"not_picked":["Pandora\u0027s Box","Tiny House"],"picked":"Philosopher\u0027s Stone"}],"items_purged_floors":[10,36],"is_endless":false,"potions_floor_spawned":[1,3,4,7,11,13,14,16,18,23,27,30,31,33,35,37,38,41,45,48,54],"killed_by":"The Heart","ascension_level":15}