{"gold_per_floor":[116,116,131,56,67,67,33,33,33,33,33,133,133,79,79,184,184,195,214,114,130,145,145,161,161,187,187,201,201,201],"floor_reached":30,"playtime":1200,"items_purged":["Strike_G","Defend_G"],"score":322,"play_id":"4619570d-7c31-4880-9f3a-501671dcbe10","local_time":"20190312002527","is_ascension_mode":true,"campfire_choices":[{"data":"Backflip","floor":6.0,"key":"SMITH"},{"data":"Flying Knee","floor":8.0,"key":"SMITH"},{"data":"Well Laid Plans","floor":13.0,"key":"SMITH"},{"data":"Deadly Poison","floor":15.0,"key":"SMITH"},{"data":"PiercingWail","floor":23,"key":"SMITH"},{"data":"Die Die Die","floor":25,"key":"SMITH"},{"floor":27,"key":"REST"},{"floor":29,"key":"REST"}],"neow_cost":"NONE","seed_source_timestamp":0,"circlet_count":0,"master_deck":["Defend_G","Defend_G","Defend_G","Strike_G","Strike_G","Strike_G","Strike_G","Survivor+1","Neutralize+1","Backflip+1","Flying Knee+1","Well Laid Plans+1","Deadly Poison+1","Die Die Die+1","PiercingWail+1","Backflip+1"],"special_seed":0,"relics":["Ring of the Snake","Paper Crane","Lizard Tail","Lantern"],"potions_floor_usage":[],"damage_taken":[{"damage":0.0,"enemies":"Small Slimes","floor":1.0,"turns":4.0},{"damage":0.0,"enemies":"Cultist","floor":3.0,"turns":4.0},{"damage":0.0,"enemies":"Jaw Worm","floor":5.0,"turns":4.0},{"damage":0.0,"enemies":"The Guardian","floor":16.0,"turns":10.0},{"damage":6.0,"enemies":"2 Thieves","floor":18.0,"turns":4.0},{"damage":0.0,"enemies":"Chosen","floor":19.0,"turns":4.0},{"damage":9.0,"enemies":"Shelled Parasite and Fungi","floor":21.0,"turns":6.0},{"damage":0,"enemies":"Cultist and Chosen","floor":22,"turns":7},{"damage":20,"enemies":"Snecko","floor":24,"turns":8},{"damage":11,"enemies":"Shelled Parasite and Fungi","floor":28,"turns":5},{"damage":0,"enemies":"3 Cultists","floor":30,"turns":1}],"seed_played":"-4769449334112689050","potions_obtained":[{"floor":1.0,"key":"Block Potion"},{"floor":18.0,"key":"Weak Potion"},{"floor":19.0,"key":"AttackPotion"},{"floor":24,"key":"LiquidBronze"}],"is_trial":false,"path_per_floor":["M","?","M","$","M","R","$","R","T","?","?","?","R","$","R","B",null,"M","M","$","M","M","R","M","R","T","R","M","R","M"],"character_chosen":"THE_SILENT","items_purchased":["Well Laid Plans","Deadly Poison"],"campfire_rested":2,"item_purchase_floors":[7,14],"current_hp_per_floor":[70,70,70,70,70,70,70,70,70,70,70,70,70,70,70,70,70,64,64,64,55,55,55,35,35,35,56,45,66,66],"gold":201,"neow_bonus":"UPGRADE_CARD","is_prod":false,"is_daily":false,"chose_seed":false,"campfire_upgraded":6,"win_rate":0,"timestamp":1552375527,"path_taken":["M","?","M","$","?","R","?","R","T","?","?","?","R","$","R","BOSS","M","?","$","M","M","R","M","R","T","R","M","R","M"],"build_version":"2019-01-23","purchased_purges":2,"victory":false,"max_hp_per_floor":[70,70,70,70,70,70,70,70,70,70,70,70,70,70,70,70,70,70,70,70,70,70,70,70,70,70,70,70,70,70],"card_choices":[{"not_picked":["Masterful Stab","Choke","Bane"],"picked":"SKIP","floor":1.0},{"not_picked":["Cloak And Dagger","Endless Agony"],"picked":"Backflip","floor":3.0},{"not_picked":["Blade Dance","Acrobatics"],"picked":"Flying Knee","floor":5.0},{"not_picked":["Bullet Time","Phantasmal Killer"],"picked":"Die Die Die","floor":16.0},{"not_picked":["Outmaneuver","Expertise+1"],"picked":"PiercingWail","floor":18.0},{"not_picked":["Flying Knee","Expertise+1"],"picked":"Backflip+1","floor":19.0},{"not_picked":["PiercingWail+1","Blur","Caltrops"],"picked":"SKIP","floor":21.0},{"not_picked":["Slice","Flechettes","Tools of the Trade"],"picked":"SKIP","floor":22},{"not_picked":["Slice","Flechettes","Tools of the Trade"],"picked":"SKIP","floor":22},{"not_picked":["Deflect","Underhanded Strike","Accuracy"],"picked":"SKIP","floor":24},{"not_picked":["Accuracy","Deadly Poison","Underhanded Strike+1"],"picked":"SKIP","floor":28}],"player_experience":400346,"relics_obtained":[{"floor":9.0,"key":"Paper Crane"},{"floor":26,"key":"Lantern"}],"event_choices":[{"damage_healed":0.0,"max_hp_gain":0.0,"max_hp_loss":0.0,"gold_gain":0.0,"event_name":"Accursed Blacksmith","player_choice":"Forge","floor":2.0,"gold_loss":0.0,"damage_taken":0.0,"cards_upgraded":["Survivor"]},{"damage_healed":0.0,"max_hp_gain":0.0,"max_hp_loss":0.0,"gold_gain":0.0,"event_name":"The Cleric","player_choice":"Leave","floor":10.0,"gold_loss":0.0,"damage_taken":0.0},{"cards_removed":["Defend_G"],"damage_healed":0.0,"max_hp_gain":0.0,"max_hp_loss":0.0,"gold_gain":0.0,"event_name":"Living Wall","player_choice":"Forget","floor":11.0,"gold_loss":0.0,"damage_taken":0.0},{"damage_healed":0.0,"max_hp_gain":0.0,"max_hp_loss":0.0,"gold_gain":100.0,"event_name":"Golden Shrine","player_choice":"Pray","floor":12.0,"gold_loss":0.0,"damage_taken":0.0}],"is_beta":false,"boss_relics":[{"not_picked":["Snecko Eye","Busted Crown"],"picked":"Lizard Tail"}],"items_purged_floors":[4,20],"is_endless":false,"potions_floor_spawned":[1,18,19,24],"killed_by":"3 Cultists","ascension_level":4}