{"gold_per_floor":[111,131,131,131,10,42,102,102,402,24,24,24,24,39,39,144,144,158,158,158,7,21,21,21,54,54,54],"floor_reached":27,"playtime":1826,"items_purged":[],"score":225,"play_id":"8e6356c6-04c8-408e-9a42-d0f9146f7f54","local_time":"20190310210937","is_ascension_mode":false,"campfire_choices":[{"floor":8,"key":"REST"},{"floor":13,"key":"REST"},{"floor":15,"key":"REST"},{"data":"Anger","floor":23,"key":"SMITH"}],"neow_cost":"NONE","seed_source_timestamp":23816045996000,"circlet_count":0,"master_deck":["Strike_R","Strike_R","Strike_R","Strike_R","Defend_R","Defend_R","Defend_R","Defend_R","Bash","Offering","Flex","Thunderclap","Armaments","Flash of Steel","Demon Form+1","Headbutt","Anger+1","Shrug It Off","Secret Technique","Heavy Blade+1","Corruption+1","Cleave","Reaper","Anger","Flex","Feel No Pain+1","Cleave","Armaments+1","Heavy Blade"],"relics":["Burning Blood","WingedGreaves","Frozen Egg 2","Unceasing Top","Old Coin","Vajra","Black Star","MutagenicStrength","Pen Nib","Gremlin Horn","Sundial"],"potions_floor_usage":[16,27],"damage_taken":[{"damage":7,"enemies":"Cultist","floor":1,"turns":3},{"damage":8,"enemies":"2 Louse","floor":2,"turns":2},{"damage":50,"enemies":"Lagavulin","floor":6,"turns":6},{"damage":32,"enemies":"Gremlin Nob","floor":7,"turns":4},{"damage":11,"enemies":"Jaw Worm","floor":14,"turns":3},{"damage":58,"enemies":"Slime Boss","floor":16,"turns":7},{"damage":24,"enemies":"Shell Parasite","floor":18,"turns":6},{"damage":22,"enemies":"3 Byrds","floor":22,"turns":4},{"damage":77,"enemies":"Gremlin Leader","floor":25,"turns":7},{"damage":13,"enemies":"Snecko","floor":27,"turns":3}],"seed_played":"1620182952612886851","potions_obtained":[{"floor":7,"key":"Dexterity Potion"},{"floor":14,"key":"BloodPotion"},{"floor":16,"key":"Block Potion"},{"floor":25,"key":"EssenceOfSteel"}],"is_trial":false,"path_per_floor":["M","M","?","T","$","E","?","R","T","$","?","?","R","M","R","B",null,"M","?","?","$","M","R","$","E","T","M"],"character_chosen":"IRONCLAD","items_purchased":["Armaments","Flash of Steel","Anger","Shrug It Off","Secret Technique","Heavy Blade","Corruption+1","Flex","Feel No Pain+1","Cleave"],"campfire_rested":3,"item_purchase_floors":[5,5,10,10,10,10,10,21,21,21],"current_hp_per_floor":[79,77,77,77,77,33,7,31,31,31,31,13,37,32,56,12,80,62,62,62,62,71,71,71,9,9,0],"gold":54,"neow_bonus":"TRANSFORM_CARD","is_prod":false,"is_daily":false,"chose_seed":false,"campfire_upgraded":1,"win_rate":0.0,"timestamp":1552277377,"path_taken":["M","?","?","?","$","E","?","R","T","$","?","?","R","M","R","BOSS","M","?","?","$","M","R","$","E","T","?"],"build_version":"2019-01-23","purchased_purges":0,"victory":false,"max_hp_per_floor":[80,80,80,80,80,80,80,80,80,80,80,80,80,80,80,80,80,80,80,80,80,80,80,80,80,80,80],"card_choices":[{"not_picked":["Cleave","Carnage"],"picked":"Flex","floor":1},{"not_picked":["Clothesline","Body Slam"],"picked":"Thunderclap","floor":2},{"not_picked":["Bloodletting","Thunderclap"],"picked":"Demon Form","floor":6},{"not_picked":["Pummel","Twin Strike"],"picked":"Headbutt","floor":7},{"not_picked":["Sword Boomerang","Headbutt"],"picked":"Cleave","floor":14},{"not_picked":["Dark Embrace+1","Brutality+1"],"picked":"Reaper","floor":16},{"not_picked":["Sever Soul","Cleave"],"picked":"Anger","floor":18},{"not_picked":["Sword Boomerang","Ghostly Armor+1"],"picked":"Armaments+1","floor":22},{"not_picked":["Carnage","Offering"],"picked":"Heavy Blade","floor":25}],"player_experience":6548,"relics_obtained":[{"floor":4,"key":"WingedGreaves"},{"floor":6,"key":"Frozen Egg 2"},{"floor":7,"key":"Unceasing Top"},{"floor":9,"key":"Old Coin"},{"floor":25,"key":"Pen Nib"},{"floor":25,"key":"Gremlin Horn"},{"floor":26,"key":"Sundial"}],"event_choices":[{"damage_healed":0,"gold_gain":0,"player_choice":"Leave","damage_taken":0,"max_hp_gain":0,"max_hp_loss":0,"event_name":"The Cleric","floor":3,"gold_loss":0},{"damage_healed":0,"gold_gain":0,"player_choice":"Searched \u00271\u0027 times","damage_taken":0,"max_hp_gain":0,"max_hp_loss":0,"event_name":"Dead Adventurer","floor":7,"gold_loss":0},{"damage_healed":0,"gold_gain":0,"player_choice":"Ignored","damage_taken":0,"max_hp_gain":0,"max_hp_loss":0,"event_name":"Liars Game","floor":11,"gold_loss":0},{"damage_healed":0,"gold_gain":0,"player_choice":"Success","damage_taken":18,"relics_obtained":["Vajra"],"max_hp_gain":0,"max_hp_loss":0,"event_name":"Scrap Ooze","floor":12,"gold_loss":0},{"damage_healed":0,"gold_gain":0,"player_choice":"Inject Mutagens","damage_taken":0,"relics_obtained":["MutagenicStrength"],"max_hp_gain":0,"max_hp_loss":0,"event_name":"Drug Dealer","floor":19,"gold_loss":0},{"damage_healed":0,"gold_gain":0,"player_choice":"Upgraded","damage_taken":0,"max_hp_gain":0,"max_hp_loss":0,"event_name":"Upgrade Shrine","floor":20,"gold_loss":0,"cards_upgraded":["Heavy Blade"]}],"is_beta":false,"boss_relics":[{"not_picked":["White Beast Statue","Runic Cube"],"picked":"Black Star"}],"items_purged_floors":[],"is_endless":false,"potions_floor_spawned":[7,14,16,25],"killed_by":"Snecko","ascension_level":0}