{"gold_per_floor":[113,124,124,141,42,73,73,73,73,86,104,104,115,125,125,125],"floor_reached":16,"playtime":931,"items_purged":[],"score":104,"play_id":"e4811521-1baa-4dcc-98e0-80491c8a4e1c","local_time":"20190309004129","is_ascension_mode":false,"campfire_choices":[{"floor":12,"key":"DIG"},{"floor":15,"key":"DIG"}],"neow_cost":"NONE","seed_source_timestamp":677630712322048,"circlet_count":0,"master_deck":["Strike_R","Strike_R","Strike_R","Strike_R","Strike_R","Defend_R","Defend_R","Defend_R","Defend_R","Bash","Armaments","Flex+1","Armaments+1","Flex","Shockwave","Dropkick"],"relics":["Burning Blood","Shovel","Mummified Hand","The Courier","Omamori"],"potions_floor_usage":[6,6,16,16],"damage_taken":[{"damage":0,"enemies":"2 Louse","floor":1,"turns":3},{"damage":0,"enemies":"Small Slimes","floor":2,"turns":3},{"damage":5,"enemies":"Cultist","floor":4,"turns":4},{"damage":26,"enemies":"3 Sentries","floor":6,"turns":9},{"damage":22,"enemies":"Exordium Wildlife","floor":10,"turns":4},{"damage":19,"enemies":"Exordium Thugs","floor":11,"turns":6},{"damage":14,"enemies":"Gremlin Gang","floor":13,"turns":7},{"damage":20,"enemies":"Exordium Wildlife","floor":14,"turns":7},{"damage":39,"enemies":"Hexaghost","floor":16,"turns":13}],"seed_played":"964822388233268792","potions_obtained":[{"floor":1,"key":"Strength Potion"},{"floor":2,"key":"Explosive Potion"},{"floor":13,"key":"Regen Potion"},{"floor":14,"key":"Block Potion"}],"is_trial":false,"path_per_floor":["M","M","?","M","$","E","?","?","T","M","M","R","M","M","R","B"],"character_chosen":"IRONCLAD","items_purchased":["Flex","Armaments"],"campfire_rested":0,"item_purchase_floors":[5,5],"current_hp_per_floor":[88,88,93,93,93,73,73,73,73,57,44,44,36,22,22,0],"gold":125,"neow_bonus":"TEN_PERCENT_HP_BONUS","is_prod":false,"is_daily":false,"chose_seed":false,"campfire_upgraded":0,"win_rate":0,"timestamp":1552110089,"path_taken":["M","M","?","M","$","E","?","?","T","M","M","R","?","M","R","BOSS"],"build_version":"2019-01-23","purchased_purges":0,"victory":false,"max_hp_per_floor":[88,88,93,93,93,93,93,93,93,93,93,93,93,93,93,93],"card_choices":[{"not_picked":["True Grit","Carnage"],"picked":"Armaments","floor":1},{"not_picked":["Twin Strike","Rage","Intimidate"],"picked":"SKIP","floor":2},{"not_picked":["Havoc","Wild Strike","Power Through"],"picked":"SKIP","floor":4},{"not_picked":["Iron Wave","Power Through"],"picked":"Flex","floor":6},{"not_picked":["Pommel Strike","Havoc"],"picked":"Shockwave","floor":10},{"not_picked":["True Grit","Anger","Clothesline"],"picked":"SKIP","floor":11},{"not_picked":["Offering","Havoc"],"picked":"Dropkick","floor":13},{"not_picked":["Pommel Strike","Clothesline","Sentinel"],"picked":"SKIP","floor":14}],"player_experience":1160442,"relics_obtained":[{"floor":6,"key":"Shovel"},{"floor":9,"key":"Mummified Hand"},{"floor":12,"key":"The Courier"},{"floor":15,"key":"Omamori"}],"event_choices":[{"damage_healed":0,"gold_gain":0,"player_choice":"Donut","damage_taken":0,"max_hp_gain":5,"max_hp_loss":0,"event_name":"Big Fish","floor":3,"gold_loss":0},{"damage_healed":0,"gold_gain":0,"player_choice":"Grow","damage_taken":0,"max_hp_gain":0,"max_hp_loss":0,"event_name":"Living Wall","floor":7,"gold_loss":0,"cards_upgraded":["Armaments"]},{"damage_healed":0,"gold_gain":0,"player_choice":"Upgraded","damage_taken":0,"max_hp_gain":0,"max_hp_loss":0,"event_name":"Upgrade Shrine","floor":8,"gold_loss":0,"cards_upgraded":["Flex"]}],"is_beta":false,"boss_relics":[],"items_purged_floors":[],"is_endless":false,"potions_floor_spawned":[1,2,13,14],"killed_by":"Hexaghost","ascension_level":0}