{"gold_per_floor":[112,287,107,182,202,233,233,244,324,343,362,49,49,49,49,145,145,161,175,19,19,19,19,19,19,19,19,118,118,143,143,143,239,239,257,257,357,68,290,290,142,142,166,193,193,211,211,226,226,226,226,226,79,114,114],"floor_reached":55,"playtime":1602,"items_purged":["Doubt","Strike_R"],"score":780,"play_id":"0ae6d839-da04-48c9-bd86-25cc3e952d49","local_time":"20190311012326","is_ascension_mode":false,"campfire_choices":[{"floor":7,"key":"RECALL"},{"data":"Searing Blow","floor":13,"key":"SMITH"},{"data":"Searing Blow+2","floor":15,"key":"SMITH"},{"data":"Searing Blow+3","floor":25,"key":"SMITH"},{"data":"Searing Blow+4","floor":27,"key":"SMITH"},{"data":"Searing Blow+5","floor":29,"key":"SMITH"},{"floor":32,"key":"REST"},{"data":"Searing Blow+6","floor":40,"key":"SMITH"},{"data":"Searing Blow+7","floor":42,"key":"SMITH"},{"data":"Searing Blow+8","floor":45,"key":"SMITH"},{"data":"Searing Blow+9","floor":49,"key":"SMITH"},{"data":"Searing Blow+10","floor":52,"key":"SMITH"}],"neow_cost":"NONE","seed_source_timestamp":848671154737408,"circlet_count":0,"master_deck":["Strike_R","Defend_R","Defend_R","Defend_R","Defend_R","Bash","Whirlwind","Inflame","Heavy Blade","Battle Trance","Spot Weakness","Searing Blow+11","True Grit","Shrug It Off","Reaper","Fiend Fire+1","Offering+1","Armaments+1","Limit Break","Dual Wield","Limit Break","Madness","Madness","Mayhem","Flame Barrier","Hemokinesis","Offering"],"relics":["Burning Blood","NeowsBlessing","Ancient Tea Set","Mercury Hourglass","Singing Bowl","Astrolabe","Red Mask","Letter Opener","Sozu","Prayer Wheel","Blood Vial","Pen Nib","Dream Catcher","Anchor"],"potions_floor_usage":[33,33,54],"damage_taken":[{"damage":0,"enemies":"Jaw Worm","floor":1,"turns":1},{"damage":0,"enemies":"Small Slimes","floor":5,"turns":1},{"damage":0,"enemies":"3 Sentries","floor":6,"turns":2},{"damage":1,"enemies":"Cultist","floor":8,"turns":3},{"damage":12,"enemies":"2 Fungi Beasts","floor":10,"turns":3},{"damage":12,"enemies":"Blue Slaver","floor":11,"turns":4},{"damage":0,"enemies":"Slime Boss","floor":16,"turns":4},{"damage":36,"enemies":"2 Thieves","floor":18,"turns":3},{"damage":24,"enemies":"Shell Parasite","floor":19,"turns":3},{"damage":40,"enemies":"Masked Bandits","floor":30,"turns":4},{"damage":73,"enemies":"Automaton","floor":33,"turns":7},{"damage":6,"enemies":"Orb Walker","floor":35,"turns":2},{"damage":0,"enemies":"Mind Bloom Boss Battle","floor":37,"turns":3},{"damage":13,"enemies":"3 Shapes","floor":46,"turns":2},{"damage":6,"enemies":"Spire Growth","floor":48,"turns":2},{"damage":73,"enemies":"Time Eater","floor":50,"turns":8},{"damage":71,"enemies":"Shield and Spear","floor":54,"turns":6},{"damage":7,"enemies":"The Heart","floor":55,"turns":2}],"seed_played":"-5162719872428720957","potions_obtained":[{"floor":6,"key":"BloodPotion"},{"floor":8,"key":"FearPotion"},{"floor":10,"key":"Regen Potion"},{"floor":33,"key":"Energy Potion"}],"is_trial":false,"path_per_floor":["M","?","$","?","M","E","R","M","T","M","M","$","R","?","R","B",null,"M","M","$","?","?","$","?","R","T","R","?","R","?","T","R","B",null,"M","?","?","$","?","R","$","R","T","T","R","M","?","M","R","B",null,"R","$","E","B"],"character_chosen":"IRONCLAD","items_purchased":["Inflame","Heavy Blade","Shrug It Off","Singing Bowl","Limit Break","Mayhem","Blood Vial","Offering"],"campfire_rested":1,"item_purchase_floors":[3,3,12,12,20,38,41,53],"current_hp_per_floor":[80,80,80,69,75,80,80,80,80,74,68,68,68,68,68,74,80,64,50,50,50,50,50,50,50,50,50,50,50,36,36,61,14,84,86,75,83,83,83,83,83,83,83,83,83,80,80,86,86,21,94,94,94,40,35],"gold":114,"neow_bonus":"THREE_ENEMY_KILL","is_prod":false,"is_daily":false,"chose_seed":false,"campfire_upgraded":10,"win_rate":0,"timestamp":1552281806,"path_taken":["M","?","$","?","M","E","R","M","T","M","M","$","R","?","R","BOSS","M","M","$","?","?","$","?","R","T","R","?","R","?","?","R","BOSS","M","?","?","$","?","R","$","R","T","?","R","?","?","M","R","BOSS","R","$","E","BOSS"],"build_version":"2019-01-23","purchased_purges":2,"victory":false,"max_hp_per_floor":[80,80,80,80,80,80,80,80,80,80,80,80,80,80,80,80,80,80,82,82,82,82,82,82,82,82,82,82,82,84,84,84,84,84,86,86,88,88,88,88,88,88,88,88,88,90,90,94,94,94,94,94,94,96,96],"card_choices":[{"not_picked":["Flex","Havoc"],"picked":"Whirlwind","floor":1},{"not_picked":["Bloodletting","Feel No Pain"],"picked":"Battle Trance","floor":5},{"not_picked":["Sentinel","Body Slam"],"picked":"Spot Weakness","floor":6},{"not_picked":["Anger","Cleave"],"picked":"Searing Blow","floor":8},{"not_picked":["Fire Breathing","Sentinel"],"picked":"True Grit","floor":10},{"not_picked":["Rupture","Havoc","Infernal Blade"],"picked":"SKIP","floor":11},{"not_picked":["Brutality","Barricade"],"picked":"Reaper","floor":16},{"not_picked":["Cleave+1","Clash"],"picked":"Armaments+1","floor":18},{"not_picked":["Cleave","Clothesline","Perfected Strike"],"picked":"Singing Bowl","floor":19},{"not_picked":["True Grit","Thunderclap+1","Spot Weakness+1"],"picked":"Singing Bowl","floor":30},{"not_picked":["Dark Embrace","Reaper"],"picked":"Limit Break","floor":33},{"not_picked":["Wild Strike+1","Second Wind","Headbutt+1"],"picked":"Singing Bowl","floor":35},{"not_picked":["Havoc+1","Dropkick","Thunderclap+1"],"picked":"Singing Bowl","floor":37},{"not_picked":["Clothesline","Burning Pact+1","Wild Strike"],"picked":"Singing Bowl","floor":46},{"not_picked":["Twin Strike+1","True Grit"],"picked":"Flame Barrier","floor":46},{"not_picked":["Spot Weakness","Twin Strike","Thunderclap+1"],"picked":"Singing Bowl","floor":48},{"not_picked":["Fire Breathing","True Grit+1","Clash"],"picked":"Singing Bowl","floor":48},{"not_picked":["Combust+1","Barricade","Twin Strike"],"picked":"Singing Bowl","floor":54}],"player_experience":1209993,"relics_obtained":[{"floor":6,"key":"Ancient Tea Set"},{"floor":9,"key":"Mercury Hourglass"},{"floor":30,"key":"Red Mask"},{"floor":31,"key":"Letter Opener"},{"floor":37,"key":"Prayer Wheel"},{"floor":43,"key":"Pen Nib"},{"floor":44,"key":"Dream Catcher"},{"floor":54,"key":"Anchor"}],"event_choices":[{"damage_healed":0,"gold_gain":175,"player_choice":"AGREE","damage_taken":0,"max_hp_gain":0,"max_hp_loss":0,"event_name":"Liars Game","floor":2,"gold_loss":0,"cards_obtained":["Doubt"]},{"damage_healed":0,"gold_gain":75,"player_choice":"Gather Gold","damage_taken":11,"max_hp_gain":0,"max_hp_loss":0,"event_name":"World of Goop","floor":4,"gold_loss":0},{"damage_healed":0,"gold_gain":0,"player_choice":"Upgraded","damage_taken":0,"max_hp_gain":0,"max_hp_loss":0,"event_name":"Upgrade Shrine","floor":14,"gold_loss":0,"cards_upgraded":["Searing Blow"]},{"damage_healed":0,"gold_gain":0,"player_choice":"Ignored","damage_taken":0,"max_hp_gain":0,"max_hp_loss":0,"event_name":"The Mausoleum","floor":21,"gold_loss":0},{"damage_healed":0,"gold_gain":0,"player_choice":"Read","damage_taken":0,"max_hp_gain":0,"max_hp_loss":0,"event_name":"The Library","floor":24,"gold_loss":0,"cards_obtained":["Dual Wield"]},{"damage_healed":0,"gold_gain":99,"player_choice":"Stole From Cult","damage_taken":0,"max_hp_gain":0,"max_hp_loss":0,"event_name":"Nest","floor":28,"gold_loss":0},{"damage_healed":0,"gold_gain":0,"player_choice":"Fought Bandits","damage_taken":0,"max_hp_gain":0,"max_hp_loss":0,"event_name":"Masked Bandits","floor":30,"gold_loss":0},{"damage_healed":0,"gold_gain":0,"player_choice":"Embrace Madness","damage_taken":11,"max_hp_gain":0,"max_hp_loss":0,"event_name":"Winding Halls","floor":36,"gold_loss":0,"cards_obtained":["Madness","Madness"]},{"damage_healed":0,"gold_gain":0,"player_choice":"Fight","damage_taken":0,"max_hp_gain":0,"max_hp_loss":0,"event_name":"MindBloom","floor":37,"gold_loss":0},{"damage_healed":0,"gold_gain":222,"player_choice":"Wore Mask","damage_taken":0,"max_hp_gain":0,"max_hp_loss":0,"event_name":"Tomb of Lord Red Mask","floor":39,"gold_loss":0},{"damage_healed":0,"gold_gain":0,"cards_transformed":["Exhume"],"player_choice":"Transformed","damage_taken":0,"max_hp_gain":0,"max_hp_loss":0,"event_name":"Transmorgrifier","floor":47,"gold_loss":0,"cards_obtained":["Hemokinesis"]}],"is_beta":false,"boss_relics":[{"not_picked":["Runic Pyramid","Black Blood"],"picked":"Astrolabe"},{"not_picked":["Pandora\u0027s Box","Coffee Dripper"],"picked":"Sozu"}],"items_purged_floors":[3,38],"is_endless":false,"potions_floor_spawned":[6,8,10,16,18,33,46,54],"killed_by":"The Heart","ascension_level":0}