{"gold_per_floor":[115,128,128,143,20,55,73,93,93,126,126,158,158,172,172,248,248,260,277,4,4,20,53,53,63,63,63,92,92,92,126,126,204,204,221,221,233,133,152,152,181,281,281,281,281,581,430,455,455,455,455,455,32,67,67],"floor_reached":55,"playtime":2390,"items_purged":["Strike_R","Strike_R","Writhe","Strike_R"],"score":1389,"play_id":"f2b7de89-fc5b-4db8-b0c7-c7b220ac802e","local_time":"20190308234851","is_ascension_mode":true,"campfire_choices":[{"data":"Inflame","floor":11.0,"key":"SMITH"},{"floor":15,"key":"REST"},{"data":"Whirlwind","floor":24,"key":"SMITH"},{"data":"Uppercut","floor":27,"key":"SMITH"},{"floor":29,"key":"REST"},{"floor":32,"key":"REST"},{"floor":40,"key":"RECALL"},{"data":"Demon Form","floor":44,"key":"SMITH"},{"floor":49,"key":"REST"},{"floor":52,"key":"REST"}],"neow_cost":"PERCENT_DAMAGE","seed_source_timestamp":1678728896995517,"circlet_count":0,"master_deck":["AscendersBane","Defend_R","Defend_R","Defend_R","Defend_R","Bash","Feed","Twin Strike","Shrug It Off","Inflame+1","Disarm","Shrug It Off","Power Through","Uppercut+1","Feed","Flame Barrier","Whirlwind+1","Demon Form+1","Havoc","Power Through","Shrug It Off","Burning Pact","Power Through+1"],"special_seed":0,"relics":["Burning Blood","Singing Bowl","Anchor","Regal Pillow","Question Card","Runic Dome","Medical Kit","Pear","Lantern","Turnip","Pocketwatch","Cursed Key","Oddly Smooth Stone","Bird Faced Urn","Dream Catcher","Bag of Preparation","Ornamental Fan"],"potions_floor_usage":[16,16,19,23,31,33,41,41,55,55],"damage_taken":[{"damage":7.0,"enemies":"Jaw Worm","floor":1.0,"turns":3.0},{"damage":1.0,"enemies":"2 Louse","floor":2.0,"turns":4.0},{"damage":1.0,"enemies":"Cultist","floor":4.0,"turns":4.0},{"damage":44.0,"enemies":"3 Sentries","floor":6.0,"turns":16.0},{"damage":1.0,"enemies":"Exordium Wildlife","floor":7.0,"turns":3.0},{"damage":9.0,"enemies":"Looter","floor":8.0,"turns":5.0},{"damage":20.0,"enemies":"Gremlin Nob","floor":10.0,"turns":4.0},{"damage":30,"enemies":"3 Sentries","floor":12,"turns":8},{"damage":5,"enemies":"Gremlin Gang","floor":14,"turns":6},{"damage":47,"enemies":"Slime Boss","floor":16,"turns":14},{"damage":10,"enemies":"Shell Parasite","floor":18,"turns":5},{"damage":19,"enemies":"Spheric Guardian","floor":19,"turns":5},{"damage":14,"enemies":"Snecko","floor":22,"turns":10},{"damage":31,"enemies":"Slavers","floor":23,"turns":11},{"damage":8,"enemies":"Shelled Parasite and Fungi","floor":25,"turns":9},{"damage":49,"enemies":"Gremlin Leader","floor":28,"turns":9},{"damage":17,"enemies":"Slavers","floor":31,"turns":3},{"damage":123,"enemies":"Automaton","floor":33,"turns":16},{"damage":3,"enemies":"Orb Walker","floor":35,"turns":3},{"damage":0,"enemies":"3 Shapes","floor":37,"turns":5},{"damage":13,"enemies":"Transient","floor":39,"turns":5},{"damage":51,"enemies":"Reptomancer","floor":41,"turns":7},{"damage":0,"enemies":"Mind Bloom Boss Battle","floor":42,"turns":9},{"damage":38,"enemies":"Giant Head","floor":48,"turns":9},{"damage":123,"enemies":"Donu and Deca","floor":50,"turns":14},{"damage":137,"enemies":"Shield and Spear","floor":54,"turns":14},{"damage":81,"enemies":"The Heart","floor":55,"turns":9}],"seed_played":"3839227231978286090","potions_obtained":[{"floor":6.0,"key":"Fire Potion"},{"floor":7.0,"key":"Poison Potion"},{"floor":12,"key":"Swift Potion"},{"floor":14,"key":"Regen Potion"},{"floor":16,"key":"Energy Potion"},{"floor":19,"key":"AttackPotion"},{"floor":25,"key":"Strength Potion"},{"floor":28,"key":"Regen Potion"},{"floor":31,"key":"Fire Potion"},{"floor":37,"key":"SteroidPotion"},{"floor":42,"key":"SteroidPotion"},{"floor":48,"key":"Energy Potion"}],"is_trial":false,"path_per_floor":["M","M","?","M","$","E","M","M","T","E","R","E","?","M","R","B",null,"M","M","$","?","M","E","R","M","T","R","E","R","$","E","R","B",null,"M","?","M","$","M","R","E","?","T","R","?","?","$","E","R","B",null,"R","$","E","B"],"character_chosen":"IRONCLAD","items_purchased":["Shrug It Off","Medical Kit","Flame Barrier","Shrug It Off","Dexterity Potion","Bag of Preparation","Ancient Potion"],"campfire_rested":5,"item_purchase_floors":[5,20,20,47,53,53,53],"current_hp_per_floor":[52,60,60,68,68,33,41,43,43,31,31,10,10,14,59,33,86,87,79,79,79,76,67,67,73,73,73,35,94,94,91,152,53,132,140,140,154,154,149,149,109,118,118,118,118,118,118,90,159,52,153,189,189,62,0],"gold":67,"neow_bonus":"THREE_RARE_CARDS","is_prod":false,"is_daily":false,"chose_seed":false,"campfire_upgraded":4,"win_rate":0,"timestamp":1552106931,"path_taken":["M","M","?","M","$","E","M","M","T","E","R","E","?","M","R","BOSS","M","?","$","?","M","E","R","M","T","R","E","R","$","E","R","BOSS","M","?","?","$","M","R","E","?","T","R","?","?","$","E","R","BOSS","R","$","E","BOSS"],"build_version":"2019-02-06","purchased_purges":4,"victory":false,"max_hp_per_floor":[78,81,81,84,84,87,90,95,95,97,97,100,100,103,103,103,103,108,113,113,113,118,134,134,142,142,142,147,147,147,155,155,158,158,163,163,171,171,173,173,178,181,181,181,181,181,181,181,181,187,187,189,189,191,191],"card_choices":[{"not_picked":["Limit Break","Bludgeon"],"picked":"Feed","floor":0.0},{"not_picked":["Perfected Strike","Warcry","Flex"],"picked":"SKIP","floor":1.0},{"not_picked":["True Grit","Burning Pact","Ghostly Armor"],"picked":"SKIP","floor":2.0},{"not_picked":["Warcry","Rampage"],"picked":"Twin Strike","floor":4.0},{"not_picked":["Hemokinesis","Metallicize"],"picked":"Inflame","floor":6.0},{"not_picked":["Pommel Strike","Feel No Pain"],"picked":"Disarm","floor":7.0},{"not_picked":["Blood for Blood","Disarm","Thunderclap"],"picked":"Singing Bowl","floor":8.0},{"not_picked":["Double Tap","Body Slam","Clash"],"picked":"Singing Bowl","floor":10.0},{"not_picked":["Perfected Strike","Clash"],"picked":"Shrug It Off","floor":12},{"not_picked":["Seeing Red","Iron Wave","Hemokinesis"],"picked":"Uppercut","floor":14},{"not_picked":["Demon Form","Dark Embrace","Brutality"],"picked":"Feed","floor":16},{"not_picked":["Disarm","Iron Wave+1","Warcry","Sentinel"],"picked":"Singing Bowl","floor":18},{"not_picked":["Perfected Strike","Rage","Seeing Red","Clash+1"],"picked":"Singing Bowl","floor":19},{"not_picked":["True Grit","Sword Boomerang","Armaments","Searing Blow"],"picked":"Singing Bowl","floor":22},{"not_picked":["Dark Embrace","Disarm+1","Warcry"],"picked":"Whirlwind","floor":23},{"not_picked":["Thunderclap","Spot Weakness","Armaments","Shrug It Off"],"picked":"Singing Bowl","floor":25},{"not_picked":["Ghostly Armor","Perfected Strike","Clash+1","Exhume"],"picked":"Singing Bowl","floor":28},{"not_picked":["Cleave+1","Heavy Blade","Bludgeon","Body Slam"],"picked":"Singing Bowl","floor":31},{"not_picked":["Juggernaut","Dark Embrace","Impervious"],"picked":"Demon Form","floor":33},{"not_picked":["Pommel Strike+1","Anger","Thunderclap","Clash"],"picked":"Singing Bowl","floor":35},{"not_picked":["Pommel Strike","Heavy Blade","Body Slam","Shrug It Off"],"picked":"Singing Bowl","floor":37},{"not_picked":["Twin Strike+1","Searing Blow","Exhume","Sword Boomerang"],"picked":"Singing Bowl","floor":39},{"not_picked":["Brutality","Wild Strike","True Grit","Corruption+1"],"picked":"Singing Bowl","floor":41},{"not_picked":["Thunderclap","Searing Blow","Infernal Blade+1"],"picked":"Power Through","floor":42},{"not_picked":["Inflame+1","Iron Wave","Cleave"],"picked":"Burning Pact","floor":48},{"not_picked":["Clothesline","Iron Wave","Warcry"],"picked":"Power Through+1","floor":49},{"not_picked":["Havoc","Exhume","Reckless Charge+1","Pummel"],"picked":"Singing Bowl","floor":52},{"not_picked":["Burning Pact","Pommel Strike+1","Havoc","Rupture+1"],"picked":"Singing Bowl","floor":54}],"player_experience":2127936,"relics_obtained":[{"floor":6.0,"key":"Singing Bowl"},{"floor":9.0,"key":"Anchor"},{"floor":10.0,"key":"Regal Pillow"},{"floor":12,"key":"Question Card"},{"floor":23,"key":"Pear"},{"floor":26,"key":"Lantern"},{"floor":28,"key":"Turnip"},{"floor":31,"key":"Pocketwatch"},{"floor":41,"key":"Oddly Smooth Stone"},{"floor":42,"key":"Bird Faced Urn"},{"floor":48,"key":"Dream Catcher"},{"floor":54,"key":"Ornamental Fan"}],"event_choices":[{"damage_healed":0.0,"max_hp_gain":0.0,"max_hp_loss":0.0,"gold_gain":0.0,"event_name":"The Cleric","player_choice":"Leave","floor":3.0,"gold_loss":0.0,"damage_taken":0.0},{"damage_healed":0,"gold_gain":0,"cards_transformed":["Strike_R"],"player_choice":"Transformed","damage_taken":0,"max_hp_gain":0,"max_hp_loss":0,"event_name":"Transmorgrifier","floor":13,"gold_loss":0,"cards_obtained":["Power Through"]},{"damage_healed":0,"gold_gain":0,"cards_transformed":["Strike_R"],"player_choice":"Transformed","damage_taken":0,"max_hp_gain":0,"max_hp_loss":0,"event_name":"Transmorgrifier","floor":36,"gold_loss":0,"cards_obtained":["Havoc"]},{"damage_healed":0,"gold_gain":0,"player_choice":"Fight","damage_taken":0,"max_hp_gain":0,"max_hp_loss":0,"event_name":"MindBloom","floor":42,"gold_loss":0},{"damage_healed":0,"gold_gain":0,"player_choice":"Ignored","damage_taken":0,"max_hp_gain":0,"max_hp_loss":0,"event_name":"Tomb of Lord Red Mask","floor":45,"gold_loss":0},{"damage_healed":0,"gold_gain":300,"player_choice":"Gold","damage_taken":0,"max_hp_gain":0,"max_hp_loss":0,"event_name":"Wheel of Change","floor":46,"gold_loss":0}],"is_beta":true,"boss_relics":[{"not_picked":["Coffee Dripper","Orrery"],"picked":"Runic Dome"},{"not_picked":["Eternal Feather","Philosopher\u0027s Stone"],"picked":"Cursed Key"}],"items_purged_floors":[5,38,47,53],"is_endless":false,"potions_floor_spawned":[6,7,12,14,16,19,25,28,31,37,39,42,48],"killed_by":"The Heart","ascension_level":15}