{"gold_per_floor":[110,185,185,196,208,240,240,260,260,159,185,185,26,46,46,118,118,135,35,35,50,62,62,88,88,112,112,112,128,88,88,88,162,162,175,175,175,192,192],"floor_reached":39,"playtime":1349,"items_purged":["Strike_R","Pain"],"score":764,"play_id":"f10f1cf7-2243-4997-be5b-2d8f362c6fd7","local_time":"20190311003747","is_ascension_mode":true,"campfire_choices":[{"data":"True Grit","floor":7.0,"key":"SMITH"},{"data":"Entrench","floor":12.0,"key":"SMITH"},{"data":"Barricade","floor":15.0,"key":"SMITH"},{"data":"True Grit","floor":23,"key":"SMITH"},{"data":"Body Slam","floor":25,"key":"SMITH"},{"data":"Flame Barrier","floor":28,"key":"SMITH"},{"data":"Entrench","floor":32,"key":"SMITH"}],"neow_cost":"NONE","seed_source_timestamp":1851970700576029,"circlet_count":0,"master_deck":["AscendersBane","Strike_R","Strike_R","Strike_R","Strike_R","Defend_R","Defend_R","Defend_R","Defend_R","Bash+1","Headbutt+1","True Grit+1","Wild Strike","Barricade+1","Entrench+1","Body Slam+1","Evolve","True Grit+1","Shrug It Off","Flame Barrier+1","Feed","Burning Pact","Flame Barrier","Flame Barrier+1","Power Through","Entrench+1","Dark Embrace"],"special_seed":0,"relics":["Burning Blood","WarpedTongs","Whetstone","Letter Opener","Art of War","Runic Dome","Champion Belt","Strawberry","White Beast Statue"],"potions_floor_usage":[22,31,35],"damage_taken":[{"damage":0.0,"enemies":"Small Slimes","floor":1.0,"turns":3.0},{"damage":6.0,"enemies":"Jaw Worm","floor":4.0,"turns":3.0},{"damage":8.0,"enemies":"Cultist","floor":5.0,"turns":3.0},{"damage":26.0,"enemies":"Gremlin Nob","floor":6.0,"turns":5.0},{"damage":10.0,"enemies":"Red Slaver","floor":8.0,"turns":3.0},{"damage":5.0,"enemies":"Exordium Thugs","floor":14.0,"turns":6.0},{"damage":7.0,"enemies":"Hexaghost","floor":16.0,"turns":10.0},{"damage":21.0,"enemies":"2 Thieves","floor":18.0,"turns":5.0},{"damage":0,"enemies":"Spheric Guardian","floor":21,"turns":8},{"damage":17,"enemies":"Centurion and Healer","floor":22,"turns":11},{"damage":8,"enemies":"Gremlin Leader","floor":24,"turns":11},{"damage":0,"enemies":"Cultist and Chosen","floor":29,"turns":7},{"damage":14,"enemies":"Colosseum Slavers","floor":31,"turns":4},{"damage":7,"enemies":"Champ","floor":33,"turns":23},{"damage":44,"enemies":"3 Darklings","floor":35,"turns":7},{"damage":9,"enemies":"3 Shapes","floor":38,"turns":4},{"damage":62,"enemies":"Writhing Mass","floor":39,"turns":4}],"seed_played":"3936369992091658049","potions_obtained":[{"floor":1.0,"key":"Weak Potion"},{"floor":4.0,"key":"Regen Potion"},{"floor":16.0,"key":"AttackPotion"},{"floor":18.0,"key":"Explosive Potion"},{"floor":21,"key":"Weak Potion"},{"floor":29,"key":"SteroidPotion"},{"floor":33,"key":"FearPotion"},{"floor":35,"key":"Dexterity Potion"},{"floor":38,"key":"Fire Potion"}],"is_trial":false,"path_per_floor":["M","?","?","M","M","E","R","M","T","$","T","R","$","M","R","B",null,"M","$","?","M","M","R","E","R","T","$","R","M","$","?","R","B",null,"M","?","?","M","M"],"character_chosen":"IRONCLAD","items_purchased":["Body Slam","Evolve","True Grit","Shrug It Off","Entrench"],"campfire_rested":0,"item_purchase_floors":[10,13,13,13,30],"current_hp_per_floor":[74,63,63,63,61,55,55,51,51,51,51,51,51,52,52,51,69,54,54,54,63,56,56,58,58,65,65,65,74,74,70,70,69,92,57,57,57,57,0],"gold":192,"neow_bonus":"THREE_CARDS","is_prod":false,"is_daily":false,"chose_seed":false,"campfire_upgraded":7,"win_rate":0,"timestamp":1552279067,"path_taken":["M","?","?","M","?","E","R","M","T","?","?","R","$","M","R","BOSS","M","$","?","M","M","R","E","R","T","?","R","M","$","?","R","BOSS","M","?","?","M","M"],"build_version":"2019-02-06","purchased_purges":2,"victory":false,"max_hp_per_floor":[75,75,75,75,75,75,75,75,75,75,75,75,75,75,75,75,75,75,75,75,78,82,82,86,86,93,93,93,96,96,100,100,100,100,103,103,103,106,106],"card_choices":[{"not_picked":["Clash","True Grit"],"picked":"Headbutt","floor":0.0},{"not_picked":["Clash","Perfected Strike","Iron Wave"],"picked":"SKIP","floor":1.0},{"not_picked":["Anger","Second Wind"],"picked":"True Grit","floor":4.0},{"not_picked":["Headbutt","Armaments"],"picked":"Wild Strike","floor":5.0},{"not_picked":["Blood for Blood","Flex"],"picked":"Barricade","floor":6.0},{"not_picked":["Uppercut","Clash"],"picked":"Entrench","floor":8.0},{"not_picked":["Twin Strike","True Grit"],"picked":"Flame Barrier","floor":14.0},{"not_picked":["Bludgeon","Exhume"],"picked":"Feed","floor":16.0},{"not_picked":["Havoc+1","Clash","Inflame"],"picked":"SKIP","floor":18.0},{"not_picked":["Thunderclap","Havoc"],"picked":"Flame Barrier","floor":21},{"not_picked":["Uppercut","Thunderclap"],"picked":"Flame Barrier+1","floor":22},{"not_picked":["Sever Soul","Bloodletting+1","Warcry"],"picked":"SKIP","floor":24},{"not_picked":["Pommel Strike","Havoc"],"picked":"Power Through","floor":29},{"not_picked":["Double Tap","Demon Form"],"picked":"Dark Embrace","floor":33},{"not_picked":["Shrug It Off","Dual Wield+1","Flex"],"picked":"SKIP","floor":35},{"not_picked":["Wild Strike+1","Pommel Strike+1","Metallicize"],"picked":"SKIP","floor":38}],"player_experience":2150335,"relics_obtained":[{"floor":6.0,"key":"Whetstone"},{"floor":9.0,"key":"Letter Opener"},{"floor":11.0,"key":"Art of War"},{"floor":24,"key":"Champion Belt"},{"floor":26,"key":"Strawberry"}],"event_choices":[{"damage_healed":0.0,"max_hp_gain":0.0,"max_hp_loss":0.0,"gold_gain":75.0,"event_name":"World of Goop","player_choice":"Gather Gold","floor":2.0,"gold_loss":0.0,"damage_taken":11.0},{"damage_healed":0.0,"max_hp_gain":0.0,"max_hp_loss":0.0,"gold_gain":0.0,"event_name":"Accursed Blacksmith","player_choice":"Rummage","floor":3.0,"gold_loss":0.0,"damage_taken":0.0,"relics_obtained":["WarpedTongs"],"cards_obtained":["Pain"]},{"damage_healed":0,"gold_gain":0,"player_choice":"1 cards matched","damage_taken":0,"max_hp_gain":0,"max_hp_loss":0,"event_name":"Match and Keep!","floor":20,"gold_loss":0,"cards_obtained":["Burning Pact"]},{"damage_healed":0,"gold_gain":0,"player_choice":"Fight","damage_taken":0,"max_hp_gain":0,"max_hp_loss":0,"event_name":"Colosseum","floor":31,"gold_loss":0},{"damage_healed":0,"gold_gain":0,"player_choice":"Fled From Nobs","damage_taken":0,"max_hp_gain":0,"max_hp_loss":0,"event_name":"Colosseum","floor":31,"gold_loss":0},{"damage_healed":0,"gold_gain":0,"player_choice":"Ignored","damage_taken":0,"max_hp_gain":0,"max_hp_loss":0,"event_name":"Tomb of Lord Red Mask","floor":36,"gold_loss":0},{"damage_healed":0,"gold_gain":0,"player_choice":"Ignored","damage_taken":0,"max_hp_gain":0,"max_hp_loss":0,"event_name":"Mysterious Sphere","floor":37,"gold_loss":0}],"is_beta":true,"boss_relics":[{"not_picked":["Astrolabe","Black Star"],"picked":"Runic Dome"},{"not_picked":["Lizard Tail","Tiny House"],"picked":"White Beast Statue"}],"items_purged_floors":[10,19],"is_endless":false,"potions_floor_spawned":[1,4,16,18,21,29,33,35,38],"killed_by":"Writhing Mass","ascension_level":15}