{"gold_per_floor":[218,67,67,67,85,85,117,117,117,117,117,144,144,159,159,238,238,249,6,6,17,37,37,72,72,72,85,85,118,149,174,186,275,287,312,199,199,216,65,65,65,81,81,109,124,136,153,184,184,184,184,184,34,61,61],"floor_reached":55,"playtime":2030,"items_purged":["Strike_R","Strike_R","Strike_R","Strike_R+1"],"score":1319,"play_id":"2a4b3d3c-52e0-4c48-9b6d-9fc1295c58de","local_time":"20190106181534","is_ascension_mode":true,"campfire_choices":[{"data":"Whirlwind","floor":6.0,"key":"SMITH"},{"data":"Bash","floor":8.0,"key":"SMITH"},{"data":"Disarm","floor":10.0,"key":"SMITH"},{"floor":13.0,"key":"REST"},{"data":"Sword Boomerang","floor":15.0,"key":"SMITH"},{"floor":23.0,"key":"RECALL"},{"floor":28.0,"key":"REST"},{"floor":32.0,"key":"REST"},{"floor":40.0,"key":"REST"},{"floor":49.0,"key":"REST"},{"floor":52.0,"key":"REST"}],"neow_cost":"NONE","seed_source_timestamp":0,"circlet_count":0,"master_deck":["AscendersBane","Defend_R+1","Defend_R","Defend_R","Bash+1","Disarm+1","Whirlwind+1","Twin Strike","Anger","Sword Boomerang+1","Feed+1","Shrug It Off","Shockwave","Spot Weakness+1","Armaments","Offering","Metallicize","Headbutt","Uppercut","Doubt","Shrug It Off","Battle Trance+1","Clothesline","Flex+1","Clothesline+1"],"special_seed":0,"relics":["Burning Blood","Sundial","Letter Opener","Magic Flower","Vajra","Fusion Hammer","Happy Flower","FossilizedHelix","War Paint","Whetstone","MawBank","Cursed Key","Question Card","Pen Nib","Art of War","Toxic Egg 2","Blood Vial"],"potions_floor_usage":[54],"damage_taken":[{"damage":0.0,"enemies":"2 Louse","floor":1.0,"turns":3.0},{"damage":10.0,"enemies":"Jaw Worm","floor":5.0,"turns":5.0},{"damage":20.0,"enemies":"3 Sentries","floor":7.0,"turns":5.0},{"damage":17.0,"enemies":"Gremlin Nob","floor":12.0,"turns":4.0},{"damage":4.0,"enemies":"Small Slimes","floor":14.0,"turns":3.0},{"damage":18.0,"enemies":"Slime Boss","floor":16.0,"turns":7.0},{"damage":28.0,"enemies":"2 Thieves","floor":18.0,"turns":4.0},{"damage":3.0,"enemies":"Spheric Guardian","floor":21.0,"turns":3.0},{"damage":12.0,"enemies":"Snake Plant","floor":22.0,"turns":4.0},{"damage":32.0,"enemies":"Slavers","floor":24.0,"turns":6.0},{"damage":1.0,"enemies":"Cultist and Chosen","floor":27.0,"turns":4.0},{"damage":14.0,"enemies":"Gremlin Leader","floor":29.0,"turns":4.0},{"damage":10.0,"enemies":"Sentry and Sphere","floor":30.0,"turns":4.0},{"damage":0.0,"enemies":"3 Cultists","floor":31.0,"turns":3.0},{"damage":81.0,"enemies":"Collector","floor":33.0,"turns":10.0},{"damage":6.0,"enemies":"Orb Walker","floor":35.0,"turns":2.0},{"damage":10.0,"enemies":"3 Shapes","floor":38.0,"turns":5.0},{"damage":5.0,"enemies":"Transient","floor":42.0,"turns":5.0},{"damage":43.0,"enemies":"Nemesis","floor":44.0,"turns":5.0},{"damage":6.0,"enemies":"Sphere and 2 Shapes","floor":45.0,"turns":4.0},{"damage":18.0,"enemies":"Jaw Worm Horde","floor":46.0,"turns":3.0},{"damage":7.0,"enemies":"Writhing Mass","floor":47.0,"turns":4.0},{"damage":11.0,"enemies":"Giant Head","floor":48.0,"turns":6.0},{"damage":62.0,"enemies":"Time Eater","floor":50.0,"turns":10.0},{"damage":47,"enemies":"Shield and Spear","floor":54,"turns":5},{"damage":110,"enemies":"The Heart","floor":55,"turns":5}],"seed_played":"7911818787587243665","potions_obtained":[{"floor":1.0,"key":"PowerPotion"},{"floor":5.0,"key":"FearPotion"},{"floor":14.0,"key":"Weak Potion"},{"floor":16.0,"key":"BloodPotion"},{"floor":18.0,"key":"Strength Potion"},{"floor":29.0,"key":"SneckoOil"},{"floor":31.0,"key":"FearPotion"},{"floor":35.0,"key":"BloodPotion"},{"floor":44.0,"key":"SmokeBomb"},{"floor":47.0,"key":"PowerPotion"}],"is_trial":false,"path_per_floor":["M","$","?","?","M","R","E","R","T","R","?","E","R","M","R","B",null,"M","$","?","M","M","R","E","T","T","M","R","E","M","M","R","B",null,"M","$","?","M","$","R","?","M","T","E","M","M","M","E","R","B",null,"R","$","E","B"],"character_chosen":"IRONCLAD","items_purchased":["Whirlwind","Happy Flower","Pen Nib"],"campfire_rested":6,"item_purchase_floors":[2,19,39],"current_hp_per_floor":[74,74,48,41,37,37,23,23,23,23,23,15,37,42,42,33,65,51,51,51,62,76,76,58,58,58,66,87,82,87,91,91,25,78,81,81,81,86,86,99,99,99,99,65,74,71,73,71,103,56,97,111,111,73,0],"gold":61,"neow_bonus":"HUNDRED_GOLD","is_prod":false,"is_daily":false,"chose_seed":false,"campfire_upgraded":4,"win_rate":0,"timestamp":1546816534,"path_taken":["M","$","?","?","M","R","E","R","T","R","?","E","R","M","R","BOSS","M","$","?","M","M","R","E","?","T","M","R","E","?","M","R","BOSS","M","$","?","M","?","R","?","?","T","E","M","M","M","E","R","BOSS","R","$","E","BOSS"],"build_version":"2019-01-03v4","purchased_purges":4,"victory":false,"max_hp_per_floor":[75,75,75,75,75,75,75,75,75,75,75,75,75,75,75,75,75,78,78,78,81,84,84,87,87,87,87,87,87,91,91,91,95,95,95,95,95,99,99,99,99,99,99,99,103,107,107,107,107,111,111,111,111,111,111],"card_choices":[{"not_picked":["Sword Boomerang","Heavy Blade"],"picked":"Disarm","floor":1.0},{"not_picked":["Heavy Blade","Cleave"],"picked":"Twin Strike","floor":5.0},{"not_picked":["Sever Soul","Wild Strike"],"picked":"Anger","floor":7.0},{"not_picked":["Wild Strike","Entrench"],"picked":"Sword Boomerang","floor":12.0},{"not_picked":["Perfected Strike","Havoc","Flex"],"picked":"SKIP","floor":14.0},{"not_picked":["Dark Embrace","Brutality"],"picked":"Feed","floor":16.0},{"not_picked":["Whirlwind","Cleave","Carnage"],"picked":"SKIP","floor":18.0},{"not_picked":["Combust","Perfected Strike"],"picked":"Shockwave","floor":21.0},{"not_picked":["Body Slam","Feel No Pain"],"picked":"Spot Weakness","floor":22.0},{"not_picked":["Heavy Blade","Berserk","Wild Strike"],"picked":"SKIP","floor":24.0},{"not_picked":["Fire Breathing","Sentinel","Reckless Charge"],"picked":"SKIP","floor":27.0},{"not_picked":["Clash","Searing Blow","Second Wind"],"picked":"SKIP","floor":29.0},{"not_picked":["Sword Boomerang","Twin Strike","Second Wind+1"],"picked":"SKIP","floor":30.0},{"not_picked":["Flex","Body Slam"],"picked":"Armaments","floor":31.0},{"not_picked":["Immolate","Juggernaut"],"picked":"Offering","floor":33.0},{"not_picked":["Spot Weakness","Reckless Charge"],"picked":"Metallicize","floor":35.0},{"not_picked":["Second Wind","Body Slam","Infernal Blade+1"],"picked":"Headbutt","floor":38.0},{"not_picked":["Warcry","Burning Pact+1","Anger"],"picked":"Uppercut","floor":42.0},{"not_picked":["Clash","True Grit","Twin Strike"],"picked":"Shrug It Off","floor":44.0},{"not_picked":["Headbutt+1","Rampage","True Grit"],"picked":"Battle Trance+1","floor":45.0},{"not_picked":["Perfected Strike","True Grit","Double Tap"],"picked":"Clothesline","floor":46.0},{"not_picked":["Armaments","Iron Wave","Havoc","Wild Strike"],"picked":"SKIP","floor":47.0},{"not_picked":["Perfected Strike","Seeing Red+1","Berserk"],"picked":"Flex+1","floor":48.0},{"not_picked":["Headbutt","Wild Strike","Warcry+1"],"picked":"Clothesline+1","floor":54}],"player_experience":1817422,"relics_obtained":[{"floor":7.0,"key":"Letter Opener"},{"floor":9.0,"key":"Magic Flower"},{"floor":12.0,"key":"Vajra"},{"floor":24.0,"key":"FossilizedHelix"},{"floor":25.0,"key":"War Paint"},{"floor":26.0,"key":"Whetstone"},{"floor":29.0,"key":"MawBank"},{"floor":44.0,"key":"Art of War"},{"floor":48.0,"key":"Toxic Egg 2"},{"floor":54,"key":"Blood Vial"}],"event_choices":[{"damage_healed":0.0,"max_hp_gain":0.0,"max_hp_loss":0.0,"gold_gain":0.0,"event_name":"Scrap Ooze","player_choice":"Success","floor":3.0,"gold_loss":0.0,"damage_taken":26.0,"relics_obtained":["Sundial"]},{"cards_removed":["Strike_R"],"damage_healed":0.0,"max_hp_gain":0.0,"max_hp_loss":0.0,"gold_gain":0.0,"event_name":"Golden Wing","player_choice":"Card Removal","floor":4.0,"gold_loss":0.0,"damage_taken":7.0},{"damage_healed":0.0,"max_hp_gain":0.0,"max_hp_loss":0.0,"gold_gain":0.0,"event_name":"Liars Game","player_choice":"Ignored","floor":11.0,"gold_loss":0.0,"damage_taken":0.0},{"damage_healed":0.0,"max_hp_gain":0.0,"max_hp_loss":0.0,"gold_gain":0.0,"event_name":"The Library","player_choice":"Read","floor":20.0,"gold_loss":0.0,"damage_taken":0.0,"cards_obtained":["Shrug It Off"]},{"damage_healed":0.0,"max_hp_gain":0.0,"max_hp_loss":0.0,"gold_gain":0.0,"event_name":"WeMeetAgain","player_choice":"Gave Potion","floor":37.0,"gold_loss":0.0,"damage_taken":0.0,"relics_obtained":["Question Card"]},{"cards_removed":["Defend_R"],"damage_healed":0.0,"max_hp_gain":0.0,"max_hp_loss":0.0,"gold_gain":0.0,"event_name":"Falling","player_choice":"Removed Skill","floor":41.0,"gold_loss":0.0,"damage_taken":0.0}],"is_beta":true,"boss_relics":[{"not_picked":["Runic Dome","Busted Crown"],"picked":"Fusion Hammer"},{"not_picked":["Eternal Feather","Black Star"],"picked":"Cursed Key"}],"items_purged_floors":[2,19,36,53],"is_endless":false,"potions_floor_spawned":[1,5,14,16,18,29,31,35,44,47,48],"killed_by":"The Heart","ascension_level":15}