{"gold_per_floor":[109,10,25,25,38,38,66,66,66,66,66,94,94,108,108,207,207,221,136,136,154,172,172,190,190,190,209,209,221,221,221,221,221],"floor_reached":33,"playtime":2075,"items_purged":[],"score":305,"play_id":"59fd1be2-3ceb-4405-9409-4d48c7eecab6","local_time":"20190314163332","is_ascension_mode":false,"campfire_choices":[{"data":"Zap","floor":6,"key":"SMITH"},{"data":"Dualcast","floor":10,"key":"SMITH"},{"data":"Chill","floor":15,"key":"SMITH"},{"data":"Redo","floor":23,"key":"SMITH"},{"floor":28,"key":"REST"},{"floor":32,"key":"REST"}],"neow_cost":"NONE","seed_source_timestamp":76318363357494,"circlet_count":0,"master_deck":["Strike_B+1","Strike_B+1","Defend_B+1","Defend_B+1","Defend_B+1","Zap+1","Dualcast+1","Reboot","Ball Lightning","Melter","Compile Driver","Rebound","Gash","Buffer+1","Chill+1","Beam Cell","Beam Cell","All For One","Sweeping Beam","Static Discharge+1","Redo+1","Darkness+1","Beam Cell","Rainbow","Sweeping Beam","Gash"],"relics":["FrozenCore","Frozen Egg 2","Torii","Pantograph","Bottled Lightning","Blue Candle","Darkstone Periapt","Bag of Marbles"],"potions_floor_usage":[16,16,16,27],"damage_taken":[{"damage":6,"enemies":"2 Louse","floor":1,"turns":2},{"damage":11,"enemies":"Jaw Worm","floor":3,"turns":2},{"damage":8,"enemies":"Small Slimes","floor":5,"turns":2},{"damage":14,"enemies":"Gremlin Nob","floor":7,"turns":3},{"damage":9,"enemies":"3 Sentries","floor":12,"turns":4},{"damage":0,"enemies":"Looter","floor":14,"turns":2},{"damage":0,"enemies":"Slime Boss","floor":16,"turns":5},{"damage":0,"enemies":"Spheric Guardian","floor":18,"turns":4},{"damage":8,"enemies":"2 Thieves","floor":21,"turns":4},{"damage":23,"enemies":"Cultist and Chosen","floor":22,"turns":5},{"damage":8,"enemies":"Snake Plant","floor":24,"turns":3},{"damage":18,"enemies":"Centurion and Healer","floor":27,"turns":5},{"damage":10,"enemies":"Snecko","floor":29,"turns":5},{"damage":76,"enemies":"Automaton","floor":33,"turns":8}],"seed_played":"4458136666875295683","potions_obtained":[{"floor":5,"key":"Energy Potion"},{"floor":12,"key":"Swift Potion"},{"floor":14,"key":"FearPotion"},{"floor":24,"key":"Explosive Potion"},{"floor":27,"key":"SmokeBomb"}],"is_trial":false,"path_per_floor":["M","$","M","?","M","R","E","?","T","R","?","E","T","M","R","B",null,"M","?","?","M","M","R","M","?","T","M","R","M","?","T","R","B"],"character_chosen":"DEFECT","items_purchased":["Melter","Compile Driver"],"campfire_rested":2,"item_purchase_floors":[2,2],"current_hp_per_floor":[69,69,58,58,50,50,36,61,61,61,61,52,52,52,52,75,75,75,75,75,67,44,44,36,36,36,18,40,30,30,30,52,0],"gold":221,"neow_bonus":"ONE_RANDOM_RARE_CARD","is_prod":false,"is_daily":false,"chose_seed":false,"campfire_upgraded":4,"win_rate":0.0,"timestamp":1552606412,"path_taken":["M","$","M","?","M","R","E","?","T","R","?","E","?","?","R","BOSS","M","?","?","M","M","R","M","?","T","M","R","M","?","?","R","BOSS"],"build_version":"2019-01-23","purchased_purges":0,"victory":false,"max_hp_per_floor":[75,75,75,75,75,75,75,75,75,75,75,75,75,75,75,75,75,75,75,75,75,75,75,75,75,75,75,75,75,75,75,75,75],"card_choices":[{"not_picked":["Stack","Conserve Battery"],"picked":"Ball Lightning","floor":1},{"not_picked":["Turbo","Streamline"],"picked":"Rebound","floor":3},{"not_picked":["Stack","Consume"],"picked":"Gash","floor":5},{"not_picked":["Blizzard","Hologram"],"picked":"Buffer","floor":7},{"not_picked":["Leap","Streamline"],"picked":"Beam Cell","floor":12},{"not_picked":["Streamline","Steam"],"picked":"Beam Cell","floor":14},{"not_picked":["Rainbow","Multi-Cast"],"picked":"All For One","floor":16},{"not_picked":["Gash","Streamline"],"picked":"Sweeping Beam","floor":18},{"not_picked":["Steam","Ball Lightning"],"picked":"Static Discharge+1","floor":21},{"not_picked":["Scrape+1","Coolheaded"],"picked":"Redo","floor":22},{"not_picked":["Barrage","Coolheaded"],"picked":"Darkness+1","floor":24},{"not_picked":["Hologram","Fission"],"picked":"Sweeping Beam","floor":27},{"not_picked":["Hologram","Auto Shields"],"picked":"Gash","floor":29}],"player_experience":86507,"relics_obtained":[{"floor":7,"key":"Frozen Egg 2"},{"floor":9,"key":"Torii"},{"floor":12,"key":"Pantograph"},{"floor":13,"key":"Bottled Lightning"},{"floor":26,"key":"Darkstone Periapt"},{"floor":31,"key":"Bag of Marbles"}],"event_choices":[{"damage_healed":0,"gold_gain":0,"player_choice":"Leave","damage_taken":0,"max_hp_gain":0,"max_hp_loss":0,"event_name":"The Cleric","floor":4,"gold_loss":0},{"damage_healed":25,"gold_gain":0,"player_choice":"Banana","damage_taken":0,"max_hp_gain":0,"max_hp_loss":0,"event_name":"Big Fish","floor":8,"gold_loss":0},{"damage_healed":0,"gold_gain":0,"cards_transformed":["Strike_B"],"player_choice":"Change","damage_taken":0,"max_hp_gain":0,"max_hp_loss":0,"event_name":"Living Wall","floor":11,"gold_loss":0,"cards_obtained":["Chill"]},{"damage_healed":0,"gold_gain":0,"player_choice":"Obtained Relic","damage_taken":0,"relics_obtained":["Blue Candle"],"max_hp_gain":0,"max_hp_loss":0,"event_name":"Addict","floor":19,"gold_loss":85},{"damage_healed":0,"gold_gain":0,"player_choice":"Ignored","damage_taken":0,"max_hp_gain":0,"max_hp_loss":0,"event_name":"Vampires","floor":20,"gold_loss":0},{"damage_healed":0,"gold_gain":0,"cards_transformed":["Defend_B","Strike_B"],"player_choice":"Became Test Subject","damage_taken":0,"max_hp_gain":0,"max_hp_loss":0,"event_name":"Drug Dealer","floor":25,"gold_loss":0,"cards_obtained":["Beam Cell","Rainbow"]},{"damage_healed":0,"gold_gain":0,"player_choice":"Simplicity","damage_taken":0,"max_hp_gain":0,"max_hp_loss":0,"event_name":"Back to Basics","floor":30,"gold_loss":0,"cards_upgraded":["Strike_B","Strike_B","Defend_B","Defend_B","Defend_B"]}],"is_beta":false,"boss_relics":[{"not_picked":["Fusion Hammer","Sozu"],"picked":"FrozenCore"}],"items_purged_floors":[],"is_endless":false,"potions_floor_spawned":[5,12,14,24,27],"killed_by":"Automaton","ascension_level":0}