{"gold_per_floor":[13,13,33,33,49,83,83,83,107,142,142,142,182,200,200,326,389,408,426,162,186,186,186,38,38,38,63,76,94,94,108,108,108],"floor_reached":33,"playtime":1855,"items_purged":["Strike_R"],"score":444,"play_id":"a9474d59-4409-4866-9c39-6309cf0b6079","local_time":"20190314020052","is_ascension_mode":true,"campfire_choices":[{"data":"Bash","floor":7.0,"key":"SMITH"},{"data":"Entrench","floor":12.0,"key":"SMITH"},{"floor":15.0,"key":"REST"},{"data":"True Grit","floor":23.0,"key":"SMITH"},{"floor":25.0,"key":"REST"},{"floor":32,"key":"REST"}],"neow_cost":"NO_GOLD","seed_source_timestamp":0,"circlet_count":0,"master_deck":["Strike_R+1","Strike_R+1","Defend_R","Defend_R","Defend_R+1","Bash+1","Battle Trance","Wild Strike","Power Through","Entrench+1","Fiend Fire","Impervious","Wild Strike","Havoc","Sentinel","Shrug It Off","True Grit+1","Intimidate","Warcry","Flex+1","Shockwave"],"special_seed":0,"relics":["Burning Blood","Champion Belt","Red Skull","Golden Idol","Vajra","Blue Candle","Ornamental Fan","Bottled Flame","Tiny House","Bronze Scales","Oddly Smooth Stone","Dodecahedron"],"potions_floor_usage":[28,31,33],"damage_taken":[{"damage":0.0,"enemies":"Cultist","floor":1.0,"turns":4.0},{"damage":0.0,"enemies":"Jaw Worm","floor":3.0,"turns":4.0},{"damage":1.0,"enemies":"Small Slimes","floor":5.0,"turns":3.0},{"damage":18.0,"enemies":"Gremlin Nob","floor":6.0,"turns":4.0},{"damage":27.0,"enemies":"Lagavulin","floor":10.0,"turns":4.0},{"damage":8.0,"enemies":"3 Sentries","floor":13.0,"turns":10.0},{"damage":6.0,"enemies":"3 Louse","floor":14.0,"turns":3.0},{"damage":0.0,"enemies":"Slime Boss","floor":16.0,"turns":5.0},{"damage":8.0,"enemies":"Chosen","floor":18.0,"turns":3.0},{"damage":34.0,"enemies":"3 Byrds","floor":19.0,"turns":8.0},{"damage":15.0,"enemies":"Cultist and Chosen","floor":21.0,"turns":6.0},{"damage":5,"enemies":"Shelled Parasite and Fungi","floor":27,"turns":15},{"damage":3,"enemies":"Centurion and Healer","floor":28,"turns":11},{"damage":8,"enemies":"Snake Plant","floor":29,"turns":2},{"damage":54,"enemies":"Cultist and Chosen","floor":31,"turns":7},{"damage":43,"enemies":"Champ","floor":33,"turns":11}],"seed_played":"2955678383958332289","potions_obtained":[{"floor":3.0,"key":"Block Potion"},{"floor":5.0,"key":"EssenceOfSteel"},{"floor":10.0,"key":"PowerPotion"},{"floor":14.0,"key":"Energy Potion"},{"floor":17.0,"key":"SteroidPotion"},{"floor":21.0,"key":"PowerPotion"},{"floor":28,"key":"SkillPotion"}],"is_trial":false,"path_per_floor":["M","?","M","$","M","E","R","?","T","E","?","R","E","M","R","B",null,"M","M","$","M","?","R","$","R","T","M","M","M","?","M","R","B"],"character_chosen":"IRONCLAD","items_purchased":["Shrug It Off","Bronze Scales","Oddly Smooth Stone"],"campfire_rested":3,"item_purchase_floors":[20,20,24],"current_hp_per_floor":[78,62,68,68,73,61,61,61,61,40,33,33,31,31,53,59,75,73,45,45,36,36,36,36,59,59,60,63,61,61,13,36,0],"gold":108,"neow_bonus":"ONE_RARE_RELIC","is_prod":false,"is_daily":false,"chose_seed":false,"campfire_upgraded":3,"win_rate":0,"timestamp":1552496452,"path_taken":["M","?","M","$","M","E","R","?","T","E","?","R","E","M","R","BOSS","M","M","$","M","?","R","$","R","T","M","M","M","?","?","R","BOSS"],"build_version":"2019-01-23","purchased_purges":1,"victory":false,"max_hp_per_floor":[80,80,80,80,80,80,80,74,74,74,74,74,74,74,74,74,79,79,79,79,79,79,79,79,79,79,79,79,79,79,79,79,79],"card_choices":[{"not_picked":["Heavy Blade","Cleave"],"picked":"Battle Trance","floor":1.0},{"not_picked":["Shockwave","Rampage"],"picked":"Wild Strike","floor":3.0},{"not_picked":["Clash","Rage","Cleave"],"picked":"SKIP","floor":5.0},{"not_picked":["Battle Trance","Bloodletting"],"picked":"Power Through","floor":6.0},{"not_picked":["Headbutt","Clash"],"picked":"Entrench","floor":10.0},{"not_picked":["Bloodletting","Pommel Strike","Spot Weakness"],"picked":"SKIP","floor":13.0},{"not_picked":["Bloodletting","Pommel Strike","Spot Weakness"],"picked":"SKIP","floor":13.0},{"not_picked":["Combust","Headbutt"],"picked":"Fiend Fire","floor":14.0},{"not_picked":["Double Tap","Limit Break"],"picked":"Impervious","floor":16.0},{"not_picked":["Headbutt","Warcry"],"picked":"Wild Strike","floor":17.0},{"not_picked":["Anger","Iron Wave"],"picked":"Havoc","floor":18.0},{"not_picked":["True Grit+1","Cleave"],"picked":"Sentinel","floor":19.0},{"not_picked":["Pommel Strike","Brutality"],"picked":"True Grit","floor":21.0},{"not_picked":["Bloodletting","Reckless Charge","Perfected Strike+1"],"picked":"SKIP","floor":27},{"not_picked":["Sword Boomerang+1","Thunderclap","Headbutt"],"picked":"SKIP","floor":28},{"not_picked":["Perfected Strike+1","Searing Blow+1"],"picked":"Flex+1","floor":29},{"not_picked":["Perfected Strike+1","Pommel Strike"],"picked":"Shockwave","floor":31}],"player_experience":350046,"relics_obtained":[{"floor":6.0,"key":"Red Skull"},{"floor":9.0,"key":"Vajra"},{"floor":10.0,"key":"Blue Candle"},{"floor":13.0,"key":"Bottled Flame"},{"floor":26,"key":"Dodecahedron"}],"event_choices":[{"damage_healed":0.0,"max_hp_gain":0.0,"max_hp_loss":0.0,"gold_gain":0.0,"event_name":"Shining Light","player_choice":"Entered Light","floor":2.0,"gold_loss":0.0,"damage_taken":16.0,"cards_upgraded":["Defend_R","Strike_R"]},{"damage_healed":0.0,"max_hp_gain":0.0,"max_hp_loss":6.0,"gold_gain":0.0,"event_name":"Golden Idol","player_choice":"Lose Max HP","floor":8.0,"gold_loss":0.0,"damage_taken":0.0,"relics_obtained":["Golden Idol"]},{"damage_healed":0.0,"max_hp_gain":0.0,"max_hp_loss":0.0,"gold_gain":0.0,"event_name":"Scrap Ooze","player_choice":"Success","floor":11.0,"gold_loss":0.0,"damage_taken":7.0,"relics_obtained":["Ornamental Fan"]},{"damage_healed":0.0,"max_hp_gain":0.0,"max_hp_loss":0.0,"gold_gain":0.0,"cards_transformed":["Strike_R","Strike_R"],"event_name":"Drug Dealer","player_choice":"Became Test Subject","floor":22.0,"gold_loss":0.0,"damage_taken":0.0,"cards_obtained":["Intimidate","Warcry"]},{"cards_removed":["Defend_R"],"damage_healed":0,"gold_gain":0,"player_choice":"Purged","damage_taken":0,"max_hp_gain":0,"max_hp_loss":0,"event_name":"Purifier","floor":30,"gold_loss":0}],"is_beta":false,"boss_relics":[{"not_picked":["Runic Dome","Black Blood"],"picked":"Tiny House"}],"items_purged_floors":[20],"is_endless":false,"potions_floor_spawned":[3,5,10,14,21,27,28],"killed_by":"Champ","ascension_level":8}