{"gold_per_floor":[117,132,132,145,160,194,194,226,273,287,287,322,30,305,305,383,383,402,0,0,15,29,56,56,74,99,134,9,9,0,0,0,74,74,87,12,27,46,46,81,95,95,95,95,95,124,124,152,152,152,152,152,45,74,74],"floor_reached":55,"playtime":2100,"items_purged":["Strike_R","Regret","Strike_R"],"score":1488,"play_id":"80fe778d-c58f-480b-a8d7-5bfff053c2dc","local_time":"20190117200610","is_ascension_mode":true,"campfire_choices":[{"data":"Bludgeon","floor":7,"key":"SMITH"},{"floor":11,"key":"REST"},{"data":"Limit Break","floor":15,"key":"SMITH"},{"data":"True Grit","floor":24,"key":"SMITH"},{"floor":32,"key":"REST"},{"floor":44,"key":"REST"},{"floor":49,"key":"RECALL"},{"data":"Demon Form","floor":52,"key":"SMITH"}],"neow_cost":"PERCENT_DAMAGE","seed_source_timestamp":729003687569708,"circlet_count":0,"master_deck":["AscendersBane","Defend_R","Defend_R","Defend_R","Bludgeon+1","Spot Weakness","Metallicize","Shrug It Off","Limit Break+1","Inflame","Offering","Shrug It Off","True Grit+1","Corruption","Immolate","Battle Trance","Demon Form+1","Armaments+1","Wild Strike","Iron Wave","Disarm+1","Mayhem","Dark Shackles","True Grit+1","Feel No Pain","Sentinel","Sword Boomerang"],"relics":["Burning Blood","Girya","Blue Candle","Regal Pillow","Ancient Tea Set","Snecko Eye","PreservedInsect","Anchor","Shuriken","Oddly Smooth Stone","Juzu Bracelet","Astrolabe","Happy Flower","Bottled Tornado","Pen Nib","Bag of Preparation"],"potions_floor_usage":[6,22,23,35,40,54,54,55],"damage_taken":[{"damage":7,"enemies":"Jaw Worm","floor":1,"turns":2},{"damage":1,"enemies":"Cultist","floor":2,"turns":3},{"damage":4,"enemies":"2 Louse","floor":4,"turns":4},{"damage":16,"enemies":"Exordium Thugs","floor":5,"turns":4},{"damage":34,"enemies":"3 Sentries","floor":6,"turns":8},{"damage":20,"enemies":"Gremlin Nob","floor":8,"turns":4},{"damage":0,"enemies":"Large Slime","floor":10,"turns":4},{"damage":17,"enemies":"Lagavulin","floor":12,"turns":7},{"damage":40,"enemies":"The Guardian","floor":16,"turns":12},{"damage":13,"enemies":"3 Byrds","floor":18,"turns":3},{"damage":9,"enemies":"2 Thieves","floor":21,"turns":4},{"damage":22,"enemies":"Cultist and Chosen","floor":22,"turns":4},{"damage":6,"enemies":"Gremlin Leader","floor":23,"turns":4},{"damage":12,"enemies":"3 Cultists","floor":25,"turns":5},{"damage":17,"enemies":"Book of Stabbing","floor":27,"turns":4},{"damage":38,"enemies":"Collector","floor":33,"turns":8},{"damage":14,"enemies":"3 Darklings","floor":35,"turns":5},{"damage":21,"enemies":"Orb Walker","floor":37,"turns":5},{"damage":6,"enemies":"Transient","floor":38,"turns":5},{"damage":16,"enemies":"Nemesis","floor":40,"turns":5},{"damage":6,"enemies":"Maw","floor":41,"turns":6},{"damage":7,"enemies":"Giant Head","floor":46,"turns":6},{"damage":6,"enemies":"Reptomancer","floor":48,"turns":4},{"damage":20,"enemies":"Time Eater","floor":50,"turns":12},{"damage":14,"enemies":"Shield and Spear","floor":54,"turns":4},{"damage":69,"enemies":"The Heart","floor":55,"turns":5}],"seed_played":"-4541149235736413117","potions_obtained":[{"floor":1,"key":"BloodPotion"},{"floor":2,"key":"SpeedPotion"},{"floor":10,"key":"Fire Potion"},{"floor":27,"key":"Ancient Potion"},{"floor":33,"key":"BloodPotion"},{"floor":37,"key":"GamblersBrew"},{"floor":40,"key":"SkillPotion"},{"floor":46,"key":"Block Potion"},{"floor":54,"key":"Fruit Juice"}],"is_trial":false,"path_per_floor":["M","M","?","M","M","E","R","E","T","M","R","E","$","?","R","B",null,"M","$","?","M","M","E","R","M","T","E","$","?","?","$","R","B",null,"M","?","M","M","?","E","M","$","T","R","?","E","?","E","R","B",null,"R","$","E","B"],"character_chosen":"IRONCLAD","items_purchased":["Limit Break","Inflame","PreservedInsect","Anchor","Feel No Pain","Sentinel"],"campfire_rested":3,"item_purchase_floors":[13,13,19,19,53,53],"current_hp_per_floor":[49,54,54,56,46,25,25,11,11,17,54,43,43,43,43,9,59,52,52,52,49,33,33,33,27,27,16,16,16,16,16,53,21,62,61,61,46,46,36,26,26,26,26,63,63,62,71,71,71,57,68,68,68,60,0],"gold":74,"neow_bonus":"THREE_RARE_CARDS","is_prod":false,"is_daily":false,"chose_seed":false,"campfire_upgraded":4,"win_rate":0,"timestamp":1547773570,"path_taken":["M","M","?","M","?","E","R","E","T","M","R","E","$","?","R","BOSS","M","$","?","M","M","E","R","M","T","E","$","?","?","?","R","BOSS","M","?","M","M","?","E","M","$","T","R","?","E","?","E","R","BOSS","R","$","E","BOSS"],"build_version":"2019-01-16","purchased_purges":3,"victory":false,"max_hp_per_floor":[75,75,75,75,75,75,75,75,75,75,75,75,75,75,75,75,75,75,75,75,75,75,75,75,75,75,75,75,75,75,75,75,75,75,75,75,75,75,75,75,75,75,75,75,71,71,71,71,71,71,71,71,71,71,76],"card_choices":[{"not_picked":["Offering","Berserk"],"picked":"Bludgeon","floor":0},{"not_picked":["Dropkick","Heavy Blade"],"picked":"Spot Weakness","floor":1},{"not_picked":["Ghostly Armor","Twin Strike","Reckless Charge"],"picked":"SKIP","floor":2},{"not_picked":["Cleave","Wild Strike","Headbutt"],"picked":"SKIP","floor":4},{"not_picked":["Bloodletting","Clash"],"picked":"Metallicize","floor":5},{"not_picked":["Spot Weakness","Clash","Cleave"],"picked":"SKIP","floor":6},{"not_picked":["Thunderclap","Anger"],"picked":"Immolate","floor":8},{"not_picked":["Cleave","True Grit"],"picked":"Shrug It Off","floor":10},{"not_picked":["Evolve","Hemokinesis","Second Wind"],"picked":"SKIP","floor":12},{"not_picked":["Barricade","Immolate"],"picked":"Offering","floor":16},{"not_picked":["Pommel Strike","Heavy Blade"],"picked":"Shrug It Off","floor":18},{"not_picked":["Body Slam","Power Through+1"],"picked":"True Grit","floor":21},{"not_picked":["Hemokinesis+1","Rampage","Body Slam"],"picked":"SKIP","floor":22},{"not_picked":["Pummel+1","Seeing Red","Berserk"],"picked":"SKIP","floor":23},{"not_picked":["Pommel Strike","Wild Strike","Clash"],"picked":"SKIP","floor":25},{"not_picked":["Rage","Bloodletting"],"picked":"Corruption","floor":27},{"not_picked":["Limit Break","Fiend Fire"],"picked":"Demon Form","floor":33},{"not_picked":["Sever Soul","Cleave","Warcry"],"picked":"SKIP","floor":35},{"not_picked":["Perfected Strike","Armaments","Immolate"],"picked":"SKIP","floor":37},{"not_picked":["Body Slam+1","Cleave"],"picked":"Disarm+1","floor":38},{"not_picked":["Dramatic Entrance","Thinking Ahead"],"picked":"Mayhem","floor":39},{"not_picked":["Purity","Thinking Ahead"],"picked":"Dark Shackles","floor":39},{"not_picked":["Rampage","Havoc","Battle Trance"],"picked":"SKIP","floor":40},{"not_picked":["Havoc","Carnage","Anger"],"picked":"SKIP","floor":41},{"not_picked":["Battle Trance","Flex+1","Wild Strike"],"picked":"SKIP","floor":46},{"not_picked":["Barricade","Pommel Strike+1"],"picked":"True Grit+1","floor":48},{"not_picked":["Seeing Red","Bloodletting+1"],"picked":"Sword Boomerang","floor":54}],"player_experience":1847451,"relics_obtained":[{"floor":6,"key":"Girya"},{"floor":8,"key":"Blue Candle"},{"floor":9,"key":"Regal Pillow"},{"floor":12,"key":"Ancient Tea Set"},{"floor":23,"key":"Shuriken"},{"floor":26,"key":"Oddly Smooth Stone"},{"floor":27,"key":"Juzu Bracelet"},{"floor":40,"key":"Happy Flower"},{"floor":46,"key":"Bottled Tornado"},{"floor":48,"key":"Pen Nib"},{"floor":54,"key":"Bag of Preparation"}],"event_choices":[{"cards_removed":["Strike_R"],"damage_healed":0,"gold_gain":0,"player_choice":"Offered Basic","damage_taken":0,"max_hp_gain":0,"max_hp_loss":0,"event_name":"Bonfire Elementals","floor":3,"gold_loss":0},{"damage_healed":0,"gold_gain":275,"player_choice":"Desecrate","damage_taken":0,"max_hp_gain":0,"max_hp_loss":0,"event_name":"Golden Shrine","floor":14,"gold_loss":0,"cards_obtained":["Regret"]},{"damage_healed":0,"gold_gain":0,"player_choice":"Ignored","damage_taken":0,"max_hp_gain":0,"max_hp_loss":0,"event_name":"The Mausoleum","floor":20,"gold_loss":0},{"damage_healed":0,"gold_gain":0,"cards_transformed":["Strike_R","Strike_R"],"player_choice":"Became Test Subject","damage_taken":0,"max_hp_gain":0,"max_hp_loss":0,"event_name":"Drug Dealer","floor":29,"gold_loss":0,"cards_obtained":["Immolate","Battle Trance"]},{"damage_healed":0,"gold_gain":0,"player_choice":"Paid Fearfully","damage_taken":0,"max_hp_gain":0,"max_hp_loss":0,"event_name":"Masked Bandits","floor":30,"gold_loss":9},{"damage_healed":0,"gold_gain":0,"cards_transformed":["Searing Blow","Flex"],"player_choice":"Transformed Cards","damage_taken":0,"max_hp_gain":0,"max_hp_loss":0,"event_name":"Designer","floor":36,"gold_loss":75,"cards_obtained":["Wild Strike","Iron Wave"]},{"damage_healed":0,"gold_gain":0,"player_choice":"Memory 3","damage_taken":10,"max_hp_gain":0,"max_hp_loss":0,"event_name":"SensoryStone","floor":39,"gold_loss":0},{"damage_healed":0,"gold_gain":0,"player_choice":"Max HP","damage_taken":0,"max_hp_gain":0,"max_hp_loss":4,"event_name":"Winding Halls","floor":45,"gold_loss":0},{"damage_healed":9,"gold_gain":0,"player_choice":"Full Heal","damage_taken":0,"max_hp_gain":0,"max_hp_loss":0,"event_name":"Wheel of Change","floor":47,"gold_loss":0}],"is_beta":true,"boss_relics":[{"not_picked":["Velvet Choker","Pandora\u0027s Box"],"picked":"Snecko Eye"},{"not_picked":["Empty Cage","Tiny House"],"picked":"Astrolabe"}],"items_purged_floors":[13,19,28],"is_endless":false,"potions_floor_spawned":[1,2,5,10,12,18,21,27,33,37,40,41,46,54],"killed_by":"The Heart","ascension_level":15}