{"gold_per_floor":[113,127,127,127,144,144,157,157,157,169,169,48,59,91,91,193,193,210,135,147,57,69,69,79,112,112,112,130,145,145,155,155,251,301,318,318,318,144,162,162,180,180,180,180,206,206,206,222,222,222],"floor_reached":50,"playtime":3268,"items_purged":[],"score":514,"play_id":"9929bb07-74c3-445c-94b8-a672eb009f62","local_time":"20190312172031","is_ascension_mode":false,"campfire_choices":[{"data":"Tempest","floor":6,"key":"SMITH"},{"data":"Zap","floor":8,"key":"SMITH"},{"floor":11,"key":"REST"},{"data":"Blizzard","floor":15,"key":"SMITH"},{"data":"Hologram","floor":23,"key":"SMITH"},{"floor":27,"key":"REST"},{"data":"Chill","floor":32,"key":"SMITH"},{"data":"Hologram","floor":40,"key":"SMITH"},{"floor":42,"key":"REST"},{"data":"Secret Technique","floor":47,"key":"SMITH"},{"data":"Glacier","floor":49,"key":"SMITH"}],"neow_cost":"NONE","seed_source_timestamp":75350981216150,"circlet_count":0,"master_deck":["Defend_B","Defend_B","Defend_B","Defend_B","Zap+1","Dualcast+1","Beam Cell","Tempest+1","Glacier+1","Go for the Eyes","Blizzard+1","Cold Snap","Hologram+1","Coolheaded","Echo Form+1","Fusion+1","Cold Snap+1","Loop+1","Capacitor+1","Coolheaded","Capacitor+1","Chill+1","Amplify","Hologram+1","Reboot","Rainbow","Secret Technique+1","Chaos+1"],"relics":["Cracked Core","Omamori","Shuriken","Frozen Egg 2","Astrolabe","Regal Pillow","Torii","Tiny House","Letter Opener","Darkstone Periapt","Boot"],"potions_floor_usage":[10,25,25,50,50,50],"damage_taken":[{"damage":1,"enemies":"Jaw Worm","floor":1,"turns":3},{"damage":0,"enemies":"2 Louse","floor":2,"turns":1},{"damage":1,"enemies":"Cultist","floor":5,"turns":3},{"damage":11,"enemies":"Large Slime","floor":7,"turns":4},{"damage":25,"enemies":"Gremlin Gang","floor":10,"turns":7},{"damage":0,"enemies":"3 Louse","floor":13,"turns":2},{"damage":9,"enemies":"3 Sentries","floor":14,"turns":9},{"damage":22,"enemies":"The Guardian","floor":16,"turns":11},{"damage":1,"enemies":"Spheric Guardian","floor":18,"turns":3},{"damage":1,"enemies":"Shell Parasite","floor":20,"turns":5},{"damage":7,"enemies":"Centurion and Healer","floor":22,"turns":10},{"damage":28,"enemies":"Chosen and Byrds","floor":24,"turns":7},{"damage":12,"enemies":"Book of Stabbing","floor":25,"turns":8},{"damage":22,"enemies":"Snake Plant","floor":28,"turns":6},{"damage":16,"enemies":"Cultist and Chosen","floor":29,"turns":7},{"damage":16,"enemies":"3 Cultists","floor":31,"turns":5},{"damage":24,"enemies":"Automaton","floor":33,"turns":13},{"damage":22,"enemies":"3 Darklings","floor":35,"turns":7},{"damage":25,"enemies":"Orb Walker","floor":39,"turns":4},{"damage":21,"enemies":"4 Shapes","floor":41,"turns":5},{"damage":20,"enemies":"Spire Growth","floor":48,"turns":8},{"damage":54,"enemies":"Donu and Deca","floor":50,"turns":10}],"seed_played":"1654308370579380177","potions_obtained":[{"floor":5,"key":"Dexterity Potion"},{"floor":7,"key":"Poison Potion"},{"floor":13,"key":"GamblersBrew"},{"floor":14,"key":"SteroidPotion"},{"floor":22,"key":"Energy Potion"},{"floor":29,"key":"Dexterity Potion"},{"floor":31,"key":"PowerPotion"},{"floor":34,"key":"EssenceOfSteel"}],"is_trial":false,"path_per_floor":["M","M","?","?","M","R","M","R","T","M","R","$","M","E","R","B",null,"M","?","M","?","M","R","M","E","T","R","M","M","?","M","R","B",null,"M","?","?","$","M","R","M","R","T","?","T","?","R","M","R","B"],"character_chosen":"DEFECT","items_purchased":["Blizzard","Cold Snap","Rebound","Reboot"],"campfire_rested":3,"item_purchase_floors":[12,12,38,38],"current_hp_per_floor":[74,74,59,59,58,58,47,47,47,22,44,44,44,35,35,13,75,74,74,73,73,66,66,38,26,26,63,41,25,75,59,59,35,80,58,78,78,78,53,53,32,71,71,71,71,71,71,51,51,0],"gold":222,"neow_bonus":"RANDOM_COMMON_RELIC","is_prod":false,"is_daily":false,"chose_seed":false,"campfire_upgraded":8,"win_rate":0.0,"timestamp":1552407631,"path_taken":["M","M","?","?","M","R","?","R","T","M","R","$","M","E","R","BOSS","M","?","M","?","?","R","M","E","T","R","?","M","?","?","R","BOSS","M","?","?","$","M","R","?","R","T","?","?","?","R","M","R","BOSS"],"build_version":"2019-01-23","purchased_purges":0,"victory":false,"max_hp_per_floor":[75,75,75,75,75,75,75,75,75,75,75,75,75,75,75,75,75,75,75,75,75,75,75,75,75,75,75,75,75,75,75,75,75,80,80,80,80,80,80,80,80,80,80,80,80,80,80,80,80,80],"card_choices":[{"not_picked":["Leap","Double Energy"],"picked":"Beam Cell","floor":1},{"not_picked":["Hologram","Turbo"],"picked":"Aggregate","floor":2},{"not_picked":["Sweeping Beam","Barrage"],"picked":"Tempest","floor":5},{"not_picked":["Coolheaded","Steam"],"picked":"Glacier","floor":7},{"not_picked":["Steam","Fusion"],"picked":"Go for the Eyes","floor":10},{"not_picked":["Stack","Aggregate"],"picked":"Hologram","floor":13},{"not_picked":["Meteor Strike","Leap"],"picked":"Coolheaded","floor":14},{"not_picked":["Biased Cognition+1","All For One"],"picked":"Echo Form+1","floor":16},{"not_picked":["Hello World+1","Redo"],"picked":"Cold Snap","floor":18},{"not_picked":["Leap","Steam","Steam Power"],"picked":"SKIP","floor":20},{"not_picked":["Hello World+1","Beam Cell"],"picked":"Loop+1","floor":22},{"not_picked":["Go for the Eyes","Sweeping Beam"],"picked":"Capacitor+1","floor":24},{"not_picked":["Static Discharge+1","Sweeping Beam+1"],"picked":"Coolheaded","floor":25},{"not_picked":["Sweeping Beam+1","Stack"],"picked":"Capacitor+1","floor":28},{"not_picked":["Steam","Streamline","Ball Lightning"],"picked":"SKIP","floor":29},{"not_picked":["Streamline","Go for the Eyes"],"picked":"Chill","floor":31},{"not_picked":["Electrodynamics+1","Seek"],"picked":"Amplify","floor":33},{"not_picked":["Go for the Eyes","Storm+1"],"picked":"Hologram","floor":34},{"not_picked":["Defragment+1","Sweeping Beam+1","Gash"],"picked":"SKIP","floor":35},{"not_picked":["Turbo","Beam Cell","Tempest"],"picked":"SKIP","floor":39},{"not_picked":["Turbo","BootSequence"],"picked":"Rainbow","floor":41},{"not_picked":["Secret Weapon","Thinking Ahead"],"picked":"Secret Technique","floor":44},{"not_picked":["Barrage+1","Lockon"],"picked":"Chaos+1","floor":48}],"player_experience":270833,"relics_obtained":[{"floor":9,"key":"Shuriken"},{"floor":14,"key":"Frozen Egg 2"},{"floor":25,"key":"Regal Pillow"},{"floor":26,"key":"Torii"},{"floor":37,"key":"Letter Opener"},{"floor":43,"key":"Darkstone Periapt"},{"floor":45,"key":"Boot"}],"event_choices":[{"damage_healed":0,"gold_gain":0,"player_choice":"Entered Light","damage_taken":15,"max_hp_gain":0,"max_hp_loss":0,"event_name":"Shining Light","floor":3,"gold_loss":0,"cards_upgraded":["Strike_B","Dualcast"]},{"cards_removed":["Strike_B"],"damage_healed":0,"gold_gain":0,"player_choice":"Purged","damage_taken":0,"max_hp_gain":0,"max_hp_loss":0,"event_name":"Purifier","floor":4,"gold_loss":0},{"cards_removed":["Scrape"],"damage_healed":0,"gold_gain":0,"player_choice":"Gave Gold","damage_taken":0,"max_hp_gain":0,"max_hp_loss":0,"event_name":"Beggar","floor":19,"gold_loss":75},{"cards_removed":["Turbo"],"damage_healed":0,"gold_gain":0,"player_choice":"Upgrade and Remove","damage_taken":0,"max_hp_gain":0,"max_hp_loss":0,"event_name":"Designer","floor":21,"gold_loss":90,"cards_upgraded":["Aggregate"]},{"cards_removed":["Aggregate"],"damage_healed":50,"gold_gain":0,"player_choice":"Offered Uncommon","damage_taken":0,"max_hp_gain":0,"max_hp_loss":0,"event_name":"Bonfire Elementals","floor":30,"gold_loss":0},{"damage_healed":20,"gold_gain":0,"player_choice":"Writhe","damage_taken":0,"max_hp_gain":0,"max_hp_loss":0,"event_name":"Winding Halls","floor":36,"gold_loss":0,"cards_obtained":["Writhe"]},{"damage_healed":0,"gold_gain":0,"player_choice":"Relic","damage_taken":0,"max_hp_gain":0,"max_hp_loss":0,"event_name":"Wheel of Change","floor":37,"gold_loss":0},{"damage_healed":0,"gold_gain":0,"player_choice":"Memory 1","damage_taken":0,"max_hp_gain":0,"max_hp_loss":0,"event_name":"SensoryStone","floor":44,"gold_loss":0},{"cards_removed":["Rebound"],"damage_healed":0,"gold_gain":0,"player_choice":"Removed Attack","damage_taken":0,"max_hp_gain":0,"max_hp_loss":0,"event_name":"Falling","floor":46,"gold_loss":0}],"is_beta":false,"boss_relics":[{"not_picked":["Lizard Tail","Runic Dome"],"picked":"Astrolabe"},{"not_picked":["Pandora\u0027s Box","Runic Pyramid"],"picked":"Tiny House"}],"items_purged_floors":[],"is_endless":false,"potions_floor_spawned":[5,7,13,14,18,22,29,31,35,41],"killed_by":"Donu and Deca","ascension_level":0}