{"gold_per_floor":[114,4,17,29,104,137,149,179,179,196,196],"floor_reached":11,"playtime":419,"items_purged":[],"score":149,"play_id":"c1a4352a-e2c4-4c8d-a9d9-99bcbb7684a7","local_time":"20190307153245","is_ascension_mode":true,"campfire_choices":[],"neow_cost":"NONE","seed_source_timestamp":1564533495586556,"circlet_count":0,"master_deck":["AscendersBane","Defend_G","Defend_G","Defend_G","Defend_G","Defend_G","Strike_G","Strike_G+1","Strike_G","Strike_G","Strike_G","Survivor","Neutralize","Skewer","Leg Sweep","Bouncing Flask","Infinite Blades","After Image","Flying Knee"],"special_seed":0,"relics":["Tiny House","Centennial Puzzle","Pantograph","Ninja Scroll"],"potions_floor_usage":[11],"damage_taken":[{"damage":5.0,"enemies":"Small Slimes","floor":1.0,"turns":4.0},{"damage":0.0,"enemies":"Jaw Worm","floor":3.0,"turns":5.0},{"damage":0.0,"enemies":"Cultist","floor":4.0,"turns":4.0},{"damage":46.0,"enemies":"3 Sentries","floor":6.0,"turns":13.0},{"damage":0.0,"enemies":"2 Fungi Beasts","floor":7.0,"turns":4.0},{"damage":14.0,"enemies":"Gremlin Nob","floor":8.0,"turns":5.0},{"damage":0.0,"enemies":"Exordium Wildlife","floor":10.0,"turns":4.0},{"damage":10,"enemies":"Large Slime","floor":11,"turns":4}],"seed_played":"7704466863062793302","potions_obtained":[{"floor":1.0,"key":"Fruit Juice"},{"floor":4.0,"key":"Regen Potion"},{"floor":6.0,"key":"Block Potion"},{"floor":7.0,"key":"SkillPotion"},{"floor":10.0,"key":"SpeedPotion"}],"is_trial":false,"path_per_floor":["M","$","M","M","?","E","M","E","T","M","M"],"character_chosen":"THE_SILENT","items_purchased":["Skewer","Leg Sweep"],"campfire_rested":0,"item_purchase_floors":[2,2],"current_hp_per_floor":[59,59,59,59,48,17,22,8,8,8,0],"gold":196,"neow_bonus":"BOSS_RELIC","is_prod":false,"is_daily":false,"chose_seed":false,"campfire_upgraded":0,"win_rate":0,"timestamp":1551990765,"path_taken":["M","$","M","M","?","E","M","E","T","M","M"],"build_version":"2019-02-06","purchased_purges":0,"victory":false,"max_hp_per_floor":[71,71,71,71,71,71,76,76,76,76,76],"card_choices":[{"not_picked":["Riddle With Holes","Dodge and Roll","Blade Dance"],"picked":"SKIP","floor":1.0},{"not_picked":["Tactician","Cloak And Dagger"],"picked":"Bouncing Flask","floor":3.0},{"not_picked":["Distraction","Slice","Bane"],"picked":"SKIP","floor":4.0},{"not_picked":["PiercingWail","Calculated Gamble"],"picked":"Infinite Blades","floor":6.0},{"not_picked":["Blur","Slice"],"picked":"After Image","floor":7.0},{"not_picked":["Reflex","Infinite Blades","Choke"],"picked":"SKIP","floor":8.0},{"not_picked":["Tactician","Acrobatics"],"picked":"Flying Knee","floor":10.0}],"player_experience":2115571,"relics_obtained":[{"floor":6.0,"key":"Centennial Puzzle"},{"floor":8.0,"key":"Pantograph"},{"floor":9.0,"key":"Ninja Scroll"}],"event_choices":[{"damage_healed":0.0,"max_hp_gain":0.0,"max_hp_loss":0.0,"gold_gain":75.0,"event_name":"World of Goop","player_choice":"Gather Gold","floor":5.0,"gold_loss":0.0,"damage_taken":11.0}],"is_beta":true,"boss_relics":[],"items_purged_floors":[],"is_endless":false,"potions_floor_spawned":[1,4,6,7,10],"killed_by":"Large Slime","ascension_level":15}