{"gold_per_floor":[113,113,36,47,47,81,81,91,91,120,120,130,142,177,177,255,255,268,318,318,333,102,102,134,134,134,95,20,20,55,66,66,139,139,150,150,167,167,179,214,214,249,276,292,292,323,323,355,355,355],"floor_reached":50,"playtime":2416,"items_purged":["Strike_G"],"score":1337,"play_id":"5e2ed5c2-e384-49da-a920-b0a03838c74b","local_time":"20190222233646","is_ascension_mode":true,"campfire_choices":[{"data":"Crippling Poison","floor":7,"key":"SMITH"},{"floor":11,"key":"REST"},{"data":"Footwork","floor":15,"key":"SMITH"},{"data":"Die Die Die","floor":23,"key":"SMITH"},{"floor":29,"key":"REST"},{"floor":32,"key":"REST"},{"floor":41,"key":"REST"},{"floor":47,"key":"RECALL"},{"floor":49,"key":"REST"}],"neow_cost":"NONE","seed_source_timestamp":468365799827951,"circlet_count":0,"master_deck":["AscendersBane","Defend_G+1","Defend_G","Defend_G","Defend_G","Defend_G+1","Strike_G","Strike_G","Strike_G","Survivor","Neutralize","Crippling Poison+1","Footwork+1","Die Die Die+1","Bouncing Flask","Quick Slash","Unload","Acrobatics","Quick Slash","Necronomicurse","Well Laid Plans","Concentrate","Backflip","Tools of the Trade","Underhanded Strike","Master of Strategy","Footwork","Cloak And Dagger+1","PiercingWail+1","Concentrate+1","Choke+1"],"relics":["Runic Dome","Mercury Hourglass","Bottled Tornado","Tingsha","Bottled Flame","HoveringKite","Bag of Preparation","Juzu Bracelet","Necronomicon","Unceasing Top","Omamori","Orrery","WarpedTongs","Oddly Smooth Stone","Sundial","Blood Vial","Darkstone Periapt"],"potions_floor_usage":[13,18,30,30,50],"damage_taken":[{"damage":4,"enemies":"Small Slimes","floor":1,"turns":5},{"damage":0,"enemies":"Jaw Worm","floor":4,"turns":6},{"damage":13,"enemies":"Lagavulin","floor":6,"turns":12},{"damage":6,"enemies":"2 Louse","floor":8,"turns":2},{"damage":15,"enemies":"Gremlin Nob","floor":10,"turns":5},{"damage":21,"enemies":"Exordium Wildlife","floor":12,"turns":4},{"damage":5,"enemies":"3 Louse","floor":13,"turns":3},{"damage":0,"enemies":"3 Sentries","floor":14,"turns":4},{"damage":0,"enemies":"The Guardian","floor":16,"turns":9},{"damage":9,"enemies":"2 Thieves","floor":18,"turns":3},{"damage":2,"enemies":"3 Byrds","floor":21,"turns":3},{"damage":15,"enemies":"Gremlin Leader","floor":24,"turns":5},{"damage":10,"enemies":"Book of Stabbing","floor":30,"turns":5},{"damage":0,"enemies":"3 Cultists","floor":31,"turns":3},{"damage":20,"enemies":"Collector","floor":33,"turns":9},{"damage":0,"enemies":"3 Shapes","floor":35,"turns":3},{"damage":0,"enemies":"Orb Walker","floor":37,"turns":2},{"damage":13,"enemies":"Spire Growth","floor":39,"turns":4},{"damage":0,"enemies":"Nemesis","floor":40,"turns":7},{"damage":0,"enemies":"Reptomancer","floor":42,"turns":5},{"damage":0,"enemies":"Sphere and 2 Shapes","floor":44,"turns":4},{"damage":12,"enemies":"Giant Head","floor":46,"turns":8},{"damage":11,"enemies":"Reptomancer","floor":48,"turns":5},{"damage":49,"enemies":"Time Eater","floor":50,"turns":11}],"seed_played":"2569009774398758685","potions_obtained":[{"floor":1,"key":"Weak Potion"},{"floor":12,"key":"SkillPotion"},{"floor":13,"key":"SkillPotion"},{"floor":21,"key":"Poison Potion"},{"floor":33,"key":"Block Potion"},{"floor":35,"key":"AttackPotion"}],"is_trial":false,"path_per_floor":["M","?","$","M","?","E","R","M","T","E","R","M","M","E","R","B",null,"M","?","?","M","$","R","E","?","T","$","?","R","E","M","R","B",null,"M","?","M","?","M","E","R","E","T","M","?","E","R","E","R","B"],"character_chosen":"THE_SILENT","items_purchased":["Footwork","Bag of Preparation","Well Laid Plans"],"campfire_rested":5,"item_purchase_floors":[3,22,27],"current_hp_per_floor":[55,35,35,35,57,44,44,38,38,23,42,21,16,16,16,16,54,45,45,45,43,43,43,28,7,7,7,7,26,16,16,35,15,53,53,43,43,43,30,30,49,49,49,49,49,37,37,28,47,0],"gold":355,"neow_bonus":"BOSS_RELIC","is_prod":false,"is_daily":false,"chose_seed":false,"campfire_upgraded":3,"win_rate":0,"timestamp":1550896606,"path_taken":["M","?","$","M","?","E","R","M","T","E","R","M","M","E","R","BOSS","M","?","?","M","$","R","E","?","T","$","?","R","E","M","R","BOSS","M","?","M","?","M","E","R","E","T","M","?","E","R","E","R","BOSS"],"build_version":"2019-02-06","purchased_purges":1,"victory":false,"max_hp_per_floor":[66,66,66,66,66,66,66,66,66,66,66,66,66,66,66,66,66,66,66,66,66,66,66,66,66,66,66,66,66,66,66,66,66,66,66,66,66,66,66,66,66,66,66,66,66,66,66,66,66,66],"card_choices":[{"not_picked":["Dagger Throw","Prepared"],"picked":"Crippling Poison","floor":1},{"not_picked":["Outmaneuver","Tactician","Heel Hook"],"picked":"SKIP","floor":4},{"not_picked":["Escape Plan","Setup","Flying Knee"],"picked":"SKIP","floor":6},{"not_picked":["Expertise","Concentrate","Setup"],"picked":"SKIP","floor":8},{"not_picked":["Underhanded Strike","Distraction"],"picked":"Die Die Die","floor":10},{"not_picked":["Blade Dance","Outmaneuver"],"picked":"Bouncing Flask","floor":12},{"not_picked":["Masterful Stab","Outmaneuver"],"picked":"Quick Slash","floor":13},{"not_picked":["Bouncing Flask","Slice","Bane"],"picked":"SKIP","floor":14},{"not_picked":["Die Die Die","Storm of Steel"],"picked":"Unload","floor":16},{"not_picked":["Cloak And Dagger","Tactician","Dagger Throw"],"picked":"SKIP","floor":18},{"not_picked":["Bane","Prepared"],"picked":"Quick Slash","floor":21},{"not_picked":["Calculated Gamble+1","Sucker Punch"],"picked":"Reflex","floor":24},{"not_picked":["Sucker Punch+1","Blur"],"picked":"Concentrate","floor":30},{"not_picked":["Bouncing Flask+1","Slice"],"picked":"Backflip","floor":31},{"not_picked":["Die Die Die","Phantasmal Killer"],"picked":"Tools of the Trade","floor":33},{"not_picked":["Bouncing Flask","Cloak And Dagger"],"picked":"Underhanded Strike","floor":34},{"not_picked":["Die Die Die","Prepared","Blade Dance"],"picked":"SKIP","floor":35},{"not_picked":["Deep Breath","Madness"],"picked":"Master of Strategy","floor":36},{"not_picked":["Dash","Outmaneuver"],"picked":"Footwork","floor":37},{"not_picked":["Quick Slash","Well Laid Plans","Dagger Spray"],"picked":"SKIP","floor":39},{"not_picked":["All Out Attack","Slice"],"picked":"Cloak And Dagger+1","floor":40},{"not_picked":["Skewer","Setup","Flying Knee"],"picked":"SKIP","floor":42},{"not_picked":["Tactician+1","Bouncing Flask"],"picked":"PiercingWail+1","floor":44},{"not_picked":["Bane","Outmaneuver"],"picked":"Concentrate+1","floor":46},{"not_picked":["Unload","Poisoned Stab"],"picked":"Choke+1","floor":48}],"player_experience":2019488,"relics_obtained":[{"floor":6,"key":"Mercury Hourglass"},{"floor":9,"key":"Bottled Tornado"},{"floor":10,"key":"Tingsha"},{"floor":14,"key":"Bottled Flame"},{"floor":24,"key":"Juzu Bracelet"},{"floor":25,"key":"Necronomicon"},{"floor":26,"key":"Unceasing Top"},{"floor":30,"key":"Omamori"},{"floor":40,"key":"Oddly Smooth Stone"},{"floor":42,"key":"Sundial"},{"floor":46,"key":"Blood Vial"},{"floor":48,"key":"Darkstone Periapt"}],"event_choices":[{"damage_healed":0,"gold_gain":0,"player_choice":"Entered Light","damage_taken":20,"max_hp_gain":0,"max_hp_loss":0,"event_name":"Shining Light","floor":2,"gold_loss":0,"cards_upgraded":["Defend_G","Defend_G"]},{"damage_healed":22,"gold_gain":0,"player_choice":"Banana","damage_taken":0,"max_hp_gain":0,"max_hp_loss":0,"event_name":"Big Fish","floor":5,"gold_loss":0},{"damage_healed":0,"gold_gain":50,"player_choice":"Stole From Cult","damage_taken":0,"max_hp_gain":0,"max_hp_loss":0,"event_name":"Nest","floor":19,"gold_loss":0},{"damage_healed":0,"gold_gain":0,"player_choice":"Read","damage_taken":0,"max_hp_gain":0,"max_hp_loss":0,"event_name":"The Library","floor":20,"gold_loss":0,"cards_obtained":["Acrobatics"]},{"damage_healed":0,"gold_gain":0,"player_choice":"Obtained Book","damage_taken":21,"max_hp_gain":0,"max_hp_loss":0,"event_name":"Cursed Tome","floor":25,"gold_loss":0},{"cards_removed":["Strike_G"],"damage_healed":0,"gold_gain":0,"player_choice":"Gave Gold","damage_taken":0,"max_hp_gain":0,"max_hp_loss":0,"event_name":"Beggar","floor":28,"gold_loss":75},{"damage_healed":0,"gold_gain":0,"player_choice":"Memory 3","damage_taken":10,"max_hp_gain":0,"max_hp_loss":0,"event_name":"SensoryStone","floor":36,"gold_loss":0},{"damage_healed":0,"gold_gain":0,"player_choice":"Rummage","damage_taken":0,"relics_obtained":["WarpedTongs"],"max_hp_gain":0,"max_hp_loss":0,"event_name":"Accursed Blacksmith","floor":38,"gold_loss":0,"cards_obtained":["Pain"]},{"cards_removed":["Reflex"],"damage_healed":0,"gold_gain":0,"player_choice":"Removed Skill","damage_taken":0,"max_hp_gain":0,"max_hp_loss":0,"event_name":"Falling","floor":45,"gold_loss":0}],"is_beta":true,"boss_relics":[{"not_picked":["Empty Cage","Philosopher\u0027s Stone"],"picked":"HoveringKite"},{"not_picked":["Black Star","Tiny House"],"picked":"Orrery"}],"items_purged_floors":[22],"is_endless":false,"potions_floor_spawned":[1,12,13,16,21,24,33,35,40,44,46],"killed_by":"Time Eater","ascension_level":15}