{"path_per_floor":["M","$","M","M","M","E","?","M","T","M","R","$","R","?","R","B",null,"M","M","?","$","?","R","M","R","T","M","$","T","M","?","R"],"character_chosen":"IRONCLAD","items_purchased":["Battle Trance","Armaments","Omamori","Fire Potion","War Paint"],"gold_per_floor":[113,80,93,109,120,152,152,162,215,226,226,172,172,237,237,336,336,347,359,359,163,163,163,173,173,200,218,67,67,79,79,79],"floor_reached":33,"campfire_rested":4,"playtime":1727,"current_hp_per_floor":[77,77,75,77,75,30,27,30,30,28,28,28,28,28,53,47,75,47,23,7,7,7,36,17,47,47,31,31,31,13,13,44],"items_purged":[],"gold":79,"score":396,"play_id":"5752cd5c-4b35-4f4a-9a62-b94c9154b4f3","is_prod":false,"is_daily":false,"is_ascension_mode":true,"campfire_upgraded":2,"path_taken":["M","?","?","?","M","E","?","M","T","M","R","$","R","?","R","BOSS","M","M","?","$","?","R","M","R","T","M","$","?","?","?","R","BOSS"],"build_version":"2018-02-15-PROD1","purchased_purges":0,"victory":false,"master_deck":["Strike_R+1","Strike_R+1","Strike_R+1","Strike_R+1","Strike_R+1","Defend_R+1","Defend_R+1","Defend_R+1","Defend_R+1","Bash","Metallicize","Battle Trance+1","Whirlwind+1","Seeing Red","Thunderclap","Feed","Armaments+1","Feed","Shrug It Off"],"max_hp_per_floor":[77,77,77,77,77,77,77,82,82,84,84,84,84,84,84,84,84,89,97,97,97,97,97,100,100,100,102,102,102,104,104,104],"relics":["Burning Blood","Darkstone Periapt","Singing Bowl","Tiny Chest","Philosopher\u0027s Stone","Nilry\u0027s Codex","Omamori","Lantern","War Paint","Oddly Smooth Stone"],"card_choices":[{"not_picked":["Spot Weakness","Bloodletting"],"picked":"Metallicize"},{"not_picked":["Intimidate","Heavy Blade"],"picked":"Whirlwind"},{"not_picked":["Thunderclap","Flex"],"picked":"Seeing Red"},{"not_picked":["Fire Breathing","True Grit"],"picked":"Thunderclap"},{"not_picked":["Clash","Disarm"],"picked":"Feed"},{"not_picked":["Berserk","Double Tap"],"picked":"Feed"},{"not_picked":["Inflame","Wild Strike"],"picked":"Shrug It Off"}],"player_experience":178043,"potions_floor_usage":[24,30,30],"damage_taken":[{"damage":1.0,"enemies":"Cultist","floor":1.0,"turns":4.0},{"damage":8.0,"enemies":"Jaw Worm","floor":3.0,"turns":5.0},{"damage":0.0,"enemies":"2 Louse","floor":4.0,"turns":1.0},{"damage":8.0,"enemies":"2 Fungi Beasts","floor":5.0,"turns":3.0},{"damage":51.0,"enemies":"Lagavulin","floor":6.0,"turns":6.0},{"damage":8.0,"enemies":"3 Louse","floor":8.0,"turns":4.0},{"damage":10.0,"enemies":"Looter","floor":10.0,"turns":5.0},{"damage":12.0,"enemies":"The Guardian","floor":16.0,"turns":16.0},{"damage":39.0,"enemies":"Spheric Guardian","floor":18.0,"turns":4.0},{"damage":38.0,"enemies":"2 Thieves","floor":19.0,"turns":5.0},{"damage":43,"enemies":"Sentry and Sphere","floor":24,"turns":7},{"damage":24,"enemies":"Snake Plant","floor":27,"turns":3},{"damage":26,"enemies":"Slaver and Parasite","floor":30,"turns":6},{"damage":60,"enemies":"Collector","floor":33,"turns":6}],"event_choices":[{"event_name":"Scrap Ooze","player_choice":"success","floor":7.0,"damage_taken":3.0},{"event_name":"Golden Wing","player_choice":"Gained Gold","floor":14.0,"damage_taken":0.0},{"event_name":"Cursed Tome","player_choice":"Obtained Book","floor":20.0,"damage_taken":0.0},{"event_name":"Forgotten Altar","player_choice":"Smashed Altar","floor":22.0,"damage_taken":0.0},{"event_name":"Back to Basics","player_choice":"Simplicity","floor":31,"damage_taken":0}],"boss_relics":[],"potions_floor_spawned":[1,4,5,8,27],"seed_played":"-8207880199475260797","killed_by":"Collector","ascension_level":10,"is_trial":false}