{"gold_per_floor":[116,39,89,109,120,120,153,153,153,153,163,194,212,237,237,314,314,334,315,315,240,240,255,255,286,309,320,320,370,370,399,399,470,470,490,490,507,169,180,213,232,261,273,295,324,336,13,28,28,28,28,28,28,58,58],"floor_reached":55,"playtime":3397,"items_purged":["Strike_G"],"score":1377,"play_id":"e23eabbb-94bb-41ba-804c-78cac9a22a27","local_time":"20190305224111","is_ascension_mode":true,"campfire_choices":[{"data":"Blade Dance","floor":6,"key":"SMITH"},{"data":"Neutralize","floor":8,"key":"SMITH"},{"data":"Footwork","floor":10,"key":"SMITH"},{"data":"Caltrops","floor":15,"key":"SMITH"},{"data":"Cloak And Dagger","floor":24,"key":"SMITH"},{"data":"Skewer","floor":28,"key":"SMITH"},{"data":"Cloak And Dagger","floor":30,"key":"SMITH"},{"data":"After Image","floor":32,"key":"SMITH"},{"floor":46,"key":"RECALL"},{"data":"After Image","floor":49,"key":"SMITH"},{"data":"Well Laid Plans","floor":52,"key":"SMITH"}],"neow_cost":"NONE","seed_source_timestamp":1414516301493602,"circlet_count":0,"master_deck":["AscendersBane","Defend_G","Defend_G","Defend_G","Defend_G","Defend_G","Survivor","Neutralize+1","Venomology+1","Crippling Poison+1","Accuracy+1","Quick Slash+1","Footwork+1","Blade Dance+1","Dash+1","Footwork","Deadly Poison","Cloak And Dagger+1","Caltrops+1","Adrenaline","Cloak And Dagger+1","Skewer+1","After Image+1","After Image+1","PiercingWail","Well Laid Plans+1","Dodge and Roll","Blur","Bandage Up","Backflip"],"relics":["Astrolabe","Centennial Puzzle","Matryoshka","Meat on the Bone","Ice Cream","Black Star","Kunai","Regal Pillow","Bag of Marbles","Whetstone","Singing Bowl","Coffee Dripper","Bag of Preparation","Blue Candle","Bronze Scales","Anchor","MawBank","Dream Catcher","Incense Burner","Mummified Hand","Boot","Snake Skull"],"potions_floor_usage":[1,5,7,11,12,14,16,16,16,16,18,18,23,23,25,31,31,31,31,33,37,39,40,41,42,44,45,48,50,54,55,55,55],"damage_taken":[{"damage":6,"enemies":"Jaw Worm","floor":1,"turns":5},{"damage":0,"enemies":"Cultist","floor":4,"turns":4},{"damage":0,"enemies":"Small Slimes","floor":5,"turns":3},{"damage":7,"enemies":"Gremlin Nob","floor":7,"turns":4},{"damage":0,"enemies":"Blue Slaver","floor":11,"turns":4},{"damage":10,"enemies":"3 Sentries","floor":12,"turns":10},{"damage":8,"enemies":"Large Slime","floor":13,"turns":4},{"damage":0,"enemies":"Lagavulin","floor":14,"turns":6},{"damage":1,"enemies":"Hexaghost","floor":16,"turns":8},{"damage":8,"enemies":"Chosen","floor":18,"turns":4},{"damage":13,"enemies":"2 Thieves","floor":19,"turns":4},{"damage":8,"enemies":"Cultist and Chosen","floor":23,"turns":6},{"damage":12,"enemies":"Book of Stabbing","floor":25,"turns":5},{"damage":0,"enemies":"Snecko","floor":27,"turns":6},{"damage":13,"enemies":"Slavers","floor":31,"turns":7},{"damage":11,"enemies":"Automaton","floor":33,"turns":12},{"damage":0,"enemies":"3 Shapes","floor":35,"turns":6},{"damage":0,"enemies":"3 Darklings","floor":37,"turns":5},{"damage":1,"enemies":"4 Shapes","floor":39,"turns":8},{"damage":0,"enemies":"Reptomancer","floor":40,"turns":8},{"damage":1,"enemies":"Jaw Worm Horde","floor":41,"turns":5},{"damage":8,"enemies":"Nemesis","floor":42,"turns":9},{"damage":4,"enemies":"Writhing Mass","floor":44,"turns":7},{"damage":0,"enemies":"Sphere and 2 Shapes","floor":45,"turns":5},{"damage":4,"enemies":"Maw","floor":48,"turns":7},{"damage":15,"enemies":"Awakened One","floor":50,"turns":21},{"damage":12,"enemies":"Shield and Spear","floor":54,"turns":8},{"damage":70,"enemies":"The Heart","floor":55,"turns":8}],"seed_played":"2259206647825748862","potions_obtained":[{"floor":4,"key":"EntropicBrew"},{"floor":13,"key":"FearPotion"},{"floor":16,"key":"LiquidBronze"},{"floor":22,"key":"Fire Potion"},{"floor":22,"key":"Dexterity Potion"},{"floor":27,"key":"EntropicBrew"},{"floor":33,"key":"GamblersBrew"},{"floor":48,"key":"Poison Potion"}],"is_trial":false,"path_per_floor":["M","$","?","M","M","R","E","R","T","R","M","E","M","E","R","B",null,"M","M","?","?","?","M","R","E","T","M","R","?","R","E","R","B",null,"M","?","M","$","M","E","M","E","T","M","M","R","$","M","R","B",null,"R","$","E","B"],"character_chosen":"THE_SILENT","items_purchased":["Footwork","Well Laid Plans","Bag of Preparation","Dodge and Roll","Mummified Hand","Bandage Up"],"campfire_rested":0,"item_purchase_floors":[2,38,38,38,47,47],"current_hp_per_floor":[53,53,53,53,53,53,46,46,46,46,46,36,40,40,40,39,59,51,38,38,38,38,42,42,42,42,42,42,42,42,44,44,45,61,61,61,63,63,64,66,67,61,61,57,59,59,59,61,61,50,73,73,73,65,0],"gold":58,"neow_bonus":"BOSS_RELIC","is_prod":false,"is_daily":false,"chose_seed":false,"campfire_upgraded":10,"win_rate":0,"timestamp":1551843671,"path_taken":["M","$","?","M","?","R","E","R","T","R","M","E","M","E","R","BOSS","M","M","?","?","?","?","R","E","T","M","R","?","R","E","R","BOSS","M","?","?","?","M","E","M","E","T","M","M","R","?","?","R","BOSS","R","$","E","BOSS"],"build_version":"2019-02-06","purchased_purges":1,"victory":false,"max_hp_per_floor":[66,66,66,66,66,66,66,66,66,66,66,66,66,66,66,66,66,66,66,66,66,66,66,66,66,66,66,66,66,66,66,66,66,66,66,66,68,68,70,72,74,76,76,76,78,78,78,80,80,80,80,80,80,80,80],"card_choices":[{"not_picked":["Riddle With Holes","Distraction"],"picked":"Quick Slash","floor":1},{"not_picked":["Quick Slash","Deflect"],"picked":"Blade Dance","floor":4},{"not_picked":["Dagger Spray","Dodge and Roll"],"picked":"Dash","floor":5},{"not_picked":["Masterful Stab","Tactician"],"picked":"Footwork","floor":7},{"not_picked":["Bane","Prepared","Riddle With Holes"],"picked":"SKIP","floor":11},{"not_picked":["Dagger Spray","Footwork"],"picked":"Deadly Poison","floor":12},{"not_picked":["Flying Knee","Dodge and Roll"],"picked":"Cloak And Dagger","floor":13},{"not_picked":["Accuracy","Prepared"],"picked":"Caltrops","floor":14},{"not_picked":["Phantasmal Killer","Die Die Die"],"picked":"Adrenaline","floor":16},{"not_picked":["Dash+1","Dagger Spray"],"picked":"Cloak And Dagger","floor":18},{"not_picked":["Accuracy+1","Flying Knee","Deflect"],"picked":"SKIP","floor":19},{"not_picked":["Dagger Throw","Poisoned Stab","Heel Hook"],"picked":"SKIP","floor":23},{"not_picked":["Acrobatics","Poisoned Stab"],"picked":"Skewer","floor":25},{"not_picked":["Tactician","Flechettes","Prepared"],"picked":"SKIP","floor":27},{"not_picked":["Dodge and Roll","Acrobatics"],"picked":"After Image","floor":31},{"not_picked":["Die Die Die","Tools of the Trade"],"picked":"After Image","floor":33},{"not_picked":["Sucker Punch","Deflect"],"picked":"PiercingWail","floor":35},{"not_picked":["Flying Knee","Slice","Outmaneuver"],"picked":"Singing Bowl","floor":37},{"not_picked":["Flying Knee","Outmaneuver","Deadly Poison"],"picked":"Singing Bowl","floor":39},{"not_picked":["Sucker Punch","Setup","Poisoned Stab"],"picked":"Singing Bowl","floor":40},{"not_picked":["Blade Dance","Terror","Riddle With Holes"],"picked":"Singing Bowl","floor":41},{"not_picked":["Quick Slash+1","Slice","Bane+1"],"picked":"Singing Bowl","floor":42},{"not_picked":["Quick Slash+1","PiercingWail"],"picked":"Blur","floor":44},{"not_picked":["Quick Slash","Slice","Caltrops"],"picked":"Singing Bowl","floor":45},{"not_picked":["Storm of Steel","Dagger Throw","Calculated Gamble"],"picked":"Singing Bowl","floor":48},{"not_picked":["Bane","Deflect"],"picked":"Backflip","floor":54}],"player_experience":2094797,"relics_obtained":[{"floor":7,"key":"Centennial Puzzle"},{"floor":9,"key":"Matryoshka"},{"floor":12,"key":"Meat on the Bone"},{"floor":14,"key":"Ice Cream"},{"floor":25,"key":"Kunai"},{"floor":25,"key":"Regal Pillow"},{"floor":26,"key":"Bag of Marbles"},{"floor":31,"key":"Whetstone"},{"floor":31,"key":"Singing Bowl"},{"floor":40,"key":"Blue Candle"},{"floor":40,"key":"Bronze Scales"},{"floor":42,"key":"Anchor"},{"floor":42,"key":"MawBank"},{"floor":43,"key":"Dream Catcher"},{"floor":43,"key":"Incense Burner"},{"floor":54,"key":"Boot"},{"floor":54,"key":"Snake Skull"}],"event_choices":[{"damage_healed":0,"gold_gain":50,"player_choice":"Pray","damage_taken":0,"max_hp_gain":0,"max_hp_loss":0,"event_name":"Golden Shrine","floor":3,"gold_loss":0},{"damage_healed":0,"gold_gain":0,"player_choice":"Ignored","damage_taken":0,"max_hp_gain":0,"max_hp_loss":0,"event_name":"The Mausoleum","floor":20,"gold_loss":0},{"cards_removed":["Strike_G"],"damage_healed":0,"gold_gain":0,"player_choice":"Gave Gold","damage_taken":0,"max_hp_gain":0,"max_hp_loss":0,"event_name":"Beggar","floor":21,"gold_loss":75},{"damage_healed":0,"gold_gain":0,"player_choice":"Got Potions","damage_taken":0,"max_hp_gain":0,"max_hp_loss":0,"event_name":"Lab","floor":22,"gold_loss":0},{"damage_healed":0,"gold_gain":50,"player_choice":"Stole From Cult","damage_taken":0,"max_hp_gain":0,"max_hp_loss":0,"event_name":"Nest","floor":29,"gold_loss":0},{"damage_healed":0,"gold_gain":0,"player_choice":"Ignored","damage_taken":0,"max_hp_gain":0,"max_hp_loss":0,"event_name":"SecretPortal","floor":36,"gold_loss":0}],"is_beta":true,"boss_relics":[{"not_picked":["Snecko Eye","Ectoplasm"],"picked":"Black Star"},{"not_picked":["Calling Bell","White Beast Statue"],"picked":"Coffee Dripper"}],"items_purged_floors":[38],"is_endless":false,"potions_floor_spawned":[4,5,7,12,13,16,27,33,39,40,41,48],"killed_by":"The Heart","ascension_level":15}