{"gold_per_floor":[112,112,122,140,65,65,100,100,100,126,126,126,138,150,150,229,229,239,255,7,20,0,0],"floor_reached":23,"playtime":802,"items_purged":["Strike_G"],"score":352,"play_id":"fa10ede8-6fc2-44f6-bee6-a2c3ea0c730a","local_time":"20190120194812","is_ascension_mode":true,"campfire_choices":[{"data":"Crippling Poison","floor":6.0,"key":"SMITH"},{"floor":8.0,"key":"REST"},{"floor":12.0,"key":"REST"},{"data":"Poisoned Stab","floor":15.0,"key":"SMITH"}],"neow_cost":"NONE","seed_source_timestamp":988386313144806,"circlet_count":0,"master_deck":["AscendersBane","Defend_G","Defend_G","Defend_G","Defend_G","Defend_G","Strike_G","Strike_G","Strike_G","Strike_G","Survivor","Neutralize+1","Flying Knee","Quick Slash","Crippling Poison+1","Poisoned Stab+1","Acrobatics","Corpse Explosion","Escape Plan","Catalyst","Crippling Poison","Noxious Fumes"],"special_seed":0,"relics":["Ring of the Snake","Bird Faced Urn","Turnip","Tough Bandages","Ginger","Omamori","Cursed Key","Membership Card"],"potions_floor_usage":[23,23],"damage_taken":[{"damage":0.0,"enemies":"Cultist","floor":1.0,"turns":5.0},{"damage":4.0,"enemies":"Small Slimes","floor":3.0,"turns":4.0},{"damage":2.0,"enemies":"Jaw Worm","floor":4.0,"turns":4.0},{"damage":15.0,"enemies":"3 Sentries","floor":7.0,"turns":13.0},{"damage":20.0,"enemies":"Gremlin Nob","floor":10.0,"turns":4.0},{"damage":3.0,"enemies":"Looter","floor":13.0,"turns":3.0},{"damage":0.0,"enemies":"Large Slime","floor":14.0,"turns":6.0},{"damage":17.0,"enemies":"Hexaghost","floor":16.0,"turns":12.0},{"damage":22.0,"enemies":"2 Thieves","floor":18.0,"turns":5.0},{"damage":2.0,"enemies":"Shell Parasite","floor":19.0,"turns":5.0},{"damage":17.0,"enemies":"Snecko","floor":21.0,"turns":6.0},{"damage":15,"enemies":"Book of Stabbing","floor":23,"turns":5}],"seed_played":"5000954795236607882","potions_obtained":[{"floor":3.0,"key":"Dexterity Potion"},{"floor":13.0,"key":"Fire Potion"},{"floor":16.0,"key":"Dexterity Potion"}],"is_trial":false,"path_per_floor":["M","?","M","M","$","R","E","R","T","E","?","R","M","M","R","B",null,"M","M","$","M","$","E"],"character_chosen":"THE_SILENT","items_purchased":["Membership Card","Catalyst","Noxious Fumes"],"campfire_rested":2,"item_purchase_floors":[20,20,22],"current_hp_per_floor":[59,41,37,35,35,35,20,39,39,19,19,38,35,35,35,18,54,32,30,30,13,13,0],"gold":0,"neow_bonus":"UPGRADE_CARD","is_prod":false,"is_daily":false,"chose_seed":false,"campfire_upgraded":2,"win_rate":0,"timestamp":1548031692,"path_taken":["M","?","M","M","$","R","E","R","T","E","?","R","M","M","R","BOSS","M","M","$","M","$","E"],"build_version":"2019-01-19","purchased_purges":1,"victory":false,"max_hp_per_floor":[66,66,66,66,66,66,66,66,66,66,66,66,66,66,66,66,66,66,66,66,66,66,66],"card_choices":[{"not_picked":["Dagger Throw","Dodge and Roll"],"picked":"Flying Knee","floor":1.0},{"not_picked":["Accuracy","Endless Agony"],"picked":"Quick Slash","floor":3.0},{"not_picked":["Slice","Bane"],"picked":"Crippling Poison","floor":4.0},{"not_picked":["Outmaneuver","Quick Slash","Expertise"],"picked":"SKIP","floor":7.0},{"not_picked":["Slice","Blade Dance","Terror"],"picked":"SKIP","floor":10.0},{"not_picked":["Crippling Poison","Infinite Blades"],"picked":"Poisoned Stab","floor":13.0},{"not_picked":["Flying Knee","Flechettes"],"picked":"Acrobatics","floor":14.0},{"not_picked":["Grand Finale","A Thousand Cuts"],"picked":"Corpse Explosion","floor":16.0},{"not_picked":["Deflect","Outmaneuver"],"picked":"Escape Plan","floor":18.0},{"not_picked":["Finisher","Masterful Stab","Distraction"],"picked":"SKIP","floor":19.0},{"not_picked":["Poisoned Stab","Tactician"],"picked":"Crippling Poison","floor":21.0}],"player_experience":1854861,"relics_obtained":[{"floor":7.0,"key":"Turnip"},{"floor":9.0,"key":"Tough Bandages"},{"floor":10.0,"key":"Ginger"}],"event_choices":[{"damage_healed":0.0,"max_hp_gain":0.0,"max_hp_loss":0.0,"gold_gain":0.0,"event_name":"Scrap Ooze","player_choice":"Success","floor":2.0,"gold_loss":0.0,"damage_taken":18.0,"relics_obtained":["Bird Faced Urn"]},{"damage_healed":0.0,"max_hp_gain":0.0,"max_hp_loss":0.0,"gold_gain":0.0,"event_name":"Dead Adventurer","player_choice":"Searched \u00271\u0027 times","floor":11.0,"gold_loss":0.0,"damage_taken":0.0,"relics_obtained":["Omamori"]}],"is_beta":true,"boss_relics":[{"not_picked":["Orrery","Eternal Feather"],"picked":"Cursed Key"}],"items_purged_floors":[5],"is_endless":false,"potions_floor_spawned":[3,13,16,18],"killed_by":"Book of Stabbing","ascension_level":15}