{"gold_per_floor":[116,66,66,76,1,1,19,37,37,52,80,80,80,93,93,93],"floor_reached":16,"playtime":558,"items_purged":["Strike_B"],"score":92,"play_id":"be97a692-b52d-43cb-aa8b-02427370dafd","local_time":"20190312181153","is_ascension_mode":false,"campfire_choices":[{"data":"Redo","floor":6,"key":"SMITH"},{"floor":13,"key":"REST"},{"data":"Genetic Algorithm","floor":15,"key":"SMITH"}],"neow_cost":"NONE","seed_source_timestamp":81145302756957,"circlet_count":0,"master_deck":["Strike_B","Defend_B","Defend_B","Defend_B","Defend_B","Zap","Dualcast","Redo+1","Conserve Battery","Genetic Algorithm+1","Conserve Battery","Defragment"],"relics":["Cracked Core","Blue Candle","Odd Mushroom","Matryoshka"],"potions_floor_usage":[],"damage_taken":[{"damage":1,"enemies":"Jaw Worm","floor":1,"turns":3},{"damage":0,"enemies":"2 Louse","floor":4,"turns":1},{"damage":0,"enemies":"Small Slimes","floor":7,"turns":3},{"damage":27,"enemies":"Gremlin Gang","floor":8,"turns":5},{"damage":16,"enemies":"Lots of Slimes","floor":10,"turns":5},{"damage":20,"enemies":"The Mushroom Lair","floor":11,"turns":5},{"damage":5,"enemies":"2 Fungi Beasts","floor":14,"turns":4},{"damage":28,"enemies":"Slime Boss","floor":16,"turns":3}],"seed_played":"1023045905925744843","potions_obtained":[{"floor":4,"key":"FocusPotion"},{"floor":8,"key":"Swift Potion"},{"floor":10,"key":"FocusPotion"}],"is_trial":false,"path_per_floor":["M","?","?","M","$","R","M","M","T","M","?","?","R","M","R","B"],"character_chosen":"DEFECT","items_purchased":[],"campfire_rested":1,"item_purchase_floors":[],"current_hp_per_floor":[74,74,67,67,67,67,67,40,40,24,4,4,26,21,21,0],"gold":93,"neow_bonus":"THREE_CARDS","is_prod":false,"is_daily":false,"chose_seed":false,"campfire_upgraded":2,"win_rate":0.0,"timestamp":1552410713,"path_taken":["M","?","?","M","$","R","M","M","T","M","?","?","R","?","R","BOSS"],"build_version":"2019-01-23","purchased_purges":1,"victory":false,"max_hp_per_floor":[75,75,75,75,75,75,75,75,75,75,75,75,75,75,75,75],"card_choices":[{"not_picked":["Conserve Battery","Streamline"],"picked":"Redo","floor":1},{"not_picked":["Skim","Rebound"],"picked":"Conserve Battery","floor":4},{"not_picked":["Hologram","Double Energy"],"picked":"Consume","floor":7},{"not_picked":["Go for the Eyes","Barrage"],"picked":"Genetic Algorithm","floor":8},{"not_picked":["Barrage","Rip and Tear","Compile Driver"],"picked":"SKIP","floor":10},{"not_picked":["Force Field","Sweeping Beam"],"picked":"Conserve Battery","floor":11},{"not_picked":["Leap","Barrage"],"picked":"Defragment","floor":14}],"player_experience":276177,"relics_obtained":[{"floor":9,"key":"Blue Candle"},{"floor":11,"key":"Odd Mushroom"}],"event_choices":[{"cards_removed":["Strike_B"],"damage_healed":0,"gold_gain":0,"player_choice":"Card Removal","damage_taken":0,"max_hp_gain":0,"max_hp_loss":0,"event_name":"The Cleric","floor":2,"gold_loss":50},{"cards_removed":["Strike_B"],"damage_healed":0,"gold_gain":0,"player_choice":"Card Removal","damage_taken":7,"max_hp_gain":0,"max_hp_loss":0,"event_name":"Golden Wing","floor":3,"gold_loss":0},{"damage_healed":0,"gold_gain":0,"player_choice":"Fought Mushrooms","damage_taken":0,"max_hp_gain":0,"max_hp_loss":0,"event_name":"Mushrooms","floor":11,"gold_loss":0},{"cards_removed":["Consume"],"damage_healed":0,"gold_gain":0,"player_choice":"Gave Card","damage_taken":0,"relics_obtained":["Matryoshka"],"max_hp_gain":0,"max_hp_loss":0,"event_name":"WeMeetAgain","floor":12,"gold_loss":0}],"is_beta":false,"boss_relics":[],"items_purged_floors":[5],"is_endless":false,"potions_floor_spawned":[4,8,10],"killed_by":"Slime Boss","ascension_level":0}