{"path_per_floor":["M","M","M","?","?","R","M","R","T","R","?","E","$","?","R","B",null,"M","M","$"],"character_chosen":"THE_SILENT","items_purchased":["Noxious Fumes","Catalyst","Poison Potion","Escape Plan"],"gold_per_floor":[115,127,147,147,222,222,237,237,285,285,285,319,39,214,214,335,335,354,370,232],"floor_reached":21,"campfire_rested":3,"playtime":1738,"current_hp_per_floor":[68,68,68,51,40,61,58,58,58,70,70,53,53,53,70,30,70,54,17,17],"items_purged":["Regret","Normality"],"gold":232,"play_id":"62c9d12a-138b-472b-9002-da5aaab4343f","is_prod":false,"is_daily":false,"is_ascension_mode":false,"campfire_upgraded":1,"path_taken":["M","M","?","?","?","R","M","R","T","R","?","E","$","?","R","BOSS","M","M","$","M"],"build_version":"2018-02-01-PROD3","purchased_purges":2,"victory":false,"master_deck":["Defend_G","Defend_G","Defend_G","Defend_G","Defend_G","Strike_G","Strike_G+1","Strike_G","Strike_G+1","Strike_G","Survivor","Neutralize","PiercingWail","Backflip","Deadly Poison+1","Footwork","Flying Knee","Noxious Fumes","Catalyst","Doubt","Noxious Fumes","Adrenaline","Injury","Decay","Blur","Prepared","Escape Plan"],"max_hp_per_floor":[70,70,70,70,70,70,70,70,70,70,70,70,70,70,70,70,70,70,70,70],"relics":["Ring of the Snake","Whetstone","Golden Idol","Dream Catcher","Girya","Pen Nib","Calling Bell","Prayer Wheel","Toolbox","Gremlin Horn"],"card_choices":[{"not_picked":["Bane","Caltrops"],"picked":"PiercingWail"},{"not_picked":["Catalyst","Outmaneuver"],"picked":"Backflip"},{"not_picked":["Dagger Spray","PiercingWail"],"picked":"Deadly Poison"},{"not_picked":["Dagger Throw","Heel Hook"],"picked":"Footwork"},{"not_picked":["Bullet Time","Finisher"],"picked":"Flying Knee"},{"not_picked":["Dagger Throw","Outmaneuver"],"picked":"Noxious Fumes"},{"not_picked":["Wraith Form","Phantasmal Killer"],"picked":"Adrenaline"},{"not_picked":["Escape Plan","Terror"],"picked":"Blur"},{"not_picked":["Crippling Poison","Flying Knee"],"picked":"Prepared"}],"player_experience":72045,"potions_floor_usage":[7,12,18,19,21],"damage_taken":[{"damage":2,"enemies":"Blue Slaver","floor":1,"turns":5},{"damage":0,"enemies":"Small Slimes","floor":2,"turns":4},{"damage":0,"enemies":"Jaw Worm","floor":3,"turns":5},{"damage":3,"enemies":"Looter","floor":7,"turns":4},{"damage":17,"enemies":"Lagavulin","floor":12,"turns":10},{"damage":40,"enemies":"The Guardian","floor":16,"turns":8},{"damage":16,"enemies":"Chosen","floor":18,"turns":6},{"damage":37,"enemies":"3 Byrds","floor":19,"turns":7},{"damage":21,"enemies":"Cultist and Chosen","floor":21,"turns":6}],"event_choices":[{"event_name":"Golden Idol","player_choice":"Take Damage","floor":4,"damage_taken":0},{"event_name":"World of Goop","player_choice":"Gather Gold","floor":5,"damage_taken":0},{"event_name":"Big Fish","player_choice":"Box","floor":11,"damage_taken":0},{"event_name":"Liars Game","player_choice":"agreed","floor":14,"damage_taken":0}],"boss_relics":[{"not_picked":["Astrolabe","Runic Dome"],"picked":"Calling Bell"}],"potions_floor_spawned":[2,3,12,19],"seed_played":"1673259565974626809","killed_by":"Cultist and Chosen","ascension_level":0,"is_trial":false}