{"gold_per_floor":[209,225,300,19,36,36,36,36,36,36,53,53,69,125,125,125],"floor_reached":16,"playtime":594,"items_purged":["Strike_R"],"score":126,"play_id":"dea4523e-d3fd-4fd2-a476-b2897510caf9","local_time":"20190314024341","is_ascension_mode":true,"campfire_choices":[{"data":"Barricade","floor":6,"key":"SMITH"},{"data":"Seeing Red","floor":10,"key":"SMITH"},{"data":"Armaments","floor":12,"key":"SMITH"},{"floor":15,"key":"REST"}],"neow_cost":"NONE","seed_source_timestamp":8353325628999,"circlet_count":0,"master_deck":["Strike_R","Strike_R","Strike_R","Strike_R","Defend_R","Defend_R","Defend_R","Defend_R","Bash","Twin Strike","Seeing Red+1","Barricade+1","Armaments+1","Wild Strike"],"special_seed":0,"relics":["Burning Blood","Membership Card","Singing Bowl","Incense Burner"],"potions_floor_usage":[],"damage_taken":[{"damage":6.0,"enemies":"Cultist","floor":1.0,"turns":3.0},{"damage":4,"enemies":"Small Slimes","floor":2,"turns":4},{"damage":2,"enemies":"Jaw Worm","floor":5,"turns":3},{"damage":17,"enemies":"Looter","floor":11,"turns":3},{"damage":8,"enemies":"Exordium Wildlife","floor":13,"turns":5},{"damage":59,"enemies":"Lagavulin Event","floor":14,"turns":9},{"damage":0,"enemies":"Hexaghost","floor":16,"turns":2}],"seed_played":"3307518288317859884","potions_obtained":[{"floor":2,"key":"GamblersBrew"},{"floor":13,"key":"FairyPotion"}],"is_trial":false,"path_per_floor":["M","M","?","$","M","R","$","?","T","R","M","R","M","?","R","B"],"character_chosen":"IRONCLAD","items_purchased":["Membership Card","Barricade"],"campfire_rested":1,"item_purchase_floors":[4,4],"current_hp_per_floor":[72,74,63,63,67,67,67,67,67,67,56,56,56,14,38,38],"gold":125,"neow_bonus":"HUNDRED_GOLD","is_prod":false,"is_daily":false,"chose_seed":false,"campfire_upgraded":3,"win_rate":0,"timestamp":1552499021,"path_taken":["M","M","?","$","M","R","$","?","T","R","?","R","M","?","R","BOSS"],"build_version":"2019-01-23","purchased_purges":1,"victory":false,"max_hp_per_floor":[80,80,80,80,80,80,80,80,80,80,80,80,82,82,82,82],"card_choices":[{"not_picked":["Iron Wave","Thunderclap"],"picked":"Twin Strike","floor":1.0},{"not_picked":["Sword Boomerang","Warcry"],"picked":"Seeing Red","floor":2},{"not_picked":["Shockwave","Thunderclap","Clothesline"],"picked":"SKIP","floor":5},{"not_picked":["Twin Strike","Dropkick"],"picked":"Armaments","floor":11},{"not_picked":["Sword Boomerang","Burning Pact","Heavy Blade"],"picked":"Singing Bowl","floor":13},{"not_picked":["Rampage","Seeing Red"],"picked":"Wild Strike","floor":14}],"player_experience":353639,"relics_obtained":[{"floor":9,"key":"Singing Bowl"},{"floor":14,"key":"Incense Burner"}],"event_choices":[{"damage_healed":0,"gold_gain":75,"player_choice":"Gather Gold","damage_taken":11,"max_hp_gain":0,"max_hp_loss":0,"event_name":"World of Goop","floor":3,"gold_loss":0},{"damage_healed":0,"gold_gain":0,"player_choice":"Leave","damage_taken":0,"max_hp_gain":0,"max_hp_loss":0,"event_name":"The Cleric","floor":8,"gold_loss":0},{"damage_healed":0,"gold_gain":30,"player_choice":"Searched \u00272\u0027 times","damage_taken":0,"max_hp_gain":0,"max_hp_loss":0,"event_name":"Dead Adventurer","floor":14,"gold_loss":0}],"is_beta":false,"boss_relics":[],"items_purged_floors":[4],"is_endless":false,"potions_floor_spawned":[2,13],"killed_by":"Hexaghost","ascension_level":8}