{"gold_per_floor":[111,111,186,186,202,235,235,251,251,251,294,314,314],"floor_reached":13,"playtime":252,"items_purged":[],"score":207,"play_id":"9c974431-cbc5-4089-a2ef-368f1c670325","local_time":"20190111194023","is_ascension_mode":true,"campfire_choices":[{"data":"Armaments","floor":7,"key":"SMITH"},{"data":"Bash","floor":10,"key":"SMITH"}],"neow_cost":"NONE","seed_source_timestamp":210874177186093,"circlet_count":0,"master_deck":["AscendersBane","Strike_R","Strike_R","Strike_R","Strike_R","Strike_R","Defend_R","Defend_R","Defend_R","Defend_R","Bash+1","Armaments+1","Body Slam","Perfected Strike+1","Clothesline+1"],"relics":["Burning Blood","NeowsBlessing","Golden Idol","Blue Candle","Molten Egg 2","Frozen Egg 2"],"potions_floor_usage":[13,13],"damage_taken":[{"damage":0,"enemies":"Small Slimes","floor":1,"turns":1},{"damage":0,"enemies":"2 Louse","floor":5,"turns":1},{"damage":0,"enemies":"Lagavulin","floor":6,"turns":1},{"damage":1,"enemies":"Cultist","floor":8,"turns":3},{"damage":54,"enemies":"Gremlin Nob","floor":11,"turns":5},{"damage":13,"enemies":"Blue Slaver","floor":12,"turns":4},{"damage":45,"enemies":"Lagavulin","floor":13,"turns":7}],"seed_played":"-1614927101617690174","potions_obtained":[{"floor":11,"key":"Regen Potion"},{"floor":12,"key":"GamblersBrew"}],"is_trial":false,"path_per_floor":["M","?","?","?","M","E","R","M","T","R","E","M","E"],"character_chosen":"IRONCLAD","items_purchased":[],"campfire_rested":0,"item_purchase_floors":[],"current_hp_per_floor":[74,68,57,57,63,68,68,68,68,68,20,13,0],"gold":314,"neow_bonus":"THREE_ENEMY_KILL","is_prod":false,"is_daily":false,"chose_seed":false,"campfire_upgraded":2,"win_rate":0,"timestamp":1547253623,"path_taken":["M","?","?","?","M","E","R","M","T","R","E","M","E"],"build_version":"2019-01-10","purchased_purges":0,"victory":false,"max_hp_per_floor":[75,68,68,68,68,68,68,68,68,68,68,68,68],"card_choices":[{"not_picked":["Headbutt","Combust"],"picked":"Armaments","floor":1},{"not_picked":["Power Through","Dropkick","Wild Strike"],"picked":"SKIP","floor":5},{"not_picked":["Sever Soul","Dark Embrace","Warcry"],"picked":"SKIP","floor":6},{"not_picked":["Intimidate","Second Wind"],"picked":"Body Slam","floor":8},{"not_picked":["Clash+1","Armaments"],"picked":"Perfected Strike+1","floor":11},{"not_picked":["Cleave+1","Armaments"],"picked":"Clothesline+1","floor":12}],"player_experience":1827827,"relics_obtained":[{"floor":6,"key":"Blue Candle"},{"floor":9,"key":"Molten Egg 2"},{"floor":11,"key":"Frozen Egg 2"}],"event_choices":[{"damage_healed":0,"gold_gain":0,"player_choice":"Lose Max HP","damage_taken":0,"relics_obtained":["Golden Idol"],"max_hp_gain":0,"max_hp_loss":7,"event_name":"Golden Idol","floor":2,"gold_loss":0},{"damage_healed":0,"gold_gain":75,"player_choice":"Gather Gold","damage_taken":11,"max_hp_gain":0,"max_hp_loss":0,"event_name":"World of Goop","floor":3,"gold_loss":0},{"damage_healed":0,"gold_gain":0,"player_choice":"Leave","damage_taken":0,"max_hp_gain":0,"max_hp_loss":0,"event_name":"The Cleric","floor":4,"gold_loss":0}],"is_beta":true,"boss_relics":[],"items_purged_floors":[],"is_endless":false,"potions_floor_spawned":[11,12],"killed_by":"Lagavulin","ascension_level":15}