{"gold_per_floor":[111,128,128,128,128,144,11,11,11,21,52,12,12,22,22,125,125,143,143,143,155,174,174,193,193,216,216,216,216,216,17,17,17],"floor_reached":33,"playtime":1848,"items_purged":[],"score":268,"play_id":"3d2d66b1-ed42-4b48-a064-1145f34efe88","local_time":"20190313201710","is_ascension_mode":false,"campfire_choices":[{"floor":13,"key":"REST"},{"data":"Armaments","floor":15,"key":"SMITH"},{"floor":23,"key":"DIG"},{"floor":25,"key":"DIG"},{"floor":27,"key":"DIG"},{"floor":29,"key":"DIG"},{"data":"Flex","floor":32,"key":"SMITH"}],"neow_cost":"NONE","seed_source_timestamp":3562543526908,"circlet_count":0,"master_deck":["Strike_R+1","Strike_R+1","Strike_R+1","Strike_R+1","Strike_R+1","Defend_R+1","Defend_R+1","Defend_R+1","Defend_R+1","Bash","Bludgeon","Iron Wave","Shrug It Off","Heavy Blade","Discovery+1","Anger","Flex+1","Havoc","Dropkick","Armaments+1","Clash","Blood for Blood","Feel No Pain","Cleave+1","Swift Strike","Feel No Pain","Blood for Blood"],"relics":["Burning Blood","StoneCalendar","WingedGreaves","Shovel","Charon\u0027s Ashes","Nloth\u0027s Gift","Peace Pipe","War Paint","Juzu Bracelet","Bird Faced Urn","Pocketwatch"],"potions_floor_usage":[16,16,16,22,33],"damage_taken":[{"damage":8,"enemies":"Jaw Worm","floor":1,"turns":3},{"damage":0,"enemies":"Cultist","floor":2,"turns":2},{"damage":0,"enemies":"2 Louse","floor":6,"turns":2},{"damage":15,"enemies":"Exordium Thugs","floor":10,"turns":3},{"damage":35,"enemies":"3 Sentries","floor":11,"turns":7},{"damage":13,"enemies":"Red Slaver","floor":14,"turns":2},{"damage":26,"enemies":"The Guardian","floor":16,"turns":7},{"damage":5,"enemies":"Chosen","floor":18,"turns":4},{"damage":17,"enemies":"3 Byrds","floor":21,"turns":5},{"damage":29,"enemies":"Cultist and Chosen","floor":22,"turns":5},{"damage":21,"enemies":"Sentry and Sphere","floor":24,"turns":5},{"damage":106,"enemies":"Automaton","floor":33,"turns":10}],"seed_played":"452388091330038169","potions_obtained":[{"floor":2,"key":"LiquidBronze"},{"floor":6,"key":"Fruit Juice"},{"floor":10,"key":"PowerPotion"},{"floor":14,"key":"AttackPotion"},{"floor":21,"key":"Explosive Potion"},{"floor":24,"key":"PowerPotion"}],"is_trial":false,"path_per_floor":["M","M","?","?","T","M","$","?","T","M","E","$","R","M","R","B",null,"M","?","?","M","M","R","M","R","T","R","?","R","$","$","R","B"],"character_chosen":"IRONCLAD","items_purchased":["Discovery","Anger","Dropkick","Swift Strike","Feel No Pain","Blood for Blood"],"campfire_rested":1,"item_purchase_floors":[7,7,12,31,31,31],"current_hp_per_floor":[78,80,80,85,85,85,85,78,78,69,40,40,65,58,58,43,90,90,90,90,79,56,56,41,41,41,41,100,100,100,100,100,0],"gold":17,"neow_bonus":"ONE_RANDOM_RARE_CARD","is_prod":false,"is_daily":false,"chose_seed":false,"campfire_upgraded":2,"win_rate":0.0,"timestamp":1552533430,"path_taken":["M","M","?","?","?","?","?","?","T","M","E","$","R","M","R","BOSS","M","?","?","M","M","R","M","R","T","R","?","R","?","$","R","BOSS"],"build_version":"2019-01-23","purchased_purges":0,"victory":false,"max_hp_per_floor":[80,80,80,85,85,85,85,85,85,85,85,85,85,85,85,90,90,90,90,90,90,90,90,90,90,90,90,100,100,100,100,100,100],"card_choices":[{"not_picked":["Headbutt","Reckless Charge"],"picked":"Iron Wave","floor":1},{"not_picked":["Iron Wave","Power Through"],"picked":"Shrug It Off","floor":2},{"not_picked":["Headbutt","Sword Boomerang"],"picked":"Heavy Blade","floor":6},{"not_picked":["Combust","Wild Strike"],"picked":"Flex","floor":10},{"not_picked":["Body Slam","Exhume"],"picked":"Havoc","floor":11},{"not_picked":["Heavy Blade","Seeing Red"],"picked":"Armaments","floor":14},{"not_picked":["Berserk","Bludgeon"],"picked":"Exhume","floor":16},{"not_picked":["Battle Trance","Cleave"],"picked":"Clash","floor":18},{"not_picked":["Clothesline","Body Slam"],"picked":"Blood for Blood","floor":21},{"not_picked":["Sword Boomerang","Perfected Strike+1"],"picked":"Feel No Pain","floor":22},{"not_picked":["Shrug It Off+1","Dark Embrace"],"picked":"Cleave+1","floor":24}],"player_experience":52128,"relics_obtained":[{"floor":5,"key":"StoneCalendar"},{"floor":9,"key":"Shovel"},{"floor":11,"key":"Charon\u0027s Ashes"},{"floor":23,"key":"Peace Pipe"},{"floor":25,"key":"War Paint"},{"floor":26,"key":"Juzu Bracelet"},{"floor":27,"key":"Bird Faced Urn"},{"floor":29,"key":"Pocketwatch"}],"event_choices":[{"damage_healed":0,"gold_gain":0,"player_choice":"Leave","damage_taken":0,"max_hp_gain":0,"max_hp_loss":0,"event_name":"The Cleric","floor":3,"gold_loss":0},{"damage_healed":0,"gold_gain":0,"player_choice":"Donut","damage_taken":0,"max_hp_gain":5,"max_hp_loss":0,"event_name":"Big Fish","floor":4,"gold_loss":0},{"damage_healed":0,"gold_gain":0,"player_choice":"Success","damage_taken":7,"relics_obtained":["WingedGreaves"],"max_hp_gain":0,"max_hp_loss":0,"event_name":"Scrap Ooze","floor":8,"gold_loss":0},{"damage_healed":0,"gold_gain":0,"player_choice":"Simplicity","damage_taken":0,"max_hp_gain":0,"max_hp_loss":0,"event_name":"Back to Basics","floor":19,"gold_loss":0,"cards_upgraded":["Strike_R","Strike_R","Strike_R","Strike_R","Strike_R","Defend_R","Defend_R","Defend_R","Defend_R"]},{"damage_healed":0,"gold_gain":0,"player_choice":"Traded Relic","damage_taken":0,"relics_obtained":["Nloth\u0027s Gift"],"max_hp_gain":0,"max_hp_loss":0,"event_name":"N\u0027loth","floor":20,"relics_lost":["Mark of Pain"],"gold_loss":0},{"cards_removed":["Exhume"],"damage_healed":49,"gold_gain":0,"player_choice":"Offered Rare","damage_taken":0,"max_hp_gain":10,"max_hp_loss":0,"event_name":"Bonfire Elementals","floor":28,"gold_loss":0}],"is_beta":false,"boss_relics":[{"not_picked":["Runic Pyramid","Philosopher\u0027s Stone"],"picked":"Mark of Pain"}],"items_purged_floors":[],"is_endless":false,"potions_floor_spawned":[2,6,10,14,21,24],"killed_by":"Automaton","ascension_level":0}