{"path_per_floor":["M","T","?","?","M","R","$","R","T","M","?","M","R","M","R","B",null,"M","?","M","?","T","E","$","M","T","M","R","E"],"character_chosen":"IRONCLAD","items_purchased":["Inflame","Regen Potion"],"gold_per_floor":[117,144,94,54,71,71,71,71,71,86,86,105,105,115,115,219,219,229,229,249,194,194,223,25,40,40,53,53,83],"floor_reached":30,"campfire_rested":1,"playtime":2728,"current_hp_per_floor":[80,80,80,80,80,80,80,80,80,80,80,80,80,80,80,10,80,47,47,33,33,33,21,21,18,18,13,41,21],"items_purged":["Regret"],"gold":83,"play_id":"5446a396-385e-4648-a06a-1c3ec873ff8d","is_prod":false,"is_daily":false,"is_ascension_mode":true,"campfire_upgraded":4,"path_taken":["M","?","?","?","M","R","$","R","T","?","?","M","R","M","R","BOSS","M","?","M","?","?","E","$","M","T","?","R","E","M"],"build_version":"2018-02-01-PROD3","purchased_purges":1,"victory":false,"master_deck":["Strike_R","Strike_R","Strike_R","Strike_R","Defend_R","Defend_R","Defend_R","Defend_R","Bash+1","Whirlwind+1","Metallicize+1","Warcry+1","Trip+1","Thunderclap+1","Pommel Strike","Limit Break","Writhe","Parasite","Shrug It Off","Inflame","Warcry","Armaments"],"max_hp_per_floor":[80,80,80,80,80,80,80,80,80,80,80,80,80,80,80,80,80,80,80,80,80,80,94,94,94,94,94,94,94],"relics":["Burning Blood","Vajra","Thread and Needle","Calling Bell","Shuriken","Ancient Tea Set","Darkstone Periapt","Omamori","Tiny Chest","Blood Vial","Mango","Bird Faced Urn","Whetstone"],"card_choices":[{"not_picked":["Clash","Metallicize"],"picked":"Whirlwind"},{"not_picked":["Havoc","Cleave"],"picked":"Metallicize"},{"not_picked":["Intimidate","Feed"],"picked":"Warcry"},{"not_picked":["Wild Strike","Rage"],"picked":"Pommel Strike"},{"not_picked":["Bludgeon","Impervious"],"picked":"Limit Break"},{"not_picked":["Sever Soul","Combust"],"picked":"Shrug It Off"},{"not_picked":["Twin Strike","Thunderclap"],"picked":"Warcry"},{"not_picked":["Pummel","Intimidate"],"picked":"Armaments"}],"player_experience":86511,"potions_floor_usage":[16,16,16,23,25,30],"damage_taken":[{"damage":6,"enemies":"Blue Slaver","floor":1,"turns":7},{"damage":2,"enemies":"Small Slimes","floor":5,"turns":4},{"damage":0,"enemies":"Cultist","floor":10,"turns":3},{"damage":0,"enemies":"3 Louse","floor":12,"turns":3},{"damage":6,"enemies":"Lots of Slimes","floor":14,"turns":2},{"damage":76,"enemies":"Hexaghost","floor":16,"turns":10},{"damage":39,"enemies":"2 Thieves","floor":18,"turns":4},{"damage":20,"enemies":"3 Byrds","floor":20,"turns":7},{"damage":34,"enemies":"Gremlin Leader","floor":23,"turns":8},{"damage":17,"enemies":"Snake Plant","floor":25,"turns":4},{"damage":17,"enemies":"Cultist and Chosen","floor":27,"turns":7},{"damage":32,"enemies":"Book of Stabbing","floor":29,"turns":6},{"damage":28,"enemies":"Slaver and Parasite","floor":30,"turns":5}],"event_choices":[{"event_name":"The Cleric","player_choice":"Card Removal","floor":3,"damage_taken":0},{"event_name":"The Woman in Blue","player_choice":"Bought 3 Potions","floor":4,"damage_taken":0},{"event_name":"Match and Keep!","player_choice":"2 cards matched","floor":11,"damage_taken":0},{"event_name":"The Mausoleum","player_choice":"Yes","floor":19,"damage_taken":0},{"event_name":"Addict","player_choice":"Obtained Relic","floor":21,"damage_taken":0}],"boss_relics":[{"not_picked":["Velvet Choker","Snecko Eye"],"picked":"Calling Bell"}],"potions_floor_spawned":[1,10,18,29],"seed_played":"286363759660055036","killed_by":"Slaver and Parasite","ascension_level":1,"is_trial":false}