{"gold_per_floor":[112,112,126,138,157,157,189,189,189,208,183,2,34,34,34,106,106,118,168,178,196,196,223,223,249,249,249,249,276,201,219,219,219],"floor_reached":33,"playtime":1275,"items_purged":["Strike_G"],"score":551,"play_id":"1b71f099-6482-4f01-a8b6-20e6861b6588","local_time":"20190214122334","is_ascension_mode":true,"campfire_choices":[{"floor":6,"key":"REST"},{"floor":8,"key":"REST"},{"floor":15,"key":"REST"},{"floor":24,"key":"REST"},{"data":"1","floor":27,"key":"LIFT"},{"floor":32,"key":"REST"}],"neow_cost":"NONE","seed_source_timestamp":2975054719164,"circlet_count":0,"master_deck":["AscendersBane","Defend_G","Defend_G","Defend_G","Defend_G","Defend_G","Strike_G","Strike_G","Strike_G","Survivor","Neutralize","Flying Knee","Quick Slash","Bouncing Flask","Escape Plan","Night Terror","Skewer","Acrobatics","Wraith Form v2","Malaise","Footwork","Backflip","Corpse Explosion","Dash+1","Predator"],"relics":["Fusion Hammer","Blue Candle","Meat on the Bone","Vajra","PreservedInsect","Empty Cage","Juzu Bracelet","Girya","Shuriken","Orichalcum"],"potions_floor_usage":[7,18,23,25,33],"damage_taken":[{"damage":0,"enemies":"Small Slimes","floor":1,"turns":4},{"damage":2,"enemies":"Cultist","floor":3,"turns":5},{"damage":4,"enemies":"Jaw Worm","floor":4,"turns":4},{"damage":11,"enemies":"3 Louse","floor":5,"turns":4},{"damage":34,"enemies":"3 Sentries","floor":7,"turns":10},{"damage":3,"enemies":"Exordium Wildlife","floor":10,"turns":3},{"damage":12,"enemies":"Exordium Thugs","floor":11,"turns":5},{"damage":18,"enemies":"Lagavulin","floor":13,"turns":6},{"damage":18,"enemies":"The Guardian","floor":16,"turns":13},{"damage":0,"enemies":"3 Byrds","floor":18,"turns":6},{"damage":1,"enemies":"Chosen","floor":20,"turns":6},{"damage":28,"enemies":"Shelled Parasite and Fungi","floor":21,"turns":8},{"damage":36,"enemies":"Book of Stabbing","floor":23,"turns":7},{"damage":1,"enemies":"Gremlin Leader","floor":25,"turns":9},{"damage":22,"enemies":"Book of Stabbing","floor":29,"turns":7},{"damage":8,"enemies":"3 Cultists","floor":31,"turns":3},{"damage":88,"enemies":"Automaton","floor":33,"turns":12}],"seed_played":"-5266513675739906934","potions_obtained":[{"floor":1,"key":"LiquidBronze"},{"floor":7,"key":"AttackPotion"},{"floor":11,"key":"PowerPotion"},{"floor":18,"key":"Explosive Potion"},{"floor":25,"key":"Poison Potion"}],"is_trial":false,"path_per_floor":["M","?","M","M","M","R","E","R","T","M","M","$","E","$","R","B",null,"M","?","M","M","?","E","R","E","T","R","$","E","$","M","R","B"],"character_chosen":"THE_SILENT","items_purchased":["Acrobatics","Vajra"],"campfire_rested":5,"item_purchase_floors":[12,12],"current_hp_per_floor":[59,59,57,53,42,61,27,46,46,43,43,43,37,37,56,38,59,59,59,58,42,42,18,37,36,36,36,36,26,26,30,49,0],"gold":219,"neow_bonus":"BOSS_RELIC","is_prod":false,"is_daily":false,"chose_seed":false,"campfire_upgraded":0,"win_rate":0,"timestamp":1550165014,"path_taken":["M","?","M","M","M","R","E","R","T","M","?","$","E","$","R","BOSS","M","?","M","M","?","E","R","E","T","R","$","E","$","M","R","BOSS"],"build_version":"2019-02-06","purchased_purges":1,"victory":false,"max_hp_per_floor":[66,66,66,66,66,66,66,66,66,66,66,66,66,66,66,66,66,66,66,66,66,66,66,66,66,66,66,66,66,66,66,66,66],"card_choices":[{"not_picked":["Expertise","Sucker Punch"],"picked":"Flying Knee","floor":1},{"not_picked":["Outmaneuver","Calculated Gamble"],"picked":"Quick Slash","floor":3},{"not_picked":["Endless Agony","Dodge and Roll"],"picked":"Bouncing Flask","floor":4},{"not_picked":["Flying Knee","Dodge and Roll"],"picked":"Escape Plan","floor":5},{"not_picked":["Concentrate","Infinite Blades"],"picked":"Night Terror","floor":7},{"not_picked":["Eviscerate","Noxious Fumes"],"picked":"Skewer","floor":10},{"not_picked":["Choke","Prepared","Outmaneuver"],"picked":"SKIP","floor":11},{"not_picked":["Dodge and Roll","Deadly Poison"],"picked":"Wraith Form v2","floor":13},{"not_picked":["Doppelganger","Adrenaline"],"picked":"Malaise","floor":16},{"not_picked":["Quick Slash","Flying Knee+1","Deflect"],"picked":"SKIP","floor":18},{"not_picked":["PiercingWail","Outmaneuver"],"picked":"Footwork","floor":20},{"not_picked":["All Out Attack","Slice","Deflect"],"picked":"SKIP","floor":21},{"not_picked":["Blur","Endless Agony"],"picked":"Backflip","floor":23},{"not_picked":["Underhanded Strike","Catalyst+1"],"picked":"Corpse Explosion","floor":25},{"not_picked":["Quick Slash","Backstab"],"picked":"Dash+1","floor":29},{"not_picked":["Blade Dance","Heel Hook+1"],"picked":"Predator","floor":31}],"player_experience":1962904,"relics_obtained":[{"floor":7,"key":"Blue Candle"},{"floor":9,"key":"Meat on the Bone"},{"floor":13,"key":"PreservedInsect"},{"floor":23,"key":"Juzu Bracelet"},{"floor":25,"key":"Girya"},{"floor":26,"key":"Shuriken"},{"floor":29,"key":"Orichalcum"}],"event_choices":[{"damage_healed":0,"gold_gain":0,"player_choice":"Cursed","damage_taken":0,"max_hp_gain":0,"max_hp_loss":0,"event_name":"Wheel of Change","floor":2,"gold_loss":0,"cards_obtained":["Decay"]},{"damage_healed":0,"gold_gain":50,"player_choice":"Stole From Cult","damage_taken":0,"max_hp_gain":0,"max_hp_loss":0,"event_name":"Nest","floor":19,"gold_loss":0},{"damage_healed":0,"gold_gain":0,"player_choice":"Ignored","damage_taken":0,"max_hp_gain":0,"max_hp_loss":0,"event_name":"Vampires","floor":22,"gold_loss":0}],"is_beta":true,"boss_relics":[{"not_picked":["Runic Dome","Eternal Feather"],"picked":"Empty Cage"}],"items_purged_floors":[30],"is_endless":false,"potions_floor_spawned":[1,7,11,18,21,25],"killed_by":"Automaton","ascension_level":15}