{"gold_per_floor":[118,130,130,144,144,144,0,0,0,0,16,45,66,66,66,66],"floor_reached":16,"playtime":435,"items_purged":[],"score":90,"play_id":"0a4c8ba1-661b-49e2-8329-41995843be96","local_time":"20190308003312","is_ascension_mode":false,"campfire_choices":[{"data":"Searing Blow","floor":6.0,"key":"SMITH"},{"data":"Barricade","floor":8.0,"key":"SMITH"},{"data":"Searing Blow+1","floor":10.0,"key":"SMITH"},{"data":"Searing Blow+2","floor":15,"key":"SMITH"}],"neow_cost":"NONE","seed_source_timestamp":591214469782016,"circlet_count":0,"master_deck":["Strike_R","Strike_R","Strike_R","Strike_R","Strike_R","Defend_R","Defend_R","Defend_R","Defend_R","Bash","Flex","Searing Blow+3","Barricade+1","Shrug It Off","Double Tap"],"special_seed":0,"relics":["Burning Blood","NeowsBlessing","Golden Idol","Singing Bowl","Odd Mushroom"],"potions_floor_usage":[16,16,16],"damage_taken":[{"damage":0.0,"enemies":"2 Louse","floor":1.0,"turns":1.0},{"damage":0.0,"enemies":"Jaw Worm","floor":2.0,"turns":1.0},{"damage":0.0,"enemies":"Cultist","floor":4.0,"turns":1.0},{"damage":15.0,"enemies":"Looter","floor":11.0,"turns":3.0},{"damage":22.0,"enemies":"The Mushroom Lair","floor":12.0,"turns":5.0},{"damage":0,"enemies":"Exordium Wildlife","floor":13,"turns":2},{"damage":65,"enemies":"Hexaghost","floor":16,"turns":10}],"seed_played":"-4349875713082035925","potions_obtained":[{"floor":2.0,"key":"Ancient Potion"},{"floor":4.0,"key":"Regen Potion"},{"floor":5.0,"key":"AttackPotion"},{"floor":5.0,"key":"Strength Potion"}],"is_trial":false,"path_per_floor":["M","M","?","M","?","R","$","R","T","R","M","?","M","$","R","B"],"character_chosen":"IRONCLAD","items_purchased":["Barricade"],"campfire_rested":0,"item_purchase_floors":[7],"current_hp_per_floor":[80,80,60,66,66,66,66,66,66,66,57,41,49,49,49,0],"gold":66,"neow_bonus":"THREE_ENEMY_KILL","is_prod":false,"is_daily":false,"chose_seed":false,"campfire_upgraded":4,"win_rate":0,"timestamp":1552023192,"path_taken":["M","M","?","M","?","R","$","R","T","R","?","?","M","?","R","BOSS"],"build_version":"2019-01-23","purchased_purges":0,"victory":false,"max_hp_per_floor":[80,80,80,80,80,80,80,80,80,80,80,80,82,82,82,82],"card_choices":[{"not_picked":["Clothesline","Shrug It Off"],"picked":"Flex","floor":1.0},{"not_picked":["Shrug It Off","Ghostly Armor"],"picked":"Searing Blow","floor":2.0},{"not_picked":["Sword Boomerang","Heavy Blade","Anger"],"picked":"SKIP","floor":4.0},{"not_picked":["Body Slam","Headbutt"],"picked":"Shrug It Off","floor":11.0},{"not_picked":["Disarm","Thunderclap"],"picked":"Double Tap","floor":12},{"not_picked":["Pummel","True Grit","Thunderclap"],"picked":"Singing Bowl","floor":13}],"player_experience":1154340,"relics_obtained":[{"floor":9.0,"key":"Singing Bowl"},{"floor":12,"key":"Odd Mushroom"}],"event_choices":[{"damage_healed":0.0,"max_hp_gain":0.0,"max_hp_loss":0.0,"gold_gain":0.0,"event_name":"Golden Idol","player_choice":"Take Damage","floor":3.0,"gold_loss":0.0,"damage_taken":20.0,"relics_obtained":["Golden Idol"]},{"damage_healed":0.0,"max_hp_gain":0.0,"max_hp_loss":0.0,"gold_gain":0.0,"event_name":"Lab","player_choice":"Got Potions","floor":5.0,"gold_loss":0.0,"damage_taken":0.0},{"damage_healed":0.0,"max_hp_gain":0.0,"max_hp_loss":0.0,"gold_gain":0.0,"event_name":"Mushrooms","player_choice":"Fought Mushrooms","floor":12.0,"gold_loss":0.0,"damage_taken":0.0}],"is_beta":false,"boss_relics":[],"items_purged_floors":[],"is_endless":false,"potions_floor_spawned":[2,4,11],"killed_by":"Hexaghost","ascension_level":0}