{"gold_per_floor":[118,118,218,243,256,256,272,272,272,272,272,286,305,330,330,453,453,471,496,496,496,145,184,202,202,202,215,215],"floor_reached":28,"playtime":989,"items_purged":["Strike_R"],"score":232,"play_id":"1c635dec-dec3-43fd-90d0-02ac7f4dc32b","local_time":"20190313021637","is_ascension_mode":false,"campfire_choices":[{"data":"Bash","floor":6.0,"key":"SMITH"},{"floor":8.0,"key":"REST"},{"floor":15,"key":"REST"},{"data":"Double Tap","floor":25,"key":"SMITH"}],"neow_cost":"NONE","seed_source_timestamp":36070620352064,"circlet_count":0,"master_deck":["Strike_R","Strike_R+1","Strike_R","Defend_R+1","Bash+1","Shrug It Off","Double Tap+1","Offering+1","Seeing Red+1","Disarm+1","Clash+1"],"special_seed":0,"relics":["Burning Blood","Golden Idol","Matryoshka","Astrolabe","Membership Card","Pantograph","Kunai","Bottled Lightning","Paper Frog"],"potions_floor_usage":[16,16,16,23,27,28],"damage_taken":[{"damage":5.0,"enemies":"Small Slimes","floor":1.0,"turns":3.0},{"damage":4.0,"enemies":"Jaw Worm","floor":4.0,"turns":5.0},{"damage":6.0,"enemies":"Cultist","floor":5.0,"turns":3.0},{"damage":24.0,"enemies":"Exordium Wildlife","floor":7.0,"turns":4.0},{"damage":10,"enemies":"Looter","floor":12,"turns":2},{"damage":16,"enemies":"Exordium Thugs","floor":13,"turns":4},{"damage":27,"enemies":"3 Louse","floor":14,"turns":3},{"damage":37,"enemies":"Hexaghost","floor":16,"turns":11},{"damage":20,"enemies":"Shell Parasite","floor":18,"turns":3},{"damage":26,"enemies":"2 Thieves","floor":19,"turns":3},{"damage":37,"enemies":"Book of Stabbing","floor":23,"turns":5},{"damage":21,"enemies":"Snecko","floor":24,"turns":4},{"damage":22,"enemies":"Centurion and Healer","floor":27,"turns":6},{"damage":26,"enemies":"3 Cultists","floor":28,"turns":3}],"seed_played":"-2815115181454638036","potions_obtained":[{"floor":5.0,"key":"SpeedPotion"},{"floor":12,"key":"AttackPotion"},{"floor":14,"key":"EssenceOfSteel"},{"floor":18,"key":"Weak Potion"},{"floor":24,"key":"SkillPotion"},{"floor":27,"key":"AttackPotion"}],"is_trial":false,"path_per_floor":["M","?","?","M","M","R","M","R","T","?","?","M","M","M","R","B",null,"M","M","?","?","$","E","M","R","T","M","M"],"character_chosen":"IRONCLAD","items_purchased":["Membership Card","Pantograph"],"campfire_rested":2,"item_purchase_floors":[22,22],"current_hp_per_floor":[80,60,60,62,62,62,44,68,68,52,52,48,38,17,41,10,80,66,46,46,80,80,49,34,34,34,18,0],"gold":215,"neow_bonus":"REMOVE_CARD","is_prod":false,"is_daily":false,"chose_seed":false,"campfire_upgraded":2,"win_rate":0,"timestamp":1552410997,"path_taken":["M","?","?","?","M","R","M","R","T","?","?","M","?","M","R","BOSS","M","M","?","?","$","E","M","R","T","M","?"],"build_version":"2019-01-23","purchased_purges":1,"victory":false,"max_hp_per_floor":[80,80,80,80,80,80,80,80,80,80,80,80,80,80,80,80,80,80,80,80,80,80,80,80,80,80,80,80],"card_choices":[{"not_picked":["Body Slam","Second Wind","Thunderclap"],"picked":"SKIP","floor":1.0},{"not_picked":["Warcry","Thunderclap","Cleave"],"picked":"SKIP","floor":4.0},{"not_picked":["Anger","Reckless Charge","Carnage"],"picked":"SKIP","floor":5.0},{"not_picked":["Havoc","Battle Trance","Metallicize"],"picked":"SKIP","floor":7.0},{"not_picked":["Perfected Strike","Body Slam","Armaments"],"picked":"SKIP","floor":12},{"not_picked":["Battle Trance","Clash"],"picked":"Shrug It Off","floor":13},{"not_picked":["True Grit","Second Wind","Iron Wave"],"picked":"SKIP","floor":14},{"not_picked":["Bludgeon","Brutality"],"picked":"Double Tap","floor":16},{"not_picked":["Intimidate+1","Armaments","Thunderclap+1"],"picked":"SKIP","floor":18},{"not_picked":["Flex","Thunderclap+1","Reckless Charge"],"picked":"SKIP","floor":19},{"not_picked":["Pommel Strike+1","Searing Blow","Disarm+1"],"picked":"SKIP","floor":23},{"not_picked":["Whirlwind","Evolve","Battle Trance"],"picked":"SKIP","floor":24},{"not_picked":["Sword Boomerang","Sentinel"],"picked":"Clash+1","floor":27}],"player_experience":343089,"relics_obtained":[{"floor":9.0,"key":"Matryoshka"},{"floor":23,"key":"Kunai"},{"floor":26,"key":"Bottled Lightning"},{"floor":26,"key":"Paper Frog"}],"event_choices":[{"damage_healed":0.0,"max_hp_gain":0.0,"max_hp_loss":0.0,"gold_gain":0.0,"event_name":"Golden Idol","player_choice":"Take Damage","floor":2.0,"gold_loss":0.0,"damage_taken":20.0,"relics_obtained":["Golden Idol"]},{"damage_healed":0.0,"max_hp_gain":0.0,"max_hp_loss":0.0,"gold_gain":100.0,"event_name":"Golden Shrine","player_choice":"Pray","floor":3.0,"gold_loss":0.0,"damage_taken":0.0},{"damage_healed":0.0,"max_hp_gain":0.0,"max_hp_loss":0.0,"gold_gain":0.0,"event_name":"Shining Light","player_choice":"Entered Light","floor":10.0,"gold_loss":0.0,"damage_taken":16.0,"cards_upgraded":["Strike_R","Defend_R"]},{"damage_healed":0,"gold_gain":0,"cards_transformed":["Defend_R"],"player_choice":"Transformed","damage_taken":0,"max_hp_gain":0,"max_hp_loss":0,"event_name":"Transmorgrifier","floor":11,"gold_loss":0,"cards_obtained":["Warcry"]},{"damage_healed":0,"gold_gain":0,"player_choice":"Ignored","damage_taken":0,"max_hp_gain":0,"max_hp_loss":0,"event_name":"Vampires","floor":20,"gold_loss":0},{"damage_healed":34,"gold_gain":0,"player_choice":"Full Heal","damage_taken":0,"max_hp_gain":0,"max_hp_loss":0,"event_name":"Wheel of Change","floor":21,"gold_loss":0}],"is_beta":false,"boss_relics":[{"not_picked":["Runic Pyramid","Fusion Hammer"],"picked":"Astrolabe"}],"items_purged_floors":[22],"is_endless":false,"potions_floor_spawned":[5,12,14,18,24,27],"killed_by":"3 Cultists","ascension_level":0}