{"gold_per_floor":[20,38,38,38,58,58,87,105,129,129,149,149,167,167,167,261,261,277,295,135,150,150],"floor_reached":22,"playtime":623,"items_purged":["Strike_B"],"score":329,"play_id":"22bfcce7-ce5d-45ef-9e8f-cb015b39dee3","local_time":"20190221213517","is_ascension_mode":true,"campfire_choices":[{"data":"Biased Cognition","floor":6,"key":"SMITH"},{"floor":10,"key":"REST"},{"data":"Static Discharge","floor":12,"key":"SMITH"},{"data":"Ball Lightning","floor":15,"key":"SMITH"}],"neow_cost":"NO_GOLD","seed_source_timestamp":376464932725223,"circlet_count":0,"master_deck":["AscendersBane","Strike_B","Strike_B","Strike_B","Defend_B","Defend_B","Defend_B","Defend_B","Zap+1","Dualcast","Biased Cognition+1","Static Discharge+1","Ball Lightning+1","Seek","Hologram","Fission","Sunder","Panacea","Conserve Battery"],"relics":["Cracked Core","Potion Belt","Happy Flower","Lantern","Golden Idol","Philosopher\u0027s Stone"],"potions_floor_usage":[8,16,21,21],"damage_taken":[{"damage":2,"enemies":"Jaw Worm","floor":1,"turns":3},{"damage":2,"enemies":"2 Louse","floor":2,"turns":3},{"damage":3,"enemies":"Small Slimes","floor":5,"turns":3},{"damage":15,"enemies":"Lagavulin","floor":7,"turns":6},{"damage":23,"enemies":"Exordium Thugs","floor":8,"turns":3},{"damage":4,"enemies":"3 Louse","floor":11,"turns":2},{"damage":0,"enemies":"Exordium Wildlife","floor":13,"turns":2},{"damage":12,"enemies":"The Guardian","floor":16,"turns":7},{"damage":9,"enemies":"Spheric Guardian","floor":18,"turns":3},{"damage":8,"enemies":"Shell Parasite","floor":19,"turns":3},{"damage":20,"enemies":"Centurion and Healer","floor":21,"turns":6},{"damage":19,"enemies":"Snake Plant","floor":22,"turns":2}],"seed_played":"-8189781736426188881","potions_obtained":[{"floor":1,"key":"Energy Potion"},{"floor":2,"key":"AttackPotion"},{"floor":7,"key":"GamblersBrew"},{"floor":11,"key":"FearPotion"},{"floor":13,"key":"PowerPotion"},{"floor":18,"key":"EssenceOfSteel"}],"is_trial":false,"path_per_floor":["M","M","?","?","M","R","E","M","T","R","M","R","M","?","R","B",null,"M","M","$","M","M"],"character_chosen":"DEFECT","items_purchased":["Panacea"],"campfire_rested":1,"item_purchase_floors":[20],"current_hp_per_floor":[62,60,55,55,52,52,37,14,14,35,31,31,31,31,31,19,53,44,36,36,16,0],"gold":150,"neow_bonus":"THREE_RARE_CARDS","is_prod":false,"is_daily":false,"chose_seed":false,"campfire_upgraded":3,"win_rate":0,"timestamp":1550802917,"path_taken":["M","M","?","?","M","R","E","M","T","R","M","R","M","?","R","BOSS","M","M","$","M","M"],"build_version":"2019-02-06","purchased_purges":1,"victory":false,"max_hp_per_floor":[71,71,71,71,71,71,71,71,71,71,71,71,71,64,64,64,64,64,64,64,64,64],"card_choices":[{"not_picked":["Seek","Echo Form"],"picked":"Biased Cognition","floor":0},{"not_picked":["Auto Shields","Streamline"],"picked":"Static Discharge","floor":1},{"not_picked":["Leap","Beam Cell"],"picked":"Ball Lightning","floor":2},{"not_picked":["Redo","Turbo","Coolheaded"],"picked":"SKIP","floor":5},{"not_picked":["Leap","Recycle","Streamline"],"picked":"SKIP","floor":7},{"not_picked":["Steam Power","Go for the Eyes"],"picked":"Seek","floor":8},{"not_picked":["Turbo","Gash"],"picked":"Hologram","floor":11},{"not_picked":["Fusion","Storm","Gash"],"picked":"SKIP","floor":13},{"not_picked":["Multi-Cast","Buffer"],"picked":"Fission","floor":16},{"not_picked":["Turbo","Rip and Tear","Barrage"],"picked":"SKIP","floor":18},{"not_picked":["Leap","Aggregate"],"picked":"Sunder","floor":19},{"not_picked":["Force Field","Aggregate"],"picked":"Conserve Battery","floor":21}],"player_experience":2009570,"relics_obtained":[{"floor":7,"key":"Happy Flower"},{"floor":9,"key":"Lantern"}],"event_choices":[{"damage_healed":0,"gold_gain":0,"player_choice":"Success","damage_taken":5,"relics_obtained":["Potion Belt"],"max_hp_gain":0,"max_hp_loss":0,"event_name":"Scrap Ooze","floor":3,"gold_loss":0},{"damage_healed":0,"gold_gain":0,"player_choice":"Grow","damage_taken":0,"max_hp_gain":0,"max_hp_loss":0,"event_name":"Living Wall","floor":4,"gold_loss":0,"cards_upgraded":["Zap"]},{"damage_healed":0,"gold_gain":0,"player_choice":"Lose Max HP","damage_taken":0,"relics_obtained":["Golden Idol"],"max_hp_gain":0,"max_hp_loss":7,"event_name":"Golden Idol","floor":14,"gold_loss":0}],"is_beta":true,"boss_relics":[{"not_picked":["Black Star","Busted Crown"],"picked":"Philosopher\u0027s Stone"}],"items_purged_floors":[20],"is_endless":false,"potions_floor_spawned":[1,2,7,11,13,18],"killed_by":"Snake Plant","ascension_level":15}