{"gold_per_floor":[114,133,133,94,106,106,135,147,159,171,208,233,61,121,121,198,198,208,35,46,46,59,59,77,77,125,145,172,172,205,218,218,295,295,309,309,327,345,345,345,375,375,375,475,475,488,505,534,534,534,534,534,137,164,164],"floor_reached":56,"playtime":2349,"items_purged":["Strike_B","Strike_B"],"score":1971,"play_id":"322167b2-cb41-47b4-a528-7855e57bf1bb","local_time":"20190306171619","is_ascension_mode":true,"campfire_choices":[{"data":"Zap","floor":6,"key":"SMITH"},{"data":"Doom and Gloom","floor":8,"key":"SMITH"},{"floor":10,"key":"REST"},{"data":"Darkness","floor":15,"key":"SMITH"},{"data":"Defragment","floor":23,"key":"SMITH"},{"floor":25,"key":"REST"},{"floor":29,"key":"REST"},{"data":"Biased Cognition","floor":32,"key":"SMITH"},{"floor":40,"key":"RECALL"},{"floor":42,"key":"REST"},{"floor":49,"key":"REST"},{"data":"Capacitor","floor":52,"key":"SMITH"}],"neow_cost":"NONE","seed_source_timestamp":1482452812210591,"circlet_count":0,"master_deck":["AscendersBane","Strike_B","Strike_B","Defend_B","Defend_B","Defend_B","Defend_B","Zap+1","Dualcast","Coolheaded","Sweeping Beam","Glacier","Genetic Algorithm","Doom and Gloom+1","Defragment+1","Darkness+1","Reinforced Body","Biased Cognition+1","Steam","Panacea","Core Surge","Glacier","BootSequence","Redo+1","Dark Shackles","Capacitor+1","Multi-Cast","Fission","Dark Shackles"],"relics":["White Beast Statue","MawBank","Symbiotic Virus","Bronze Scales","Darkstone Periapt","Runic Pyramid","Art of War","DataDisk","Cursed Key","Kunai","Calipers","Dodecahedron","Bottled Lightning"],"potions_floor_usage":[7,7,12,14,18,20,22,24,27,28,30,30,31,33,41,50,54,55,55],"damage_taken":[{"damage":5,"enemies":"Cultist","floor":1,"turns":4},{"damage":0,"enemies":"2 Louse","floor":2,"turns":4},{"damage":1,"enemies":"Jaw Worm","floor":5,"turns":5},{"damage":35,"enemies":"Gremlin Nob","floor":7,"turns":5},{"damage":9,"enemies":"3 Sentries","floor":11,"turns":5},{"damage":1,"enemies":"Red Slaver","floor":12,"turns":3},{"damage":12,"enemies":"Lagavulin Event","floor":14,"turns":8},{"damage":11,"enemies":"Hexaghost","floor":16,"turns":7},{"damage":9,"enemies":"2 Thieves","floor":18,"turns":5},{"damage":27,"enemies":"Shell Parasite","floor":20,"turns":4},{"damage":1,"enemies":"3 Cultists","floor":22,"turns":4},{"damage":0,"enemies":"Snecko","floor":24,"turns":4},{"damage":2,"enemies":"Centurion and Healer","floor":27,"turns":7},{"damage":21,"enemies":"Gremlin Leader","floor":28,"turns":10},{"damage":19,"enemies":"Slavers","floor":30,"turns":5},{"damage":0,"enemies":"Chosen and Byrds","floor":31,"turns":4},{"damage":22,"enemies":"Champ","floor":33,"turns":11},{"damage":8,"enemies":"3 Darklings","floor":35,"turns":5},{"damage":1,"enemies":"Orb Walker","floor":37,"turns":3},{"damage":0,"enemies":"Writhing Mass","floor":38,"turns":6},{"damage":9,"enemies":"Giant Head","floor":41,"turns":9},{"damage":4,"enemies":"Mind Bloom Boss Battle","floor":44,"turns":6},{"damage":0,"enemies":"Maw","floor":46,"turns":7},{"damage":8,"enemies":"Spire Growth","floor":47,"turns":6},{"damage":15,"enemies":"Reptomancer","floor":48,"turns":12},{"damage":6,"enemies":"Donu and Deca","floor":50,"turns":8},{"damage":13,"enemies":"Shield and Spear","floor":54,"turns":12},{"damage":4,"enemies":"The Heart","floor":55,"turns":12}],"seed_played":"7607921180089121880","potions_obtained":[{"floor":1,"key":"Block Potion"},{"floor":2,"key":"Fire Potion"},{"floor":7,"key":"Explosive Potion"},{"floor":11,"key":"EssenceOfSteel"},{"floor":12,"key":"SkillPotion"},{"floor":14,"key":"SteroidPotion"},{"floor":18,"key":"FearPotion"},{"floor":20,"key":"Block Potion"},{"floor":22,"key":"Regen Potion"},{"floor":24,"key":"Swift Potion"},{"floor":27,"key":"Fire Potion"},{"floor":28,"key":"Swift Potion"},{"floor":30,"key":"Regen Potion"},{"floor":31,"key":"PowerPotion"},{"floor":33,"key":"SpeedPotion"},{"floor":35,"key":"GamblersBrew"},{"floor":41,"key":"Fire Potion"},{"floor":46,"key":"PowerPotion"},{"floor":54,"key":"PowerPotion"}],"is_trial":false,"path_per_floor":["M","M","?","$","M","R","E","R","T","R","E","M","$","?","R","B",null,"M","$","M","?","M","R","M","R","T","M","E","R","E","M","R","B",null,"M","?","M","M","?","R","E","R","T","?","?","M","M","E","R","B",null,"R","$","E","B",null],"character_chosen":"DEFECT","items_purchased":["Glacier","Defragment","Darkness","Reinforced Body","Panacea","SpeedPotion","Fission","Dark Shackles"],"campfire_rested":5,"item_purchase_floors":[4,13,13,13,19,53,53,53],"current_hp_per_floor":[59,59,64,64,63,63,28,28,28,50,41,40,40,28,28,17,61,52,52,25,31,30,30,42,66,66,64,43,67,48,60,60,38,71,63,63,62,62,57,57,48,72,72,68,68,68,60,45,69,63,77,77,77,64,60],"gold":164,"neow_bonus":"BOSS_RELIC","is_prod":false,"is_daily":false,"chose_seed":false,"campfire_upgraded":6,"win_rate":0,"timestamp":1551910579,"path_taken":["M","M","?","$","M","R","E","R","T","R","E","M","$","?","R","BOSS","M","$","M","?","M","R","M","R","T","M","E","R","E","M","R","BOSS","M","?","?","M","?","R","E","R","T","?","?","M","?","E","R","BOSS","R","$","E","BOSS"],"build_version":"2019-02-06","purchased_purges":2,"victory":true,"max_hp_per_floor":[71,71,76,76,76,76,76,76,76,76,76,76,76,76,76,76,76,76,76,76,82,82,82,82,82,82,82,82,82,82,82,82,82,82,82,82,82,82,82,82,82,82,82,82,82,82,82,82,82,82,82,82,82,82,82],"card_choices":[{"not_picked":["Sweeping Beam","Redo"],"picked":"Coolheaded","floor":1},{"not_picked":["Steam Power","Lockon"],"picked":"Sweeping Beam","floor":2},{"not_picked":["Hello World","Beam Cell"],"picked":"Genetic Algorithm","floor":5},{"not_picked":["Go for the Eyes","Steam"],"picked":"Doom and Gloom","floor":7},{"not_picked":["Auto Shields","Hello World","Sweeping Beam"],"picked":"SKIP","floor":11},{"not_picked":["Chaos","Stack","Thunder Strike"],"picked":"SKIP","floor":12},{"not_picked":["Creative AI","Reboot"],"picked":"Biased Cognition","floor":16},{"not_picked":["Rebound","Gash"],"picked":"Steam","floor":18},{"not_picked":["Steam Power","Cold Snap","Stack"],"picked":"SKIP","floor":20},{"not_picked":["Barrage","Cold Snap+1","Steam"],"picked":"SKIP","floor":22},{"not_picked":["Ball Lightning","Lockon"],"picked":"Core Surge","floor":24},{"not_picked":["Streamline","Compile Driver","Chill"],"picked":"SKIP","floor":27},{"not_picked":["FTL","Auto Shields","Sweeping Beam"],"picked":"SKIP","floor":28},{"not_picked":["Beam Cell","Reprogram"],"picked":"Glacier","floor":30},{"not_picked":["Steam","Compile Driver","Barrage"],"picked":"SKIP","floor":31},{"not_picked":["Conserve Battery","Chaos"],"picked":"BootSequence","floor":35},{"not_picked":["Hello World","Rebound"],"picked":"Redo+1","floor":37},{"not_picked":["Beam Cell","Cold Snap+1","Stack+1"],"picked":"SKIP","floor":38},{"not_picked":["Swift Strike","Sadistic Nature"],"picked":"Dark Shackles","floor":39},{"not_picked":["Gash","Sweeping Beam","Aggregate+1"],"picked":"SKIP","floor":41},{"not_picked":["Streamline+1","Redo+1"],"picked":"Capacitor","floor":46},{"not_picked":["Cold Snap+1","Hello World+1","Steam"],"picked":"SKIP","floor":47},{"not_picked":["Rebound","Compile Driver+1"],"picked":"Multi-Cast","floor":48},{"not_picked":["Steam","Doom and Gloom","FTL"],"picked":"SKIP","floor":54}],"player_experience":2102090,"relics_obtained":[{"floor":7,"key":"MawBank"},{"floor":9,"key":"Symbiotic Virus"},{"floor":11,"key":"Bronze Scales"},{"floor":14,"key":"Darkstone Periapt"},{"floor":28,"key":"Art of War"},{"floor":30,"key":"DataDisk"},{"floor":41,"key":"Kunai"},{"floor":44,"key":"Calipers"},{"floor":48,"key":"Dodecahedron"},{"floor":54,"key":"Bottled Lightning"}],"event_choices":[{"damage_healed":0,"gold_gain":0,"player_choice":"Donut","damage_taken":0,"max_hp_gain":5,"max_hp_loss":0,"event_name":"Big Fish","floor":3,"gold_loss":0},{"damage_healed":0,"gold_gain":0,"player_choice":"Searched \u00271\u0027 times","damage_taken":0,"max_hp_gain":0,"max_hp_loss":0,"event_name":"Dead Adventurer","floor":14,"gold_loss":0},{"damage_healed":0,"gold_gain":0,"player_choice":"Smashed Altar","damage_taken":0,"max_hp_gain":0,"max_hp_loss":0,"event_name":"Forgotten Altar","floor":21,"gold_loss":0,"cards_obtained":["Decay"]},{"cards_removed":["Decay"],"damage_healed":0,"gold_gain":0,"player_choice":"Removed Curses","damage_taken":0,"max_hp_gain":0,"max_hp_loss":0,"event_name":"Fountain of Cleansing","floor":36,"gold_loss":0},{"damage_healed":0,"gold_gain":0,"player_choice":"Memory 2","damage_taken":5,"max_hp_gain":0,"max_hp_loss":0,"event_name":"SensoryStone","floor":39,"gold_loss":0},{"damage_healed":0,"gold_gain":0,"player_choice":"Fight","damage_taken":0,"max_hp_gain":0,"max_hp_loss":0,"event_name":"MindBloom","floor":44,"gold_loss":0},{"damage_healed":0,"gold_gain":0,"player_choice":"Ignored","damage_taken":0,"max_hp_gain":0,"max_hp_loss":0,"event_name":"Tomb of Lord Red Mask","floor":45,"gold_loss":0}],"is_beta":true,"boss_relics":[{"not_picked":["Coffee Dripper","Nuclear Battery"],"picked":"Runic Pyramid"},{"not_picked":["Eternal Feather","Tiny House"],"picked":"Cursed Key"}],"items_purged_floors":[19,53],"is_endless":false,"potions_floor_spawned":[1,2,5,7,11,12,14,16,18,20,22,24,27,28,30,31,33,35,37,38,41,44,46,47,48,54],"ascension_level":15}