{"gold_per_floor":[216,230,7,7,25,57,57,88,137,10,39,52,70,70,70,149,149,159,84,94,9,9,9,22,22,22,22,49,49,77,90,90,168,168,186,186,196,196,196,196,230,230,277,287,97,97,113,130,130,130,130,130,30,62,62],"floor_reached":55,"playtime":2372,"items_purged":["Strike_B","Strike_B"],"score":1449,"play_id":"68949c78-d557-458c-9a77-d28cb38794dd","local_time":"20190120203331","is_ascension_mode":true,"campfire_choices":[{"data":"Defragment","floor":7.0,"key":"SMITH"},{"data":"Sweeping Beam","floor":15.0,"key":"SMITH"},{"data":"Creative AI","floor":23.0,"key":"SMITH"},{"floor":27.0,"key":"REST"},{"floor":29.0,"key":"REST"},{"data":"Defragment","floor":32.0,"key":"SMITH"},{"data":"Buffer","floor":40.0,"key":"SMITH"},{"floor":42.0,"key":"RECALL"},{"data":"Reinforced Body","floor":46.0,"key":"SMITH"},{"data":"Coolheaded","floor":49.0,"key":"SMITH"},{"data":"Undo","floor":52.0,"key":"SMITH"}],"neow_cost":"NONE","seed_source_timestamp":989259916542572,"circlet_count":0,"master_deck":["AscendersBane","Strike_B","Strike_B+1","Defend_B","Defend_B","Defend_B","Defend_B","Zap","Dualcast+1","Sweeping Beam+1","Ball Lightning+1","Chill+1","Defragment+1","Coolheaded+1","Reinforced Body+1","Conserve Battery","Cold Snap","Hologram","Creative AI+1","Steam+1","Echo Form","Defragment+1","Cold Snap+1","Buffer+1","Undo+1","Go for the Eyes+1"],"special_seed":0,"relics":["Cracked Core","Oddly Smooth Stone","Sundial","Whetstone","War Paint","Bottled Tornado","Sozu","Shuriken","FossilizedHelix","Orichalcum","Thread and Needle","Inserter","Pear","OrangePellets","Lantern"],"potions_floor_usage":[],"damage_taken":[{"damage":7.0,"enemies":"Small Slimes","floor":1.0,"turns":3.0},{"damage":0.0,"enemies":"Cultist","floor":2.0,"turns":3.0},{"damage":0.0,"enemies":"Jaw Worm","floor":5.0,"turns":4.0},{"damage":6.0,"enemies":"3 Sentries","floor":6.0,"turns":6.0},{"damage":34.0,"enemies":"Lagavulin","floor":8.0,"turns":5.0},{"damage":16.0,"enemies":"Gremlin Nob","floor":11.0,"turns":4.0},{"damage":0.0,"enemies":"3 Louse","floor":12.0,"turns":7.0},{"damage":0.0,"enemies":"Exordium Wildlife","floor":13.0,"turns":4.0},{"damage":18.0,"enemies":"Slime Boss","floor":16.0,"turns":9.0},{"damage":0.0,"enemies":"3 Byrds","floor":18.0,"turns":4.0},{"damage":0.0,"enemies":"Spheric Guardian","floor":20.0,"turns":4.0},{"damage":12.0,"enemies":"Shelled Parasite and Fungi","floor":24.0,"turns":6.0},{"damage":21.0,"enemies":"Book of Stabbing","floor":28.0,"turns":6.0},{"damage":7.0,"enemies":"Slavers","floor":30.0,"turns":6.0},{"damage":0.0,"enemies":"Centurion and Healer","floor":31.0,"turns":8.0},{"damage":0.0,"enemies":"Champ","floor":33.0,"turns":13.0},{"damage":0.0,"enemies":"3 Shapes","floor":35.0,"turns":5.0},{"damage":0.0,"enemies":"3 Darklings","floor":37.0,"turns":8.0},{"damage":0.0,"enemies":"Giant Head","floor":41.0,"turns":9.0},{"damage":0.0,"enemies":"Jaw Worm Horde","floor":44.0,"turns":7.0},{"damage":0.0,"enemies":"Sphere and 2 Shapes","floor":47.0,"turns":8.0},{"damage":0.0,"enemies":"3 Darklings","floor":48.0,"turns":6.0},{"damage":0.0,"enemies":"Time Eater","floor":50.0,"turns":13.0},{"damage":47.0,"enemies":"Shield and Spear","floor":54.0,"turns":9.0},{"damage":64,"enemies":"The Heart","floor":55,"turns":3}],"seed_played":"1132970866238245579","potions_obtained":[{"floor":2.0,"key":"Explosive Potion"},{"floor":8.0,"key":"SteroidPotion"},{"floor":11.0,"key":"Regen Potion"},{"floor":13.0,"key":"GamblersBrew"}],"is_trial":false,"path_per_floor":["M","M","$","?","M","E","R","E","T","$","E","M","M","?","R","B",null,"M","$","M","?","?","R","M","?","T","R","E","R","E","M","R","B",null,"M","?","M","?","?","R","E","R","T","M","$","R","M","M","R","B",null,"R","$","E","B"],"character_chosen":"DEFECT","items_purchased":["Oddly Smooth Stone","Chill","Reinforced Body","Conserve Battery","OrangePellets"],"campfire_rested":2,"item_purchase_floors":[3,3,10,10,45],"current_hp_per_floor":[57,57,57,57,57,51,51,17,17,17,1,16,16,39,39,21,59,59,59,59,59,59,59,47,27,27,49,28,50,43,43,43,43,68,68,68,68,68,68,68,78,78,78,78,78,78,78,78,78,78,81,81,81,34,0],"gold":62,"neow_bonus":"HUNDRED_GOLD","is_prod":false,"is_daily":false,"chose_seed":false,"campfire_upgraded":8,"win_rate":0,"timestamp":1548034411,"path_taken":["M","M","$","?","M","E","R","E","T","$","E","?","?","?","R","BOSS","M","$","M","?","?","R","M","?","T","R","E","R","E","M","R","BOSS","M","?","?","?","?","R","E","R","T","M","$","R","M","M","R","BOSS","R","$","E","BOSS"],"build_version":"2019-01-19","purchased_purges":2,"victory":false,"max_hp_per_floor":[71,71,71,71,71,71,71,71,71,71,71,71,71,71,71,71,71,71,71,71,71,71,71,71,76,76,76,76,76,76,76,76,76,76,76,76,76,72,72,72,82,82,82,82,82,82,82,82,82,82,82,82,82,82,82],"card_choices":[{"not_picked":["Chaos","Rebound"],"picked":"Sweeping Beam","floor":1.0},{"not_picked":["Blizzard","Sweeping Beam"],"picked":"Ball Lightning","floor":2.0},{"not_picked":["Redo","Compile Driver"],"picked":"Ball Lightning","floor":5.0},{"not_picked":["Turbo","Barrage"],"picked":"Defragment","floor":6.0},{"not_picked":["Aggregate","Reprogram"],"picked":"Coolheaded","floor":8.0},{"not_picked":["Doom and Gloom","Multi-Cast"],"picked":"Cold Snap","floor":11.0},{"not_picked":["Sweeping Beam","Cold Snap"],"picked":"Hologram","floor":12.0},{"not_picked":["Stack","Steam Power","Leap"],"picked":"SKIP","floor":13.0},{"not_picked":["Thunder Strike","Hyperbeam"],"picked":"Creative AI","floor":16.0},{"not_picked":["Double Energy","Coolheaded","Ball Lightning"],"picked":"SKIP","floor":18.0},{"not_picked":["Chaos","Hologram"],"picked":"Steam+1","floor":20.0},{"not_picked":["Barrage","Leap","Coolheaded"],"picked":"SKIP","floor":24.0},{"not_picked":["Ball Lightning","Sweeping Beam"],"picked":"Echo Form","floor":28.0},{"not_picked":["Go for the Eyes","Turbo"],"picked":"Defragment","floor":30.0},{"not_picked":["Sweeping Beam","Steam+1"],"picked":"Cold Snap+1","floor":31.0},{"not_picked":["Meteor Strike","Amplify"],"picked":"Buffer","floor":33.0},{"not_picked":["Cold Snap","Sweeping Beam+1","Coolheaded"],"picked":"SKIP","floor":35.0},{"not_picked":["Hologram+1","Stack"],"picked":"Undo","floor":37.0},{"not_picked":["Fusion","Leap","Reboot"],"picked":"SKIP","floor":41.0},{"not_picked":["Force Field","Rebound"],"picked":"Go for the Eyes+1","floor":44.0},{"not_picked":["Lockon","Hologram","Capacitor"],"picked":"SKIP","floor":47.0},{"not_picked":["Capacitor","Steam","Hyperbeam"],"picked":"SKIP","floor":48.0},{"not_picked":["Go for the Eyes","Hello World","Compile Driver+1"],"picked":"SKIP","floor":54.0}],"player_experience":1855663,"relics_obtained":[{"floor":6.0,"key":"Sundial"},{"floor":8.0,"key":"Whetstone"},{"floor":9.0,"key":"War Paint"},{"floor":11.0,"key":"Bottled Tornado"},{"floor":26.0,"key":"FossilizedHelix"},{"floor":28.0,"key":"Orichalcum"},{"floor":30.0,"key":"Thread and Needle"},{"floor":41.0,"key":"Pear"},{"floor":54.0,"key":"Lantern"}],"event_choices":[{"damage_healed":0.0,"max_hp_gain":0.0,"max_hp_loss":0.0,"gold_gain":0.0,"event_name":"FaceTrader","player_choice":"Leave","floor":4.0,"gold_loss":0.0,"damage_taken":0.0},{"damage_healed":23.0,"max_hp_gain":0.0,"max_hp_loss":0.0,"gold_gain":0.0,"event_name":"Big Fish","player_choice":"Banana","floor":14.0,"gold_loss":0.0,"damage_taken":0.0},{"damage_healed":0.0,"max_hp_gain":0.0,"max_hp_loss":0.0,"gold_gain":0.0,"event_name":"Addict","player_choice":"Obtained Relic","floor":21.0,"gold_loss":85.0,"damage_taken":0.0,"relics_obtained":["Shuriken"]},{"damage_healed":0.0,"max_hp_gain":0.0,"max_hp_loss":0.0,"gold_gain":0.0,"event_name":"Beggar","player_choice":"Ignored","floor":22.0,"gold_loss":0.0,"damage_taken":0.0},{"damage_healed":0.0,"max_hp_gain":5.0,"max_hp_loss":0.0,"gold_gain":0.0,"event_name":"Forgotten Altar","player_choice":"Shed Blood","floor":25.0,"gold_loss":0.0,"damage_taken":25.0},{"damage_healed":0.0,"max_hp_gain":0.0,"max_hp_loss":0.0,"gold_gain":0.0,"event_name":"SecretPortal","player_choice":"Ignored","floor":36.0,"gold_loss":0.0,"damage_taken":0.0},{"damage_healed":0.0,"max_hp_gain":0.0,"max_hp_loss":4.0,"gold_gain":0.0,"event_name":"Winding Halls","player_choice":"Max HP","floor":38.0,"gold_loss":0.0,"damage_taken":0.0},{"cards_removed":["Ball Lightning"],"damage_healed":0.0,"max_hp_gain":0.0,"max_hp_loss":0.0,"gold_gain":0.0,"event_name":"Falling","player_choice":"Removed Attack","floor":39.0,"gold_loss":0.0,"damage_taken":0.0}],"is_beta":true,"boss_relics":[{"not_picked":["Philosopher\u0027s Stone","Calling Bell"],"picked":"Sozu"},{"not_picked":["Runic Dome","Pandora\u0027s Box"],"picked":"Inserter"}],"items_purged_floors":[19,53],"is_endless":false,"potions_floor_spawned":[2,8,11,13,18,20,35,47,48],"killed_by":"The Heart","ascension_level":15}