{"gold_per_floor":[99,24,24,24,24,24,24,24,24,24,24,24,24,24,24,24,24,24,0,0,0,0,0,0,0,0,0,0],"floor_reached":28,"playtime":681,"items_purged":["Strike_G"],"score":427,"play_id":"44e9a75e-662a-4a4c-8592-def725a36665","local_time":"20190225202723","is_ascension_mode":true,"campfire_choices":[{"data":"Cloak And Dagger","floor":6.0,"key":"SMITH"},{"data":"Noxious Fumes","floor":10.0,"key":"SMITH"},{"data":"Catalyst","floor":15.0,"key":"SMITH"},{"floor":23.0,"key":"REST"},{"data":"Wraith Form v2","floor":25,"key":"SMITH"},{"floor":27,"key":"REST"}],"neow_cost":"NONE","seed_source_timestamp":0,"circlet_count":0,"master_deck":["AscendersBane","Defend_G","Defend_G","Defend_G","Defend_G","Defend_G","Strike_G","Strike_G+1","Strike_G","Strike_G+1","Survivor","Neutralize","Catalyst+1","Cloak And Dagger+1","Noxious Fumes+1","PiercingWail","Deadly Poison","Catalyst","Wraith Form v2+1","Leg Sweep+1","Dagger Spray+1","Ghostly","Ghostly","Ghostly"],"special_seed":0,"relics":["Ectoplasm","CultistMask","Odd Mushroom","Molten Egg 2","Ninja Scroll","WristBlade","Ice Cream","Pen Nib"],"potions_floor_usage":[24],"damage_taken":[{"damage":2.0,"enemies":"2 Louse","floor":1.0,"turns":4.0},{"damage":2.0,"enemies":"Small Slimes","floor":3.0,"turns":6.0},{"damage":0.0,"enemies":"Cultist","floor":7.0,"turns":4.0},{"damage":3.0,"enemies":"Blue Slaver","floor":8.0,"turns":5.0},{"damage":2.0,"enemies":"The Mushroom Lair","floor":11.0,"turns":6.0},{"damage":24.0,"enemies":"Lagavulin","floor":12.0,"turns":7.0},{"damage":19.0,"enemies":"Gremlin Nob","floor":14.0,"turns":4.0},{"damage":1.0,"enemies":"Hexaghost","floor":16.0,"turns":7.0},{"damage":0.0,"enemies":"Chosen","floor":18.0,"turns":3.0},{"damage":3.0,"enemies":"2 Thieves","floor":19.0,"turns":4.0},{"damage":18.0,"enemies":"Snake Plant","floor":21.0,"turns":5.0},{"damage":15,"enemies":"Slavers","floor":24,"turns":6},{"damage":18,"enemies":"Book of Stabbing","floor":28,"turns":3}],"seed_played":"4163258242254763197","potions_obtained":[{"floor":1.0,"key":"AttackPotion"},{"floor":7.0,"key":"GamblersBrew"},{"floor":8.0,"key":"Block Potion"},{"floor":12.0,"key":"GamblersBrew"},{"floor":18.0,"key":"Weak Potion"},{"floor":21.0,"key":"PowerPotion"}],"is_trial":false,"path_per_floor":["M","$","M","?","?","R","M","M","T","R","?","E","?","E","R","B",null,"M","M","?","M","?","R","E","R","T","R","E"],"character_chosen":"THE_SILENT","items_purchased":[],"campfire_rested":2,"item_purchase_floors":[],"current_hp_per_floor":[57,57,55,35,35,35,35,32,32,32,30,6,28,9,9,8,52,52,49,31,13,13,23,8,8,8,18,0],"gold":0,"neow_bonus":"BOSS_RELIC","is_prod":false,"is_daily":false,"chose_seed":false,"campfire_upgraded":4,"win_rate":0,"timestamp":1551144443,"path_taken":["M","$","M","?","?","R","M","?","T","R","?","E","?","E","R","BOSS","M","M","?","M","?","R","E","R","T","R","E"],"build_version":"2019-02-06","purchased_purges":1,"victory":false,"max_hp_per_floor":[66,66,66,66,66,66,66,66,66,66,66,66,66,66,66,66,66,66,66,71,71,35,35,35,35,35,35,35],"card_choices":[{"not_picked":["Caltrops","Distraction"],"picked":"Catalyst","floor":1.0},{"not_picked":["Finisher","Terror"],"picked":"Cloak And Dagger","floor":3.0},{"not_picked":["Slice","Blade Dance"],"picked":"Noxious Fumes","floor":7.0},{"not_picked":["Acrobatics","Underhanded Strike"],"picked":"PiercingWail","floor":8.0},{"not_picked":["Dagger Throw","Finisher"],"picked":"Deadly Poison","floor":11.0},{"not_picked":["Reflex","Concentrate","Flying Knee"],"picked":"SKIP","floor":12.0},{"not_picked":["Underhanded Strike+1","Acrobatics"],"picked":"Catalyst","floor":14.0},{"not_picked":["Bullet Time","Doppelganger"],"picked":"Wraith Form v2","floor":16.0},{"not_picked":["Calculated Gamble","Dodge and Roll"],"picked":"Leg Sweep+1","floor":18.0},{"not_picked":["Outmaneuver","Blade Dance","Heel Hook+1"],"picked":"SKIP","floor":19.0},{"not_picked":["Prepared","Sucker Punch+1"],"picked":"Dagger Spray+1","floor":21.0},{"not_picked":["Unload+1","Flechettes+1","Blade Dance"],"picked":"SKIP","floor":24}],"player_experience":2041485,"relics_obtained":[{"floor":11.0,"key":"Odd Mushroom"},{"floor":12.0,"key":"Molten Egg 2"},{"floor":14.0,"key":"Ninja Scroll"},{"floor":24,"key":"Ice Cream"},{"floor":26,"key":"Pen Nib"}],"event_choices":[{"damage_healed":0.0,"max_hp_gain":0.0,"max_hp_loss":0.0,"gold_gain":0.0,"event_name":"Shining Light","player_choice":"Entered Light","floor":4.0,"gold_loss":0.0,"damage_taken":20.0,"cards_upgraded":["Strike_G","Strike_G"]},{"damage_healed":0.0,"max_hp_gain":0.0,"max_hp_loss":0.0,"gold_gain":0.0,"event_name":"FaceTrader","player_choice":"Trade","floor":5.0,"gold_loss":0.0,"damage_taken":0.0,"relics_obtained":["CultistMask"]},{"damage_healed":0.0,"max_hp_gain":0.0,"max_hp_loss":0.0,"gold_gain":0.0,"event_name":"Mushrooms","player_choice":"Fought Mushrooms","floor":11.0,"gold_loss":0.0,"damage_taken":0.0},{"damage_healed":22.0,"max_hp_gain":0.0,"max_hp_loss":0.0,"gold_gain":0.0,"event_name":"Big Fish","player_choice":"Banana","floor":13.0,"gold_loss":0.0,"damage_taken":0.0},{"damage_healed":0.0,"max_hp_gain":5.0,"max_hp_loss":0.0,"gold_gain":0.0,"event_name":"Forgotten Altar","player_choice":"Shed Blood","floor":20.0,"gold_loss":0.0,"damage_taken":23.0},{"damage_healed":0.0,"max_hp_gain":0.0,"max_hp_loss":36.0,"gold_gain":0.0,"event_name":"Ghosts","player_choice":"Became a Ghost","floor":22.0,"gold_loss":0.0,"damage_taken":0.0,"cards_obtained":["Ghostly","Ghostly","Ghostly"]}],"is_beta":true,"boss_relics":[{"not_picked":["Tiny House","Busted Crown"],"picked":"WristBlade"}],"items_purged_floors":[2],"is_endless":false,"potions_floor_spawned":[1,7,8,12,18,21],"killed_by":"Book of Stabbing","ascension_level":15}