{"gold_per_floor":[112,112,37,37,37,81,81,100,100,120,161,179,194,237,237,331,331,354,354,354,198,211,211,231,231,258,289,308,373,397,420,420,519,519,543,543,138,138,151,151,151,186,186,186,230,73,97,136,136,136,136,136,14,58,58],"floor_reached":55,"playtime":2202,"items_purged":["Reflex+1","Writhe"],"score":1507,"play_id":"0e054121-4847-42c2-af4d-af2c35d114ee","local_time":"20190205120947","is_ascension_mode":true,"campfire_choices":[{"data":"Dagger Spray","floor":7.0,"key":"SMITH"},{"data":"Noxious Fumes","floor":15.0,"key":"SMITH"},{"data":"Glass Knife","floor":23.0,"key":"SMITH"},{"data":"Neutralize","floor":25.0,"key":"SMITH"},{"floor":32.0,"key":"REST"},{"data":"Catalyst","floor":40.0,"key":"SMITH"},{"floor":44.0,"key":"REST"},{"floor":49,"key":"RECALL"},{"data":"Envenom","floor":52,"key":"SMITH"}],"neow_cost":"NONE","seed_source_timestamp":2341825047856032,"circlet_count":0,"master_deck":["AscendersBane","Defend_G+1","Defend_G","Defend_G","Defend_G+1","Defend_G","Survivor+1","Neutralize+1","Dagger Spray+1","Footwork+1","Dash","Adrenaline","Blur","Noxious Fumes+1","Glass Knife+1","Catalyst+1","Storm of Steel","Well Laid Plans","Acrobatics","Deadly Poison+1","Blur+1","Bouncing Flask+1","Backflip","Envenom+1","A Thousand Cuts+1","Acrobatics+1","Dodge and Roll","Caltrops","Sucker Punch+1","Blur","Dodge and Roll","Footwork","Dodge and Roll"],"special_seed":0,"relics":["Ring of the Snake","NeowsBlessing","Golden Idol","PreservedInsect","Sundial","Mummified Hand","Sozu","Vajra","Ancient Tea Set","Pen Nib","Tiny Chest","Potion Belt","Astrolabe","Pantograph","Happy Flower","Ginger","Blue Candle","Snake Skull","Torii","War Paint"],"potions_floor_usage":[],"damage_taken":[{"damage":0.0,"enemies":"2 Louse","floor":1.0,"turns":1.0},{"damage":0.0,"enemies":"Lagavulin","floor":6.0,"turns":1.0},{"damage":0.0,"enemies":"Jaw Worm","floor":8.0,"turns":1.0},{"damage":0.0,"enemies":"Small Slimes","floor":10.0,"turns":4.0},{"damage":10.0,"enemies":"3 Sentries","floor":11.0,"turns":7.0},{"damage":0.0,"enemies":"Blue Slaver","floor":12.0,"turns":3.0},{"damage":0.0,"enemies":"2 Fungi Beasts","floor":13.0,"turns":2.0},{"damage":0.0,"enemies":"Lagavulin","floor":14.0,"turns":8.0},{"damage":16.0,"enemies":"Slime Boss","floor":16.0,"turns":10.0},{"damage":0.0,"enemies":"3 Byrds","floor":18.0,"turns":4.0},{"damage":6.0,"enemies":"2 Thieves","floor":22.0,"turns":5.0},{"damage":13.0,"enemies":"Snake Plant","floor":24.0,"turns":6.0},{"damage":5.0,"enemies":"Book of Stabbing","floor":27.0,"turns":6.0},{"damage":0.0,"enemies":"3 Cultists","floor":28.0,"turns":4.0},{"damage":13.0,"enemies":"Gremlin Leader","floor":29.0,"turns":5.0},{"damage":1.0,"enemies":"Centurion and Healer","floor":30.0,"turns":6.0},{"damage":23.0,"enemies":"Champ","floor":33.0,"turns":12.0},{"damage":11.0,"enemies":"Orb Walker","floor":35.0,"turns":4.0},{"damage":6.0,"enemies":"3 Darklings","floor":39.0,"turns":3.0},{"damage":15.0,"enemies":"Reptomancer","floor":42.0,"turns":5.0},{"damage":0.0,"enemies":"Giant Head","floor":45.0,"turns":6.0},{"damage":9.0,"enemies":"Jaw Worm Horde","floor":47.0,"turns":4.0},{"damage":14,"enemies":"Reptomancer","floor":48,"turns":5},{"damage":18,"enemies":"Awakened One","floor":50,"turns":16},{"damage":19,"enemies":"Shield and Spear","floor":54,"turns":8},{"damage":58,"enemies":"The Heart","floor":55,"turns":5}],"seed_played":"5924668982851205927","potions_obtained":[{"floor":6.0,"key":"AttackPotion"},{"floor":10.0,"key":"Block Potion"}],"is_trial":false,"path_per_floor":["M","?","$","?","$","E","R","M","T","M","E","M","M","E","R","B",null,"M","?","?","$","M","R","M","R","T","E","M","E","M","T","R","B",null,"M","?","$","?","M","R","?","E","T","R","E","$","M","E","R","B",null,"R","$","E","B"],"character_chosen":"THE_SILENT","items_purchased":["Footwork","Vajra","Pantograph","Caltrops","Snake Skull","Dodge and Roll"],"campfire_rested":2,"item_purchase_floors":[3,21,37,37,46,53],"current_hp_per_floor":[59,59,59,41,41,41,41,41,41,41,31,31,31,31,31,15,49,49,49,49,49,43,43,30,30,30,25,25,12,11,11,29,6,47,36,36,36,48,42,42,42,27,27,45,45,45,36,22,22,29,52,52,52,33,0],"gold":58,"neow_bonus":"THREE_ENEMY_KILL","is_prod":false,"is_daily":false,"chose_seed":false,"campfire_upgraded":6,"win_rate":0,"timestamp":1549386587,"path_taken":["M","?","$","?","$","E","R","M","T","M","E","M","M","E","R","BOSS","M","?","?","$","M","R","M","R","T","E","M","E","M","?","R","BOSS","M","?","$","?","M","R","?","E","T","R","E","$","M","E","R","BOSS","R","$","E","BOSS"],"build_version":"2019-01-23","purchased_purges":2,"victory":false,"max_hp_per_floor":[66,60,60,60,60,60,60,60,60,60,60,60,60,60,60,60,60,60,60,60,60,60,60,60,60,60,60,60,60,60,60,60,60,60,60,60,60,60,60,60,60,60,60,60,60,60,60,60,60,60,60,60,60,60,60],"card_choices":[{"not_picked":["Sucker Punch","Bane"],"picked":"Dagger Spray","floor":1.0},{"not_picked":["Blade Dance","Slice","Finisher"],"picked":"SKIP","floor":6.0},{"not_picked":["Terror","Finisher"],"picked":"Dash","floor":8.0},{"not_picked":["PiercingWail","Blur"],"picked":"Adrenaline","floor":10.0},{"not_picked":["Slice","Calculated Gamble","Poisoned Stab"],"picked":"SKIP","floor":11.0},{"not_picked":["Slice","Sucker Punch","Riddle With Holes"],"picked":"SKIP","floor":12.0},{"not_picked":["Slice","PiercingWail"],"picked":"Blur","floor":13.0},{"not_picked":["Underhanded Strike","Masterful Stab"],"picked":"Noxious Fumes","floor":14.0},{"not_picked":["Burst","Adrenaline"],"picked":"Glass Knife","floor":16.0},{"not_picked":["Flying Knee","Quick Slash"],"picked":"Catalyst","floor":18.0},{"not_picked":["Flechettes","Deflect"],"picked":"Acrobatics","floor":22.0},{"not_picked":["Concentrate","Choke","Infinite Blades"],"picked":"SKIP","floor":24.0},{"not_picked":["Well Laid Plans","Dagger Throw"],"picked":"Deadly Poison","floor":27.0},{"not_picked":["Skewer","Slice"],"picked":"Blur+1","floor":28.0},{"not_picked":["Blur","Catalyst"],"picked":"Bouncing Flask+1","floor":29.0},{"not_picked":["Terror","Caltrops+1"],"picked":"Backflip","floor":30.0},{"not_picked":["Doppelganger","Die Die Die"],"picked":"Envenom","floor":33.0},{"not_picked":["Dash","Dagger Throw+1"],"picked":"Dodge and Roll","floor":35.0},{"not_picked":["Noxious Fumes","Riddle With Holes","Well Laid Plans"],"picked":"SKIP","floor":39.0},{"not_picked":["Doppelganger","Dagger Spray","Sucker Punch+1"],"picked":"SKIP","floor":42.0},{"not_picked":["Doppelganger","Dagger Spray"],"picked":"Sucker Punch+1","floor":42.0},{"not_picked":["Poisoned Stab","Flying Knee"],"picked":"Blur","floor":45.0},{"not_picked":["Calculated Gamble","Flying Knee"],"picked":"Dodge and Roll","floor":47.0},{"not_picked":["Underhanded Strike+1","Deflect"],"picked":"Footwork","floor":48},{"not_picked":["Deadly Poison","Skewer","Expertise"],"picked":"SKIP","floor":54}],"player_experience":1950168,"relics_obtained":[{"floor":6.0,"key":"PreservedInsect"},{"floor":11.0,"key":"Sundial"},{"floor":14.0,"key":"Mummified Hand"},{"floor":26.0,"key":"Ancient Tea Set"},{"floor":27.0,"key":"Pen Nib"},{"floor":29.0,"key":"Tiny Chest"},{"floor":31.0,"key":"Potion Belt"},{"floor":42.0,"key":"Happy Flower"},{"floor":43.0,"key":"Ginger"},{"floor":45.0,"key":"Blue Candle"},{"floor":48,"key":"Torii"},{"floor":54,"key":"War Paint"}],"event_choices":[{"damage_healed":0.0,"max_hp_gain":0.0,"max_hp_loss":6.0,"gold_gain":0.0,"event_name":"Golden Idol","player_choice":"Lose Max HP","floor":2.0,"gold_loss":0.0,"damage_taken":0.0,"relics_obtained":["Golden Idol"]},{"damage_healed":0.0,"max_hp_gain":0.0,"max_hp_loss":0.0,"gold_gain":0.0,"event_name":"Shining Light","player_choice":"Entered Light","floor":4.0,"gold_loss":0.0,"damage_taken":18.0,"cards_upgraded":["Defend_G","Survivor"]},{"damage_healed":0.0,"max_hp_gain":0.0,"max_hp_loss":0.0,"gold_gain":0.0,"event_name":"Ghosts","player_choice":"Ignored","floor":19.0,"gold_loss":0.0,"damage_taken":0.0},{"damage_healed":0.0,"max_hp_gain":0.0,"max_hp_loss":0.0,"gold_gain":0.0,"cards_transformed":["Strike_G","Strike_G"],"event_name":"Drug Dealer","player_choice":"Became Test Subject","floor":20.0,"gold_loss":0.0,"damage_taken":0.0,"cards_obtained":["Storm of Steel","Well Laid Plans"]},{"damage_healed":0.0,"max_hp_gain":0.0,"max_hp_loss":0.0,"gold_gain":0.0,"event_name":"SensoryStone","player_choice":"Memory 1","floor":36.0,"gold_loss":0.0,"damage_taken":0.0},{"damage_healed":12.0,"max_hp_gain":0.0,"max_hp_loss":0.0,"gold_gain":0.0,"event_name":"Winding Halls","player_choice":"Writhe","floor":38.0,"gold_loss":0.0,"damage_taken":0.0,"cards_obtained":["Writhe"]},{"damage_healed":0.0,"max_hp_gain":0.0,"max_hp_loss":0.0,"gold_gain":0.0,"event_name":"Upgrade Shrine","player_choice":"Upgraded","floor":41.0,"gold_loss":0.0,"damage_taken":0.0,"cards_upgraded":["Footwork"]}],"is_beta":true,"boss_relics":[{"not_picked":["Philosopher\u0027s Stone","Runic Dome"],"picked":"Sozu"},{"not_picked":["Coffee Dripper","Tiny House"],"picked":"Astrolabe"}],"items_purged_floors":[37,53],"is_endless":false,"potions_floor_spawned":[6,10,11,18,24,27,30,33,39,45],"killed_by":"The Heart","ascension_level":15}