{"gold_per_floor":[111,33,33,43,62,62,82,82,131,206,481,481,494,507,507,609,609,629,641,740,740],"floor_reached":21,"playtime":1083,"items_purged":[],"score":287,"play_id":"ae34c627-a209-49b4-9d3a-3ce9a3eaa2d5","local_time":"20190306070944","is_ascension_mode":true,"campfire_choices":[{"data":"Footwork","floor":6,"key":"SMITH"},{"data":"Footwork","floor":8,"key":"SMITH"},{"data":"Cloak And Dagger","floor":12,"key":"SMITH"},{"data":"Accuracy","floor":15,"key":"SMITH"}],"neow_cost":"NONE","seed_source_timestamp":330622546676445,"circlet_count":0,"master_deck":["Defend_G","Defend_G","Defend_G","Defend_G","Defend_G","Strike_G","Strike_G","Strike_G","Strike_G","Strike_G","Survivor","Neutralize+1","Dodge and Roll","Footwork+1","Dodge and Roll","Footwork+1","Cloak And Dagger+1","Regret","Accuracy+1","Blade Dance","A Thousand Cuts","Dagger Throw+1","Backflip"],"relics":["Ring of the Snake","Strawberry","Black Star"],"potions_floor_usage":[16,19,21,21],"damage_taken":[{"damage":0,"enemies":"Small Slimes","floor":1,"turns":4},{"damage":1,"enemies":"Cultist","floor":4,"turns":5},{"damage":0,"enemies":"2 Louse","floor":5,"turns":3},{"damage":10,"enemies":"Red Slaver","floor":7,"turns":6},{"damage":0,"enemies":"Blue Slaver","floor":13,"turns":7},{"damage":0,"enemies":"3 Louse","floor":14,"turns":6},{"damage":12,"enemies":"The Guardian","floor":16,"turns":18},{"damage":7,"enemies":"Spheric Guardian","floor":18,"turns":5},{"damage":46,"enemies":"Chosen","floor":19,"turns":9},{"damage":21,"enemies":"Snecko","floor":21,"turns":8}],"seed_played":"4035947451272068506","potions_obtained":[{"floor":1,"key":"Dexterity Potion"},{"floor":3,"key":"SteroidPotion"},{"floor":3,"key":"GhostInAJar"},{"floor":4,"key":"Strength Potion"},{"floor":16,"key":"Block Potion"},{"floor":19,"key":"EssenceOfSteel"}],"is_trial":false,"path_per_floor":["M","$","?","M","M","R","M","R","T","?","?","R","M","M","R","B",null,"M","M","?","M"],"character_chosen":"THE_SILENT","items_purchased":["Footwork"],"campfire_rested":0,"item_purchase_floors":[2],"current_hp_per_floor":[63,63,63,62,62,62,52,52,59,48,48,48,48,48,48,36,67,60,14,14,0],"gold":740,"neow_bonus":"UPGRADE_CARD","is_prod":false,"is_daily":false,"chose_seed":false,"campfire_upgraded":4,"win_rate":0,"timestamp":1551852584,"path_taken":["M","$","?","M","?","R","?","R","T","?","?","R","M","M","R","BOSS","M","M","?","M"],"build_version":"2019-01-23","purchased_purges":0,"victory":false,"max_hp_per_floor":[70,70,70,70,70,70,70,70,77,77,77,77,77,77,77,77,77,77,77,77,77],"card_choices":[{"not_picked":["Dash","Eviscerate"],"picked":"Dodge and Roll","floor":1},{"not_picked":["Slice","PiercingWail"],"picked":"Dodge and Roll","floor":4},{"not_picked":["Outmaneuver","Setup"],"picked":"Footwork","floor":5},{"not_picked":["Bane","Finisher"],"picked":"Cloak And Dagger","floor":7},{"not_picked":["Underhanded Strike","Slice"],"picked":"Accuracy","floor":13},{"not_picked":["Caltrops","Reflex"],"picked":"Blade Dance","floor":14},{"not_picked":["Phantasmal Killer","Bullet Time"],"picked":"A Thousand Cuts","floor":16},{"not_picked":["Riddle With Holes","Noxious Fumes"],"picked":"Dagger Throw+1","floor":18},{"not_picked":["Dagger Spray","Bane+1"],"picked":"Backflip","floor":19}],"player_experience":223776,"relics_obtained":[{"floor":9,"key":"Strawberry"}],"event_choices":[{"damage_healed":0,"gold_gain":0,"player_choice":"Got Potions","damage_taken":0,"max_hp_gain":0,"max_hp_loss":0,"event_name":"Lab","floor":3,"gold_loss":0},{"damage_healed":0,"gold_gain":75,"player_choice":"Gather Gold","damage_taken":11,"max_hp_gain":0,"max_hp_loss":0,"event_name":"World of Goop","floor":10,"gold_loss":0},{"damage_healed":0,"gold_gain":275,"player_choice":"Desecrate","damage_taken":0,"max_hp_gain":0,"max_hp_loss":0,"event_name":"Golden Shrine","floor":11,"gold_loss":0,"cards_obtained":["Regret"]},{"damage_healed":0,"gold_gain":99,"player_choice":"Stole From Cult","damage_taken":0,"max_hp_gain":0,"max_hp_loss":0,"event_name":"Nest","floor":20,"gold_loss":0}],"is_beta":false,"boss_relics":[{"not_picked":["Runic Pyramid","Velvet Choker"],"picked":"Black Star"}],"items_purged_floors":[],"is_endless":false,"potions_floor_spawned":[1,4,16,19],"killed_by":"Snecko","ascension_level":6}