{"gold_per_floor":[117,130,150,162,162,194,207,235,283,283,309,17,17,49,49,154,154,134,134,134,149,163,163,188,21,21,39,19,19,19,51,51,148,148,158,158,258,271,284,314,314,314,314,314,38,48,48,48,48,48],"floor_reached":51,"playtime":4038,"items_purged":["Writhe","Corruption+1"],"score":838,"play_id":"ed9e1d16-e39a-4ba5-b9a3-4e802ab11639","local_time":"20190314230913","is_ascension_mode":true,"campfire_choices":[{"data":"Limit Break","floor":10.0,"key":"SMITH"},{"data":"Metallicize","floor":13,"key":"SMITH"},{"data":"True Grit","floor":15,"key":"SMITH"},{"floor":23,"key":"REST"},{"floor":30,"key":"REST"},{"floor":32,"key":"REST"},{"floor":47,"key":"REST"},{"floor":49,"key":"RECALL"}],"neow_cost":"NONE","seed_source_timestamp":0,"circlet_count":0,"master_deck":["Strike_R","Strike_R","Strike_R","Strike_R","Defend_R+1","Defend_R","Defend_R","Defend_R+1","Bash","Demon Form","Metallicize+1","Iron Wave","Wild Strike","Shrug It Off","Limit Break+1","Ghostly Armor","Whirlwind+1","True Grit+1","Shrug It Off","True Grit","Sword Boomerang+1","Juggernaut","Pummel+1","Seeing Red+1","Shrug It Off","Offering","Bandage Up","Ghostly Armor+1","Pommel Strike+1","Immolate+1","Reaper+1","Limit Break+1"],"special_seed":0,"relics":["Burning Blood","Prayer Wheel","Red Skull","Happy Flower","Molten Egg 2","Ginger","Smiling Mask","Fusion Hammer","Singing Bowl","The Courier","Juzu Bracelet","War Paint","Ornamental Fan","Thread and Needle","Sozu","Torii","Turnip","Paper Frog","Brimstone"],"potions_floor_usage":[24,27,35],"damage_taken":[{"damage":5.0,"enemies":"Small Slimes","floor":1.0,"turns":3.0},{"damage":7.0,"enemies":"2 Louse","floor":2.0,"turns":3.0},{"damage":2.0,"enemies":"Jaw Worm","floor":3.0,"turns":5.0},{"damage":12.0,"enemies":"Red Slaver","floor":4.0,"turns":5.0},{"damage":17.0,"enemies":"Gremlin Nob","floor":6.0,"turns":5.0},{"damage":8.0,"enemies":"2 Fungi Beasts","floor":7.0,"turns":4.0},{"damage":12.0,"enemies":"Lagavulin","floor":8.0,"turns":9.0},{"damage":2.0,"enemies":"3 Sentries","floor":11.0,"turns":10.0},{"damage":17,"enemies":"Gremlin Nob","floor":14,"turns":4},{"damage":24,"enemies":"Hexaghost","floor":16,"turns":8},{"damage":18,"enemies":"2 Thieves","floor":18,"turns":4},{"damage":12,"enemies":"Chosen","floor":21,"turns":4},{"damage":40,"enemies":"Sentry and Sphere","floor":22,"turns":8},{"damage":56,"enemies":"Slavers","floor":24,"turns":7},{"damage":0,"enemies":"Centurion and Healer","floor":27,"turns":4},{"damage":40,"enemies":"Gremlin Leader","floor":31,"turns":6},{"damage":42,"enemies":"Automaton","floor":33,"turns":7},{"damage":9,"enemies":"3 Shapes","floor":35,"turns":6},{"damage":8,"enemies":"Mind Bloom Boss Battle","floor":37,"turns":7},{"damage":7,"enemies":"Orb Walker","floor":38,"turns":4},{"damage":9,"enemies":"4 Shapes","floor":39,"turns":8},{"damage":30,"enemies":"Nemesis","floor":40,"turns":9},{"damage":6,"enemies":"Sphere and 2 Shapes","floor":46,"turns":3},{"damage":109,"enemies":"Donu and Deca","floor":50,"turns":7}],"seed_played":"-2140267147019225841","potions_obtained":[{"floor":1.0,"key":"SpeedPotion"},{"floor":2.0,"key":"Energy Potion"},{"floor":4.0,"key":"Regen Potion"},{"floor":18,"key":"Poison Potion"},{"floor":21,"key":"SneckoOil"},{"floor":31,"key":"AttackPotion"}],"is_trial":false,"path_per_floor":["M","M","M","M","?","E","M","E","T","R","E","$","R","E","R","B",null,"M","?","T","M","M","R","E","$","T","M","$","?","R","E","R","B",null,"M","?","?","M","M","E","?","?","T","?","$","M","R","?","R","B",null],"character_chosen":"IRONCLAD","items_purchased":["Ginger","War Paint","Shrug It Off","Brimstone","Immolate+1"],"campfire_rested":4,"item_purchase_floors":[12,25,28,45,45],"current_hp_per_floor":[80,79,80,74,74,74,72,66,66,66,70,70,70,59,59,41,80,68,68,68,62,30,54,10,10,10,16,16,45,71,39,66,34,94,99,99,103,106,108,90,90,90,90,90,90,92,112,112,112,60],"gold":48,"neow_bonus":"ONE_RANDOM_RARE_CARD","is_prod":false,"is_daily":false,"chose_seed":false,"campfire_upgraded":3,"win_rate":0,"timestamp":1552619353,"path_taken":["M","M","M","M","?","E","M","E","T","R","E","$","R","E","R","BOSS","M","?","?","M","M","R","E","$","T","M","$","?","R","E","R","BOSS","M","?","?","M","M","E","?","?","T","?","$","M","R","?","R","BOSS"],"build_version":"2019-01-23","purchased_purges":2,"victory":true,"max_hp_per_floor":[80,80,80,80,80,80,80,80,80,80,80,80,80,80,80,80,80,80,80,80,80,82,82,88,88,88,88,88,88,88,90,90,94,94,102,102,104,106,108,110,110,110,110,110,110,112,112,112,112,112],"card_choices":[{"not_picked":["Warcry","Rage"],"picked":"Metallicize","floor":1.0},{"not_picked":["Clash","Anger"],"picked":"Iron Wave","floor":2.0},{"not_picked":["Headbutt","Body Slam"],"picked":"Wild Strike","floor":3.0},{"not_picked":["Flex","Warcry"],"picked":"Shrug It Off","floor":4.0},{"not_picked":["Headbutt","Body Slam","Thunderclap"],"picked":"SKIP","floor":6.0},{"not_picked":["True Grit","Twin Strike"],"picked":"Limit Break","floor":7.0},{"not_picked":["Twin Strike","Havoc"],"picked":"Ghostly Armor","floor":7.0},{"not_picked":["Wild Strike","Body Slam","Anger"],"picked":"SKIP","floor":8.0},{"not_picked":["Twin Strike","Pommel Strike"],"picked":"Whirlwind","floor":11.0},{"not_picked":["Flame Barrier","Barricade"],"picked":"True Grit","floor":14},{"not_picked":["Berserk","Exhume"],"picked":"Feed+1","floor":16},{"not_picked":["Infernal Blade","Battle Trance"],"picked":"Shrug It Off","floor":18},{"not_picked":["Armaments","Perfected Strike+1"],"picked":"Corruption+1","floor":18},{"not_picked":["Whirlwind+1","Rupture"],"picked":"True Grit","floor":21},{"not_picked":["Bloodletting","Flame Barrier"],"picked":"Sword Boomerang+1","floor":21},{"not_picked":["Corruption","Flex","Warcry"],"picked":"Singing Bowl","floor":22},{"not_picked":["Rage","Body Slam+1"],"picked":"Juggernaut","floor":22},{"not_picked":["Wild Strike+1","Body Slam+1","Flex"],"picked":"Singing Bowl","floor":24},{"not_picked":["Perfected Strike+1","Armaments"],"picked":"Pummel+1","floor":27},{"not_picked":["Warcry+1","Juggernaut"],"picked":"Seeing Red+1","floor":27},{"not_picked":["Shrug It Off+1","Hemokinesis+1","Fiend Fire+1"],"picked":"Singing Bowl","floor":31},{"not_picked":["Exhume","Feed+1"],"picked":"Offering","floor":33},{"not_picked":["Battle Trance","Rampage+1","Clash+1"],"picked":"Singing Bowl","floor":35},{"not_picked":["Carnage+1","Havoc","Heavy Blade+1"],"picked":"Singing Bowl","floor":35},{"not_picked":["HandOfGreed+1","The Bomb"],"picked":"Bandage Up","floor":36},{"not_picked":["Hemokinesis+1","Clothesline+1","Cleave+1"],"picked":"Singing Bowl","floor":37},{"not_picked":["Infernal Blade","Clothesline+1","Blood for Blood+1"],"picked":"Singing Bowl","floor":38},{"not_picked":["Power Through+1","Havoc+1"],"picked":"Ghostly Armor+1","floor":38},{"not_picked":["Wild Strike+1","Shrug It Off","Clothesline+1"],"picked":"Singing Bowl","floor":39},{"not_picked":["Blood for Blood+1","Anger+1"],"picked":"Pommel Strike+1","floor":39},{"not_picked":["Clash+1","Second Wind+1","Body Slam+1"],"picked":"Singing Bowl","floor":40},{"not_picked":["Evolve+1","Anger+1"],"picked":"Reaper+1","floor":46},{"not_picked":["Perfected Strike+1","Heavy Blade+1","Disarm"],"picked":"Singing Bowl","floor":46}],"player_experience":142461,"relics_obtained":[{"floor":6.0,"key":"Prayer Wheel"},{"floor":8.0,"key":"Red Skull"},{"floor":9.0,"key":"Happy Flower"},{"floor":11.0,"key":"Molten Egg 2"},{"floor":14,"key":"Smiling Mask"},{"floor":20,"key":"The Courier"},{"floor":24,"key":"Juzu Bracelet"},{"floor":26,"key":"Ornamental Fan"},{"floor":31,"key":"Thread and Needle"},{"floor":37,"key":"Torii"},{"floor":40,"key":"Turnip"},{"floor":43,"key":"Paper Frog"}],"event_choices":[{"cards_removed":["Strike_R"],"damage_healed":0.0,"max_hp_gain":0.0,"max_hp_loss":0.0,"gold_gain":0.0,"event_name":"Living Wall","player_choice":"Forget","floor":5.0,"gold_loss":0.0,"damage_taken":0.0},{"damage_healed":0,"gold_gain":0,"player_choice":"Opened","damage_taken":0,"relics_obtained":["Singing Bowl"],"max_hp_gain":0,"max_hp_loss":0,"event_name":"The Mausoleum","floor":19,"gold_loss":0,"cards_obtained":["Writhe"]},{"damage_healed":29,"gold_gain":0,"player_choice":"Heal","damage_taken":0,"max_hp_gain":0,"max_hp_loss":0,"event_name":"The Library","floor":29,"gold_loss":0},{"damage_healed":0,"gold_gain":0,"player_choice":"Memory 1","damage_taken":0,"max_hp_gain":0,"max_hp_loss":0,"event_name":"SensoryStone","floor":36,"gold_loss":0},{"damage_healed":0,"gold_gain":0,"player_choice":"Fight","damage_taken":0,"max_hp_gain":0,"max_hp_loss":0,"event_name":"MindBloom","floor":37,"gold_loss":0},{"damage_healed":0,"gold_gain":0,"player_choice":"Ignored","damage_taken":0,"max_hp_gain":0,"max_hp_loss":0,"event_name":"Mysterious Sphere","floor":41,"gold_loss":0},{"damage_healed":0,"gold_gain":0,"player_choice":"Ignored","damage_taken":0,"max_hp_gain":0,"max_hp_loss":0,"event_name":"Tomb of Lord Red Mask","floor":42,"gold_loss":0},{"cards_removed":["Feed"],"damage_healed":0,"gold_gain":0,"player_choice":"Removed Attack","damage_taken":0,"max_hp_gain":0,"max_hp_loss":0,"event_name":"Falling","floor":44,"gold_loss":0},{"damage_healed":0,"gold_gain":0,"player_choice":"Copied","damage_taken":0,"max_hp_gain":0,"max_hp_loss":0,"event_name":"Duplicator","floor":48,"gold_loss":0,"cards_obtained":["Limit Break"]}],"is_beta":false,"boss_relics":[{"not_picked":["Velvet Choker","Tiny House"],"picked":"Fusion Hammer"},{"not_picked":["Calling Bell","Runic Pyramid"],"picked":"Sozu"}],"items_purged_floors":[25,45],"is_endless":false,"potions_floor_spawned":[1,2,4,18,21,31,35],"ascension_level":2}