{"gold_per_floor":[112,187,202,154,166,166,193,193,193,193,193,212,223,255,255,333,333,343,362,9,28,28,60,72,115,127,54,66,0,32,44,56,145,157,187,199,229,251,93,93,111,138,187,197,116,128,128,140,140,140,140,140,15,46,46],"floor_reached":56,"playtime":2223,"items_purged":["Blizzard","Zap+1","Sunder+1"],"score":2010,"play_id":"8c70226c-9fff-49f8-83d8-0b3dd4256df4","local_time":"20190308230742","is_ascension_mode":true,"campfire_choices":[{"data":"Sunder","floor":6.0,"key":"SMITH"},{"data":"Zap","floor":8.0,"key":"SMITH"},{"floor":11.0,"key":"REST"},{"data":"Hologram","floor":15.0,"key":"SMITH"},{"data":"BootSequence","floor":24.0,"key":"SMITH"},{"floor":28.0,"key":"REST"},{"floor":32.0,"key":"REST"},{"floor":40.0,"key":"RECALL"},{"floor":47.0,"key":"REST"},{"data":"Conserve Battery","floor":49,"key":"SMITH"},{"floor":52,"key":"REST"}],"neow_cost":"NONE","seed_source_timestamp":0,"circlet_count":0,"master_deck":["AscendersBane","Dualcast","BootSequence+1","Conserve Battery+1","Cold Snap","Hologram+1","Doom and Gloom","Stack+1","Biased Cognition+1","Machine Learning+1","White Noise+1","Darkness+1","Reboot+1","Darkness+1","Blizzard","Hologram+1","Loop+1","Electrodynamics+1","Chill+1","Coolheaded+1","Glacier+1","Biased Cognition+1","Coolheaded+1","Defragment+1","Capacitor+1"],"special_seed":0,"relics":["Cracked Core","Symbiotic Virus","Frozen Egg 2","Toxic Egg 2","Pandora\u0027s Box","OrangePellets","MawBank","Cables","Gremlin Horn","Sozu","StoneCalendar","Ancient Tea Set","Pocketwatch"],"potions_floor_usage":[55],"damage_taken":[{"damage":7.0,"enemies":"Jaw Worm","floor":1.0,"turns":4.0},{"damage":7.0,"enemies":"Small Slimes","floor":3.0,"turns":3.0},{"damage":1.0,"enemies":"Cultist","floor":5.0,"turns":3.0},{"damage":23.0,"enemies":"Lagavulin","floor":7.0,"turns":7.0},{"damage":0.0,"enemies":"Exordium Wildlife","floor":12.0,"turns":3.0},{"damage":0.0,"enemies":"Looter","floor":13.0,"turns":3.0},{"damage":9.0,"enemies":"3 Sentries","floor":14.0,"turns":5.0},{"damage":1.0,"enemies":"The Guardian","floor":16.0,"turns":11.0},{"damage":2.0,"enemies":"Chosen","floor":18.0,"turns":4.0},{"damage":7.0,"enemies":"2 Thieves","floor":19.0,"turns":2.0},{"damage":0.0,"enemies":"Cultist and Chosen","floor":21.0,"turns":4.0},{"damage":4.0,"enemies":"Gremlin Leader","floor":23.0,"turns":5.0},{"damage":37.0,"enemies":"Book of Stabbing","floor":25.0,"turns":6.0},{"damage":11.0,"enemies":"Snake Plant","floor":30.0,"turns":4.0},{"damage":7.0,"enemies":"Collector","floor":33.0,"turns":8.0},{"damage":0.0,"enemies":"3 Shapes","floor":35.0,"turns":3.0},{"damage":0.0,"enemies":"Orb Walker","floor":37.0,"turns":3.0},{"damage":4.0,"enemies":"Maw","floor":38.0,"turns":7.0},{"damage":0.0,"enemies":"Spire Growth","floor":41.0,"turns":4.0},{"damage":0.0,"enemies":"Giant Head","floor":42.0,"turns":6.0},{"damage":8.0,"enemies":"Writhing Mass","floor":44.0,"turns":4.0},{"damage":10.0,"enemies":"Transient","floor":46.0,"turns":5.0},{"damage":0.0,"enemies":"Spire Growth","floor":48.0,"turns":5.0},{"damage":9,"enemies":"Time Eater","floor":50,"turns":10},{"damage":0,"enemies":"Shield and Spear","floor":54,"turns":7},{"damage":58,"enemies":"The Heart","floor":55,"turns":9}],"seed_played":"-5458450169954288018","potions_obtained":[{"floor":5.0,"key":"Ancient Potion"},{"floor":7.0,"key":"GamblersBrew"},{"floor":19.0,"key":"SkillPotion"},{"floor":30.0,"key":"PowerPotion"}],"is_trial":false,"path_per_floor":["M","?","M","$","M","R","E","R","T","?","R","M","M","E","R","B",null,"M","M","$","M","$","E","R","E","T","?","R","?","M","?","R","B",null,"M","?","M","M","$","R","M","E","T","M","$","M","R","M","R","B",null,"R","$","E","B",null],"character_chosen":"DEFECT","items_purchased":["FearPotion","OrangePellets","Electrodynamics+1","Defragment+1","Capacitor+1"],"campfire_rested":5,"item_purchase_floors":[4,20,20,39,45],"current_hp_per_floor":[64,53,46,46,45,45,22,22,22,22,45,45,45,36,36,35,67,65,58,58,58,58,54,54,17,17,17,40,40,29,29,52,45,70,70,70,70,66,66,66,66,66,66,58,58,48,71,71,71,62,74,78,78,78,20],"gold":46,"neow_bonus":"TEN_PERCENT_HP_BONUS","is_prod":false,"is_daily":false,"chose_seed":false,"campfire_upgraded":5,"win_rate":0,"timestamp":1552104462,"path_taken":["M","?","M","$","M","R","E","R","T","?","R","M","?","E","R","BOSS","M","M","$","M","$","E","R","E","T","?","R","?","M","?","R","BOSS","M","?","M","M","$","R","M","E","T","?","?","M","R","M","R","BOSS","R","$","E","BOSS"],"build_version":"2019-02-06","purchased_purges":3,"victory":true,"max_hp_per_floor":[78,78,78,78,78,78,78,78,78,78,78,78,78,78,78,78,78,78,78,78,78,78,78,78,78,78,78,78,78,78,78,78,78,78,78,78,78,78,78,78,78,78,78,78,78,78,78,78,78,78,78,78,78,78,78],"card_choices":[{"not_picked":["Turbo","Leap"],"picked":"BootSequence","floor":1.0},{"not_picked":["Leap","Redo"],"picked":"Sunder","floor":3.0},{"not_picked":["FTL","Go for the Eyes"],"picked":"Conserve Battery","floor":5.0},{"not_picked":["Recycle","Sunder"],"picked":"Cold Snap","floor":7.0},{"not_picked":["Sweeping Beam","Rebound"],"picked":"Hologram","floor":12.0},{"not_picked":["Auto Shields","Aggregate"],"picked":"Doom and Gloom","floor":13.0},{"not_picked":["Ball Lightning","Steam"],"picked":"Stack","floor":14.0},{"not_picked":["Hyperbeam","Seek+1"],"picked":"Biased Cognition+1","floor":16.0},{"not_picked":["Gash","Scrape"],"picked":"Hologram+1","floor":18.0},{"not_picked":["Consume+1","Melter"],"picked":"Loop+1","floor":19.0},{"not_picked":["Leap+1","Turbo+1","Compile Driver"],"picked":"SKIP","floor":21.0},{"not_picked":["Conserve Battery+1","Rainbow+1"],"picked":"Chill+1","floor":23.0},{"not_picked":["Compile Driver","Darkness+1","Gash"],"picked":"SKIP","floor":25.0},{"not_picked":["Conserve Battery+1","Reprogram+1"],"picked":"Coolheaded+1","floor":30.0},{"not_picked":["Sweeping Beam","Chill+1"],"picked":"Glacier+1","floor":35.0},{"not_picked":["Fusion+1","Sweeping Beam","Barrage"],"picked":"SKIP","floor":37.0},{"not_picked":["Auto Shields+1","Tempest+1"],"picked":"Coolheaded+1","floor":38.0},{"not_picked":["Barrage","Compile Driver","Redo+1"],"picked":"SKIP","floor":41.0},{"not_picked":["Rip and Tear","Hyperbeam","Sunder"],"picked":"SKIP","floor":42.0},{"not_picked":["Double Energy+1","Compile Driver+1","Reprogram+1"],"picked":"SKIP","floor":44.0},{"not_picked":["Cold Snap","Ball Lightning","Compile Driver+1"],"picked":"SKIP","floor":46.0},{"not_picked":["Sweeping Beam","Redo+1","Turbo+1"],"picked":"SKIP","floor":48.0},{"not_picked":["Hello World+1","Leap+1","Sweeping Beam"],"picked":"SKIP","floor":54}],"player_experience":2125713,"relics_obtained":[{"floor":7.0,"key":"Symbiotic Virus"},{"floor":9.0,"key":"Frozen Egg 2"},{"floor":14.0,"key":"Toxic Egg 2"},{"floor":23.0,"key":"MawBank"},{"floor":25.0,"key":"Cables"},{"floor":42.0,"key":"StoneCalendar"},{"floor":43.0,"key":"Ancient Tea Set"},{"floor":54,"key":"Pocketwatch"}],"event_choices":[{"damage_healed":0.0,"max_hp_gain":0.0,"max_hp_loss":0.0,"gold_gain":75.0,"event_name":"World of Goop","player_choice":"Gather Gold","floor":2.0,"gold_loss":0.0,"damage_taken":11.0},{"cards_removed":["Strike_B"],"damage_healed":0.0,"max_hp_gain":0.0,"max_hp_loss":0.0,"gold_gain":0.0,"event_name":"Purifier","player_choice":"Purged","floor":10.0,"gold_loss":0.0,"damage_taken":0.0},{"damage_healed":0.0,"max_hp_gain":0.0,"max_hp_loss":0.0,"gold_gain":0.0,"event_name":"Addict","player_choice":"Obtained Relic","floor":27.0,"gold_loss":85.0,"damage_taken":0.0,"relics_obtained":["Gremlin Horn"]},{"damage_healed":0.0,"max_hp_gain":0.0,"max_hp_loss":0.0,"gold_gain":0.0,"event_name":"Masked Bandits","player_choice":"Paid Fearfully","floor":29.0,"gold_loss":78.0,"damage_taken":0.0},{"damage_healed":0.0,"max_hp_gain":0.0,"max_hp_loss":0.0,"gold_gain":0.0,"event_name":"Beggar","player_choice":"Ignored","floor":31.0,"gold_loss":0.0,"damage_taken":0.0},{"damage_healed":0.0,"max_hp_gain":0.0,"max_hp_loss":0.0,"gold_gain":0.0,"event_name":"Duplicator","player_choice":"Copied","floor":36.0,"gold_loss":0.0,"damage_taken":0.0,"cards_obtained":["Biased Cognition"]}],"is_beta":true,"boss_relics":[{"not_picked":["Tiny House","Orrery"],"picked":"Pandora\u0027s Box"},{"not_picked":["Lizard Tail","Snecko Eye"],"picked":"Sozu"}],"items_purged_floors":[20,39,53],"is_endless":false,"potions_floor_spawned":[5,7,13,19,21,30,42,46,48],"ascension_level":15}