{"path_per_floor":["M","$","M","?","M","R","E","R","T","E","?","M","M","E","R","B",null,"M","?","?","?","M","R","M","?","T","?","$","R","M","M","R","B",null,"M","?","M","M","?","R"],"character_chosen":"IRONCLAD","items_purchased":["Regen Potion","Toxic Egg 2"],"gold_per_floor":[10,10,22,197,213,213,240,240,291,326,286,298,310,339,339,439,439,456,456,706,621,637,637,648,648,673,673,294,294,304,317,317,418,448,468,519,533,553,553,553],"floor_reached":41,"campfire_rested":2,"playtime":3450,"current_hp_per_floor":[64,64,67,67,72,72,34,58,58,43,43,41,46,31,55,13,63,49,33,33,33,38,38,19,19,19,50,50,50,60,60,60,50,91,79,60,53,59,86,86],"items_purged":["Doubt"],"gold":553,"score":519,"play_id":"289f64b2-2414-4092-8fdc-52796d351c8e","is_prod":false,"is_daily":false,"is_ascension_mode":true,"campfire_upgraded":5,"path_taken":["M","$","?","?","?","R","E","R","T","E","?","M","M","E","R","BOSS","M","?","?","?","M","R","M","?","T","?","$","R","M","M","R","BOSS","M","?","?","M","?","R","E"],"build_version":"2018-02-08-PROD1","purchased_purges":1,"victory":false,"master_deck":["Strike_R","Strike_R","Strike_R","Strike_R","Strike_R","Defend_R","Defend_R","Defend_R","Defend_R","Bash","Disarm","Iron Wave+1","Flex+1","Flame Barrier+1","Iron Wave","Thunderclap","Battle Trance","Feed","Armaments+1","Spot Weakness+1","Whirlwind+1","Corruption+1","Double Tap+1","Heavy Blade+1","Flex+1","Infernal Blade+1","Shrug It Off+1","Writhe"],"max_hp_per_floor":[80,80,80,80,80,80,80,80,80,80,80,80,80,80,80,80,80,83,88,88,88,91,91,94,94,94,94,94,94,98,98,98,98,103,103,103,106,106,106,106],"relics":["Burning Blood","Gambling Chip","Vajra","Bag of Marbles","Bottled Flame","Shuriken","Cursed Key","Prayer Wheel","Dream Catcher","Toxic Egg 2","Tiny House","Torii"],"card_choices":[{"not_picked":["Clash","Uppercut"],"picked":"Disarm"},{"not_picked":["Cleave","Clash"],"picked":"Iron Wave"},{"not_picked":["Bloodletting","Iron Wave"],"picked":"Flex"},{"not_picked":["Barricade","Warcry"],"picked":"Flame Barrier"},{"not_picked":["True Grit","Combust"],"picked":"Iron Wave"},{"not_picked":["Wild Strike","Cleave"],"picked":"Thunderclap"},{"not_picked":["Clothesline","Entrench"],"picked":"Battle Trance"},{"not_picked":["Fiend Fire","Immolate"],"picked":"Feed"},{"not_picked":["Rage","Metallicize"],"picked":"Armaments"},{"not_picked":["Disarm","Clothesline"],"picked":"Spot Weakness"},{"not_picked":["Inflame","Dual Wield"],"picked":"Whirlwind"},{"not_picked":["Thunderclap","Clothesline"],"picked":"Corruption"},{"not_picked":["Reaper","Dark Embrace"],"picked":"Double Tap"},{"not_picked":["Carnage","Pummel"],"picked":"Heavy Blade"},{"not_picked":["Wild Strike","Heavy Blade"],"picked":"Flex"},{"not_picked":["Sword Boomerang","Disarm"],"picked":"Infernal Blade"},{"not_picked":["Body Slam","Armaments"],"picked":"Shrug It Off"}],"player_experience":130248,"potions_floor_usage":[10,14,24,33,33,41,41],"damage_taken":[{"damage":14,"enemies":"Blue Slaver","floor":1,"turns":6},{"damage":3,"enemies":"Small Slimes","floor":3,"turns":4},{"damage":1,"enemies":"Cultist","floor":5,"turns":3},{"damage":44,"enemies":"Lagavulin","floor":7,"turns":8},{"damage":21,"enemies":"3 Sentries","floor":10,"turns":9},{"damage":8,"enemies":"Gremlin Gang","floor":12,"turns":5},{"damage":1,"enemies":"Lots of Slimes","floor":13,"turns":4},{"damage":21,"enemies":"Lagavulin","floor":14,"turns":5},{"damage":48,"enemies":"Slime Boss","floor":16,"turns":10},{"damage":23,"enemies":"3 Byrds","floor":18,"turns":7},{"damage":4,"enemies":"Chosen","floor":22,"turns":5},{"damage":28,"enemies":"Slaver and Parasite","floor":24,"turns":6},{"damage":0,"enemies":"3 Cultists","floor":30,"turns":5},{"damage":6,"enemies":"Snake Plant","floor":31,"turns":2},{"damage":31,"enemies":"Champ","floor":33,"turns":13},{"damage":18,"enemies":"3 Darklings","floor":35,"turns":3},{"damage":25,"enemies":"Mysterious Sphere","floor":36,"turns":3},{"damage":16,"enemies":"3 Shapes","floor":37,"turns":7},{"damage":0,"enemies":"3 Darklings","floor":38,"turns":1},{"damage":93,"enemies":"Nemesis","floor":41,"turns":9}],"event_choices":[{"event_name":"Liars Game","player_choice":"agreed","floor":4,"damage_taken":0},{"event_name":"The Woman in Blue","player_choice":"Bought 3 Potions","floor":11,"damage_taken":0},{"event_name":"Forgotten Altar","player_choice":"Shed Blood","floor":19,"damage_taken":0},{"event_name":"Golden Shrine","player_choice":"Desecrate","floor":20,"damage_taken":0},{"event_name":"Addict","player_choice":"Obtained Relic","floor":21,"damage_taken":0},{"event_name":"Fountain of Cleansing","player_choice":"Removed Curse","floor":25,"damage_taken":0},{"event_name":"The Library","player_choice":"Heal","floor":27,"damage_taken":0},{"event_name":"Mysterious Sphere","player_choice":"Fight","floor":36,"damage_taken":0},{"event_name":"Winding Halls","player_choice":"Writhe","floor":39,"damage_taken":0}],"boss_relics":[{"not_picked":["Runic Pyramid","Snecko Eye"],"picked":"Cursed Key"},{"not_picked":["Runic Dome","White Beast Statue"],"picked":"Tiny House"}],"potions_floor_spawned":[3,10,12,13,24,31,33,36,38],"seed_played":"6028740646281056263","killed_by":"Nemesis","ascension_level":6,"is_trial":false}