{"gold_per_floor":[118,135,60,71,89,117,117,137,161,161,161,196,209,223,223,296,296,310,1,1,14,28,28,55,55,55,55,75,75],"floor_reached":29,"playtime":898,"items_purged":["Strike_R"],"score":494,"play_id":"d0310825-0704-445c-8a3d-72c3663e27c7","local_time":"20190303164033","is_ascension_mode":true,"campfire_choices":[{"floor":7.0,"key":"REST"},{"data":"Whirlwind","floor":11.0,"key":"SMITH"},{"floor":15,"key":"REST"},{"data":"True Grit","floor":23,"key":"SMITH"},{"data":"Bash","floor":25,"key":"SMITH"}],"neow_cost":"NONE","seed_source_timestamp":1222545185447550,"circlet_count":0,"master_deck":["AscendersBane","Strike_R","Strike_R","Strike_R","Defend_R","Defend_R","Defend_R","Defend_R","Bash+1","Shrug It Off","Anger","Whirlwind+1","Headbutt","Sword Boomerang","Spot Weakness","True Grit+1","Disarm","Ghostly Armor","Shame","Feed","Warcry+1"],"special_seed":0,"relics":["Eternal Feather","Juzu Bracelet","Lantern","Orichalcum","Cursed Key","FossilizedHelix","Smiling Mask","Toxic Egg 2"],"potions_floor_usage":[24,29],"damage_taken":[{"damage":11.0,"enemies":"Cultist","floor":1.0,"turns":4.0},{"damage":0.0,"enemies":"Small Slimes","floor":2.0,"turns":3.0},{"damage":6.0,"enemies":"2 Louse","floor":4.0,"turns":4.0},{"damage":0.0,"enemies":"2 Fungi Beasts","floor":5.0,"turns":3.0},{"damage":47.0,"enemies":"Lagavulin","floor":6.0,"turns":8.0},{"damage":9.0,"enemies":"Large Slime","floor":8.0,"turns":5.0},{"damage":24.0,"enemies":"Gremlin Nob","floor":12.0,"turns":4.0},{"damage":5,"enemies":"Exordium Thugs","floor":13,"turns":3},{"damage":0,"enemies":"Blue Slaver","floor":14,"turns":2},{"damage":25,"enemies":"The Guardian","floor":16,"turns":14},{"damage":21,"enemies":"Shell Parasite","floor":18,"turns":8},{"damage":16,"enemies":"Spheric Guardian","floor":21,"turns":4},{"damage":9,"enemies":"Cultist and Chosen","floor":22,"turns":5},{"damage":0,"enemies":"Gremlin Leader","floor":24,"turns":6},{"damage":15,"enemies":"Shelled Parasite and Fungi","floor":28,"turns":6},{"damage":25,"enemies":"Book of Stabbing","floor":29,"turns":3}],"seed_played":"902436753326404776","potions_obtained":[{"floor":2.0,"key":"BloodPotion"},{"floor":4.0,"key":"Swift Potion"},{"floor":12.0,"key":"Ancient Potion"},{"floor":14,"key":"Swift Potion"},{"floor":28,"key":"Fire Potion"}],"is_trial":false,"path_per_floor":["M","M","$","M","M","E","R","M","T","?","R","E","M","M","R","B",null,"M","$","?","M","M","R","E","R","T","?","M","E"],"character_chosen":"IRONCLAD","items_purchased":["FossilizedHelix"],"campfire_rested":2,"item_purchase_floors":[19],"current_hp_per_floor":[57,57,57,51,51,11,39,30,30,30,36,12,7,7,38,13,60,39,39,39,23,14,23,23,32,32,32,17,0],"gold":75,"neow_bonus":"BOSS_RELIC","is_prod":false,"is_daily":false,"chose_seed":false,"campfire_upgraded":3,"win_rate":0,"timestamp":1551649233,"path_taken":["M","?","$","M","M","E","R","M","T","?","R","E","M","M","R","BOSS","M","$","?","M","M","R","E","R","T","?","M","E"],"build_version":"2019-02-06","purchased_purges":1,"victory":false,"max_hp_per_floor":[75,75,75,75,75,75,75,75,75,75,75,75,75,75,75,75,75,75,75,75,75,75,75,75,75,75,75,75,75],"card_choices":[{"not_picked":["Anger","Sword Boomerang"],"picked":"Shrug It Off","floor":1.0},{"not_picked":["Limit Break","Entrench"],"picked":"Anger","floor":2.0},{"not_picked":["Sever Soul","Burning Pact","True Grit"],"picked":"SKIP","floor":4.0},{"not_picked":["Sever Soul","Sentinel"],"picked":"Whirlwind","floor":5.0},{"not_picked":["Dual Wield","Thunderclap"],"picked":"Headbutt","floor":6.0},{"not_picked":["True Grit","Reckless Charge","Body Slam"],"picked":"SKIP","floor":8.0},{"not_picked":["Warcry","Clash"],"picked":"Sword Boomerang","floor":12.0},{"not_picked":["Dual Wield","Battle Trance"],"picked":"Spot Weakness","floor":13},{"not_picked":["Rupture","Dark Embrace"],"picked":"True Grit","floor":14},{"not_picked":["Armaments","Anger","Twin Strike"],"picked":"SKIP","floor":18},{"not_picked":["Rampage","Clothesline"],"picked":"Disarm","floor":21},{"not_picked":["Sword Boomerang+1","Pommel Strike"],"picked":"Ghostly Armor","floor":22},{"not_picked":["Infernal Blade","Cleave","Rage"],"picked":"SKIP","floor":24},{"not_picked":["Bloodletting+1","Headbutt"],"picked":"Warcry+1","floor":28}],"player_experience":2081213,"relics_obtained":[{"floor":6.0,"key":"Juzu Bracelet"},{"floor":9.0,"key":"Lantern"},{"floor":12.0,"key":"Orichalcum"},{"floor":24,"key":"Smiling Mask"},{"floor":26,"key":"Toxic Egg 2"}],"event_choices":[{"cards_removed":["Strike_R"],"damage_healed":0.0,"max_hp_gain":0.0,"max_hp_loss":0.0,"gold_gain":0.0,"event_name":"Purifier","player_choice":"Purged","floor":10.0,"gold_loss":0.0,"damage_taken":0.0},{"damage_healed":0,"gold_gain":0,"player_choice":"Ignored","damage_taken":0,"max_hp_gain":0,"max_hp_loss":0,"event_name":"The Mausoleum","floor":20,"gold_loss":0},{"damage_healed":0,"gold_gain":0,"player_choice":"1 cards matched","damage_taken":0,"max_hp_gain":0,"max_hp_loss":0,"event_name":"Match and Keep!","floor":27,"gold_loss":0,"cards_obtained":["Feed"]}],"is_beta":true,"boss_relics":[{"not_picked":["Runic Pyramid","Ectoplasm"],"picked":"Cursed Key"}],"items_purged_floors":[3],"is_endless":false,"potions_floor_spawned":[2,4,12,14,18,28],"killed_by":"Book of Stabbing","ascension_level":15}