{"gold_per_floor":[113,113,123,142,154,154,180,207,207,218,30,30,30,50,50,155,155,170,189,189,208,208,208,242,94,117,133,233,253,253,265,265,265],"floor_reached":33,"playtime":2990,"items_purged":[],"score":269,"play_id":"bb00e63c-2d2a-4029-ab1f-da01cf3c5a2e","local_time":"20190311095105","is_ascension_mode":false,"campfire_choices":[{"data":"Armaments","floor":6,"key":"SMITH"},{"data":"Inflame","floor":12,"key":"SMITH"},{"data":"Infernal Blade","floor":15,"key":"SMITH"},{"data":"Barricade","floor":23,"key":"SMITH"},{"floor":32,"key":"REST"}],"neow_cost":"","seed_source_timestamp":843477337772595,"circlet_count":0,"master_deck":["Strike_R","Strike_R","Strike_R","Strike_R","Defend_R+1","Defend_R","Defend_R","Defend_R+1","Bash","Pommel Strike","Iron Wave","Body Slam","Armaments+1","Demon Form","Burning Pact","Inflame+1","Infernal Blade+1","Barricade+1","Shrug It Off","Battle Trance","Armaments","Thunderclap","Impervious","Anger","Infernal Blade","Pommel Strike"],"relics":["Black Blood","Happy Flower","Bag of Marbles","Self Forming Clay","Oddly Smooth Stone","War Paint","PreservedInsect","Red Skull","Ginger","Mummified Hand"],"potions_floor_usage":[5,7,21,24,29,31],"damage_taken":[{"damage":8,"enemies":"2 Louse","floor":1,"turns":3},{"damage":1,"enemies":"Cultist","floor":3,"turns":3},{"damage":4,"enemies":"Small Slimes","floor":4,"turns":4},{"damage":5,"enemies":"Looter","floor":5,"turns":3},{"damage":2,"enemies":"Gremlin Nob","floor":7,"turns":4},{"damage":5,"enemies":"Exordium Thugs","floor":10,"turns":5},{"damage":1,"enemies":"2 Fungi Beasts","floor":14,"turns":3},{"damage":30,"enemies":"The Guardian","floor":16,"turns":8},{"damage":4,"enemies":"Chosen","floor":18,"turns":4},{"damage":0,"enemies":"Shell Parasite","floor":19,"turns":4},{"damage":9,"enemies":"Snake Plant","floor":21,"turns":5},{"damage":39,"enemies":"Gremlin Leader","floor":24,"turns":8},{"damage":15,"enemies":"Shelled Parasite and Fungi","floor":27,"turns":8},{"damage":1,"enemies":"Colosseum Slavers","floor":28,"turns":6},{"damage":12,"enemies":"Colosseum Nobs","floor":28,"turns":5},{"damage":32,"enemies":"Cultist and Chosen","floor":29,"turns":7},{"damage":10,"enemies":"Sentry and Sphere","floor":31,"turns":6},{"damage":49,"enemies":"Champ","floor":33,"turns":10}],"seed_played":"7679950792112595250","potions_obtained":[{"floor":3,"key":"Energy Potion"},{"floor":5,"key":"Block Potion"},{"floor":14,"key":"Explosive Potion"},{"floor":16,"key":"SkillPotion"},{"floor":18,"key":"Fire Potion"},{"floor":29,"key":"PowerPotion"}],"is_trial":false,"path_per_floor":["?","M","T","?","?","M","?"],"character_chosen":"IRONCLAD","items_purchased":["Inflame","Oddly Smooth Stone","PreservedInsect"],"campfire_rested":1,"item_purchase_floors":[11,11,25],"current_hp_per_floor":[78,78,80,80,80,80,80,80,80,80,80,80,80,80,80,56,80,80,80,80,80,65,65,36,36,36,31,38,16,16,16,41,0],"gold":265,"neow_bonus":"","is_prod":false,"is_daily":false,"chose_seed":false,"campfire_upgraded":4,"win_rate":0.0,"timestamp":1552294265,"path_taken":["M","?","M","?","M","R","E","?","T","M","$","R","$","M","R","BOSS","M","M","$","M","?","R","E","$","T","M","?","?","?","M","R","BOSS"],"build_version":"2019-01-23","purchased_purges":0,"victory":false,"max_hp_per_floor":[80,80,80,80,80,80,80,80,80,80,80,80,80,80,80,80,80,80,80,80,80,85,85,85,85,85,85,85,85,85,85,85,85],"card_choices":[{"not_picked":["Body Slam","Flex"],"picked":"Pommel Strike","floor":1},{"not_picked":["Clothesline","Corruption"],"picked":"Iron Wave","floor":3},{"not_picked":["Intimidate","Corruption"],"picked":"Body Slam","floor":4},{"not_picked":["Sword Boomerang","Body Slam"],"picked":"Armaments","floor":5},{"not_picked":["Rupture","Warcry"],"picked":"Demon Form","floor":7},{"not_picked":["Pummel","Armaments"],"picked":"Burning Pact","floor":10},{"not_picked":["Sever Soul","Flex"],"picked":"Infernal Blade","floor":14},{"not_picked":["Demon Form","Brutality"],"picked":"Barricade","floor":16},{"not_picked":["Ghostly Armor","Uppercut"],"picked":"Shrug It Off","floor":18},{"not_picked":["True Grit","Pommel Strike"],"picked":"Battle Trance","floor":19},{"not_picked":["Clash","Combust+1"],"picked":"Armaments","floor":21},{"not_picked":["Intimidate","Clothesline"],"picked":"Thunderclap","floor":24},{"not_picked":["Flex+1","Shrug It Off"],"picked":"Impervious","floor":27},{"not_picked":["Burning Pact+1","Flex"],"picked":"Anger","floor":28},{"not_picked":["Reckless Charge","Anger"],"picked":"Infernal Blade","floor":29},{"not_picked":["Blood for Blood","Combust+1"],"picked":"Pommel Strike","floor":31}],"player_experience":0,"relics_obtained":[{"floor":7,"key":"Happy Flower"},{"floor":8,"key":"Bag of Marbles"},{"floor":9,"key":"Self Forming Clay"},{"floor":24,"key":"War Paint"},{"floor":26,"key":"Red Skull"},{"floor":28,"key":"Ginger"},{"floor":28,"key":"Mummified Hand"}],"event_choices":[{"cards_removed":["Strike_R"],"damage_healed":0,"gold_gain":0,"player_choice":"Purged","damage_taken":0,"max_hp_gain":0,"max_hp_loss":0,"event_name":"Purifier","floor":2,"gold_loss":0},{"damage_healed":0,"gold_gain":0,"player_choice":"Shed Blood","damage_taken":20,"max_hp_gain":5,"max_hp_loss":0,"event_name":"Forgotten Altar","floor":22,"gold_loss":0},{"damage_healed":0,"gold_gain":0,"player_choice":"Fight","damage_taken":0,"max_hp_gain":0,"max_hp_loss":0,"event_name":"Colosseum","floor":28,"gold_loss":0},{"damage_healed":0,"gold_gain":0,"player_choice":"Fought Nobs","damage_taken":0,"max_hp_gain":0,"max_hp_loss":0,"event_name":"Colosseum","floor":28,"gold_loss":0},{"damage_healed":0,"gold_gain":0,"player_choice":"Ignored","damage_taken":0,"max_hp_gain":0,"max_hp_loss":0,"event_name":"Ghosts","floor":30,"gold_loss":0}],"is_beta":false,"boss_relics":[{"not_picked":["Calling Bell","Orrery"],"picked":"Black Blood"}],"items_purged_floors":[],"is_endless":false,"potions_floor_spawned":[3,5,14,16,18,19,28,29],"killed_by":"Champ","ascension_level":0}