{"gold_per_floor":[119,74,88,108,122,122,151,151,151,151,151,185,198,198,198,269,269,285,302,318,70,70,70,101,101,101,81,81,99,131,131,131,205,205,219,15,28,28,39,39,58,58,58,23,23],"floor_reached":45,"playtime":1638,"items_purged":[],"score":775,"play_id":"cd30a4b2-fa05-49b3-9729-815241861996","local_time":"20190130201830","is_ascension_mode":true,"campfire_choices":[{"data":"Zap","floor":6.0,"key":"SMITH"},{"floor":8.0,"key":"REST"},{"data":"Reinforced Body","floor":11.0,"key":"SMITH"},{"floor":15.0,"key":"REST"},{"floor":23,"key":"REST"},{"data":"Defragment","floor":25,"key":"SMITH"},{"floor":32,"key":"REST"},{"floor":40,"key":"REST"}],"neow_cost":"NONE","seed_source_timestamp":0,"circlet_count":0,"master_deck":["AscendersBane","Zap+1","Dualcast","Doom and Gloom","Compile Driver","Reinforced Body+1","Hologram+1","Cold Snap","Buffer","Ball Lightning","Skim+1","Redo+1","Machine Learning","Genetic Algorithm+1","Capacitor","Stack+1","Darkness+1","Defragment","Compile Driver","Defragment+1","Steam+1","Darkness+1","Seek+1","Chaos+1","Genetic Algorithm+1","Conserve Battery+1","Hologram+1","Conserve Battery+1","Static Discharge"],"special_seed":0,"relics":["Cracked Core","Lantern","Bottled Lightning","Symbiotic Virus","Toxic Egg 2","Pandora\u0027s Box","Oddly Smooth Stone","Letter Opener","Bottled Flame","Red Mask","Inserter","DollysMirror"],"potions_floor_usage":[24,28,33],"damage_taken":[{"damage":0.0,"enemies":"Cultist","floor":1.0,"turns":4.0},{"damage":7.0,"enemies":"Jaw Worm","floor":3.0,"turns":3.0},{"damage":0.0,"enemies":"2 Louse","floor":4.0,"turns":2.0},{"damage":27.0,"enemies":"Gremlin Gang","floor":5.0,"turns":5.0},{"damage":34.0,"enemies":"Gremlin Nob","floor":7.0,"turns":5.0},{"damage":15.0,"enemies":"Lagavulin","floor":12.0,"turns":6.0},{"damage":0.0,"enemies":"Exordium Wildlife","floor":13.0,"turns":3.0},{"damage":15,"enemies":"The Guardian","floor":16,"turns":13},{"damage":8,"enemies":"2 Thieves","floor":18,"turns":4},{"damage":9,"enemies":"Spheric Guardian","floor":19,"turns":3},{"damage":15,"enemies":"Snecko","floor":20,"turns":5},{"damage":23,"enemies":"Book of Stabbing","floor":24,"turns":4},{"damage":0,"enemies":"Shelled Parasite and Fungi","floor":28,"turns":2},{"damage":0,"enemies":"Centurion and Healer","floor":29,"turns":6},{"damage":0,"enemies":"Masked Bandits","floor":30,"turns":3},{"damage":32,"enemies":"Automaton","floor":33,"turns":9},{"damage":30,"enemies":"3 Darklings","floor":35,"turns":4},{"damage":0,"enemies":"3 Shapes","floor":37,"turns":3},{"damage":9,"enemies":"Spire Growth","floor":39,"turns":5},{"damage":0,"enemies":"Maw","floor":41,"turns":6},{"damage":38,"enemies":"3 Darklings","floor":45,"turns":6}],"seed_played":"-9211319979497955760","potions_obtained":[{"floor":3.0,"key":"Ancient Potion"},{"floor":5.0,"key":"Regen Potion"},{"floor":16,"key":"Block Potion"},{"floor":27,"key":"SmokeBomb"},{"floor":29,"key":"Dexterity Potion"},{"floor":37,"key":"EssenceOfSteel"}],"is_trial":false,"path_per_floor":["M","$","M","M","M","R","E","R","T","?","R","E","M","?","R","B",null,"M","M","M","$","?","R","E","R","T","?","M","M","?","$","R","B",null,"M","$","M","?","M","R","M","?","T","$","M"],"character_chosen":"DEFECT","items_purchased":["Compile Driver","Stack+1","Oddly Smooth Stone","Darkness+1","DollysMirror","Static Discharge"],"campfire_rested":5,"item_purchase_floors":[2,21,21,21,36,44],"current_hp_per_floor":[64,64,57,57,30,30,10,31,31,24,24,9,9,9,30,15,57,49,40,25,25,25,46,23,23,23,23,23,23,23,23,44,12,56,26,26,26,26,17,38,38,38,38,38,0],"gold":23,"neow_bonus":"RANDOM_COMMON_RELIC","is_prod":false,"is_daily":false,"chose_seed":false,"campfire_upgraded":3,"win_rate":0,"timestamp":1548897510,"path_taken":["M","$","M","?","M","R","E","R","T","?","R","E","M","?","R","BOSS","M","M","M","$","?","R","E","R","T","?","?","M","?","$","R","BOSS","M","$","M","?","M","R","M","?","T","$","M"],"build_version":"2019-01-23","purchased_purges":0,"victory":false,"max_hp_per_floor":[71,71,71,71,71,71,71,71,71,71,71,71,71,71,71,71,71,71,71,71,71,71,71,71,71,71,71,71,71,71,71,71,71,71,71,71,71,71,71,71,71,67,67,67,67],"card_choices":[{"not_picked":["Stack","Barrage"],"picked":"Doom and Gloom","floor":1.0},{"not_picked":["Rip and Tear","Double Energy"],"picked":"Reinforced Body","floor":3.0},{"not_picked":["Streamline","Steam","Go for the Eyes"],"picked":"SKIP","floor":4.0},{"not_picked":["Barrage","Turbo","Double Energy"],"picked":"SKIP","floor":5.0},{"not_picked":["Turbo","Double Energy","Gash"],"picked":"SKIP","floor":7.0},{"not_picked":["Rip and Tear","Compile Driver"],"picked":"Hologram","floor":12.0},{"not_picked":["Conserve Battery+1","Doom and Gloom"],"picked":"Cold Snap","floor":13.0},{"not_picked":["Meteor Strike","Thunder Strike"],"picked":"Buffer","floor":16},{"not_picked":["Stack+1","Sweeping Beam"],"picked":"Genetic Algorithm+1","floor":18},{"not_picked":["Ball Lightning+1","BootSequence+1","Redo+1"],"picked":"SKIP","floor":19},{"not_picked":["Stack+1","Reboot+1"],"picked":"Capacitor","floor":20},{"not_picked":["Go for the Eyes","Blizzard"],"picked":"Defragment","floor":24},{"not_picked":["Rebound","Beam Cell"],"picked":"Steam+1","floor":29},{"not_picked":["BootSequence+1","Hologram+1"],"picked":"Darkness+1","floor":30},{"not_picked":["Hyperbeam","Thunder Strike"],"picked":"Seek+1","floor":33},{"not_picked":["Force Field+1","Compile Driver"],"picked":"Chaos+1","floor":35},{"not_picked":["Turbo+1","Barrage"],"picked":"Conserve Battery+1","floor":37},{"not_picked":["Steam+1","Machine Learning"],"picked":"Hologram+1","floor":39},{"not_picked":["Leap+1","Streamline"],"picked":"Conserve Battery+1","floor":41}],"player_experience":1913803,"relics_obtained":[{"floor":7.0,"key":"Bottled Lightning"},{"floor":9.0,"key":"Symbiotic Virus"},{"floor":12.0,"key":"Toxic Egg 2"},{"floor":24,"key":"Letter Opener"},{"floor":26,"key":"Bottled Flame"},{"floor":30,"key":"Red Mask"}],"event_choices":[{"cards_removed":["Strike_B"],"damage_healed":0.0,"max_hp_gain":0.0,"max_hp_loss":0.0,"gold_gain":0.0,"event_name":"Golden Wing","player_choice":"Card Removal","floor":10.0,"gold_loss":0.0,"damage_taken":7.0},{"damage_healed":0.0,"max_hp_gain":0.0,"max_hp_loss":0.0,"gold_gain":0.0,"event_name":"Liars Game","player_choice":"Ignored","floor":14.0,"gold_loss":0.0,"damage_taken":0.0},{"damage_healed":0,"gold_gain":0,"cards_transformed":["Heatsinks","Streamline"],"player_choice":"Became Test Subject","damage_taken":0,"max_hp_gain":0,"max_hp_loss":0,"event_name":"Drug Dealer","floor":22,"gold_loss":0,"cards_obtained":["Defragment","Compile Driver"]},{"damage_healed":0,"gold_gain":0,"player_choice":"Bought 1 Potion","damage_taken":0,"max_hp_gain":0,"max_hp_loss":0,"event_name":"The Woman in Blue","floor":27,"gold_loss":0},{"damage_healed":0,"gold_gain":0,"player_choice":"Fought Bandits","damage_taken":0,"max_hp_gain":0,"max_hp_loss":0,"event_name":"Masked Bandits","floor":30,"gold_loss":0},{"cards_removed":["Ball Lightning"],"damage_healed":0,"gold_gain":0,"player_choice":"Removed Attack","damage_taken":0,"max_hp_gain":0,"max_hp_loss":0,"event_name":"Falling","floor":38,"gold_loss":0},{"damage_healed":0,"gold_gain":0,"player_choice":"Max HP","damage_taken":0,"max_hp_gain":0,"max_hp_loss":4,"event_name":"Winding Halls","floor":42,"gold_loss":0}],"is_beta":true,"boss_relics":[{"not_picked":["Coffee Dripper","Black Star"],"picked":"Pandora\u0027s Box"},{"not_picked":["Empty Cage","FrozenCore"],"picked":"Inserter"}],"items_purged_floors":[],"is_endless":false,"potions_floor_spawned":[3,5,7,16,18,19,28,29,30,37,41],"killed_by":"3 Darklings","ascension_level":15}