{"gold_per_floor":[212,223,223,236,30,30,71,2,28,71,71,92,112,128,128,217,217,237,237,237,80,0,33,7,7,61,74,74,74,94,128,128,207,207,223,238,238,251,301,301,328,338,363,363,375,375,243,254,254,254,254,254,86,118,118],"floor_reached":55,"playtime":1978,"items_purged":["Bash"],"score":1310,"play_id":"134f8081-d9e1-4ec5-abef-c933759834ba","local_time":"20190310000443","is_ascension_mode":true,"campfire_choices":[{"data":"Feed","floor":6.0,"key":"SMITH"},{"data":"Shockwave","floor":11.0,"key":"SMITH"},{"data":"Flame Barrier","floor":15.0,"key":"SMITH"},{"data":"Limit Break","floor":29.0,"key":"SMITH"},{"floor":32.0,"key":"REST"},{"data":"Fiend Fire","floor":40.0,"key":"SMITH"},{"floor":44.0,"key":"RECALL"},{"data":"Inflame","floor":46.0,"key":"SMITH"},{"data":"Bite","floor":49.0,"key":"SMITH"},{"data":"Demon Form","floor":52.0,"key":"SMITH"}],"neow_cost":"NONE","seed_source_timestamp":1766483474404071,"circlet_count":0,"master_deck":["AscendersBane","Defend_R+1","Defend_R+1","Defend_R+1","Defend_R+1","Shockwave+1","Inflame+1","Feed+1","Headbutt","Flame Barrier+1","Fiend Fire+1","Inflame","Limit Break+1","Armaments","Bite+1","Bite","Bite","Bite","Bite","True Grit","Shrug It Off","Demon Form+1","Headbutt+1","Armaments+1","Shrug It Off","PanicButton","Shrug It Off","Disarm"],"special_seed":0,"relics":["Burning Blood","Bloody Idol","Bronze Scales","Strawberry","Dodecahedron","Lizard Tail","Bag of Marbles","Mango","MutagenicStrength","Smiling Mask","Bag of Preparation","Coffee Dripper","Sundial","Self Forming Clay"],"potions_floor_usage":[55,55],"damage_taken":[{"damage":1.0,"enemies":"Cultist","floor":1.0,"turns":4.0},{"damage":0.0,"enemies":"Small Slimes","floor":2.0,"turns":3.0},{"damage":0.0,"enemies":"2 Louse","floor":4.0,"turns":1.0},{"damage":26.0,"enemies":"Gremlin Nob","floor":7.0,"turns":4.0},{"damage":15.0,"enemies":"3 Sentries","floor":10.0,"turns":8.0},{"damage":0.0,"enemies":"Large Slime","floor":12.0,"turns":4.0},{"damage":3.0,"enemies":"Looter","floor":13.0,"turns":3.0},{"damage":6.0,"enemies":"2 Fungi Beasts","floor":14.0,"turns":4.0},{"damage":49.0,"enemies":"The Guardian","floor":16.0,"turns":14.0},{"damage":27.0,"enemies":"Spheric Guardian","floor":18.0,"turns":5.0},{"damage":59.0,"enemies":"Gremlin Leader","floor":23.0,"turns":12.0},{"damage":6.0,"enemies":"3 Byrds","floor":27.0,"turns":6.0},{"damage":36.0,"enemies":"Snake Plant","floor":30.0,"turns":4.0},{"damage":36.0,"enemies":"Book of Stabbing","floor":31.0,"turns":5.0},{"damage":141.0,"enemies":"Automaton","floor":33.0,"turns":12.0},{"damage":4.0,"enemies":"Orb Walker","floor":35.0,"turns":4.0},{"damage":5.0,"enemies":"3 Shapes","floor":36.0,"turns":6.0},{"damage":24.0,"enemies":"Transient","floor":38.0,"turns":5.0},{"damage":44.0,"enemies":"Reptomancer","floor":41.0,"turns":6.0},{"damage":35.0,"enemies":"3 Darklings","floor":42.0,"turns":8.0},{"damage":4.0,"enemies":"4 Shapes","floor":45.0,"turns":10.0},{"damage":14.0,"enemies":"Spire Growth","floor":48.0,"turns":6.0},{"damage":69.0,"enemies":"Time Eater","floor":50.0,"turns":9.0},{"damage":75.0,"enemies":"Shield and Spear","floor":54.0,"turns":6.0},{"damage":54,"enemies":"The Heart","floor":55,"turns":5}],"seed_played":"-7610992315814333524","potions_obtained":[{"floor":2.0,"key":"Explosive Potion"},{"floor":4.0,"key":"Fire Potion"},{"floor":7.0,"key":"EssenceOfSteel"},{"floor":14.0,"key":"Energy Potion"},{"floor":23.0,"key":"BloodPotion"},{"floor":31.0,"key":"SkillPotion"},{"floor":35.0,"key":"Energy Potion"},{"floor":38.0,"key":"Swift Potion"},{"floor":45.0,"key":"Energy Potion"},{"floor":54.0,"key":"Fire Potion"}],"is_trial":false,"path_per_floor":["M","M","?","M","$","R","E","$","T","E","R","M","M","M","R","B",null,"M","?","?","$","?","E","$","?","T","M","?","R","M","E","R","B",null,"M","M","?","M","?","R","E","M","T","R","M","R","$","M","R","B",null,"R","$","E","B"],"character_chosen":"IRONCLAD","items_purchased":["Feed","Headbutt","Flame Barrier","Bag of Marbles","True Grit","PanicButton","Ancient Potion","SkillPotion","Shrug It Off"],"campfire_rested":1,"item_purchase_floors":[5,5,8,21,24,47,53,53,53],"current_hp_per_floor":[73,75,49,55,55,55,35,35,42,37,37,47,54,58,58,19,81,64,64,64,64,64,55,55,55,55,59,59,59,38,24,51,18,74,90,96,91,86,91,91,66,60,65,65,87,87,87,88,88,38,81,81,81,33,0],"gold":118,"neow_bonus":"HUNDRED_GOLD","is_prod":false,"is_daily":false,"chose_seed":false,"campfire_upgraded":8,"win_rate":0,"timestamp":1552194283,"path_taken":["M","?","?","M","$","R","E","$","T","E","R","M","M","M","R","BOSS","M","?","?","$","?","E","$","?","T","M","?","R","M","E","R","BOSS","M","M","?","M","?","R","E","M","T","R","?","R","$","M","R","BOSS","R","$","E","BOSS"],"build_version":"2019-02-06","purchased_purges":1,"victory":false,"max_hp_per_floor":[75,75,75,75,75,75,75,75,82,86,86,90,94,98,98,102,102,106,74,74,74,74,92,92,92,92,92,92,92,92,92,92,92,92,92,96,91,91,91,91,91,95,95,95,95,95,95,95,95,95,95,95,95,95,95],"card_choices":[{"not_picked":["Sword Boomerang","Feel No Pain"],"picked":"Shockwave","floor":1.0},{"not_picked":["Warcry","Wild Strike","Sentinel"],"picked":"SKIP","floor":2.0},{"not_picked":["Reckless Charge","Spot Weakness"],"picked":"Inflame","floor":4.0},{"not_picked":["Flex","Bloodletting","Warcry"],"picked":"SKIP","floor":7.0},{"not_picked":["Armaments","Iron Wave"],"picked":"Fiend Fire","floor":10.0},{"not_picked":["Pummel","Intimidate","Uppercut"],"picked":"SKIP","floor":12.0},{"not_picked":["Reckless Charge","Anger"],"picked":"Inflame","floor":13.0},{"not_picked":["Intimidate","Thunderclap","Shockwave"],"picked":"SKIP","floor":14.0},{"not_picked":["Juggernaut","Impervious"],"picked":"Limit Break","floor":16.0},{"not_picked":["Combust","Fire Breathing"],"picked":"Armaments","floor":18.0},{"not_picked":["Iron Wave","Flex","Pummel"],"picked":"SKIP","floor":23.0},{"not_picked":["Anger","Rupture"],"picked":"Shrug It Off","floor":27.0},{"not_picked":["Body Slam","Burning Pact","Bloodletting"],"picked":"SKIP","floor":30.0},{"not_picked":["Heavy Blade","True Grit","Reckless Charge"],"picked":"SKIP","floor":31.0},{"not_picked":["Feed","Barricade"],"picked":"Demon Form","floor":33.0},{"not_picked":["Whirlwind+1","Pummel"],"picked":"Headbutt+1","floor":35.0},{"not_picked":["Ghostly Armor","Perfected Strike","Spot Weakness"],"picked":"SKIP","floor":36.0},{"not_picked":["Iron Wave","Wild Strike"],"picked":"Armaments+1","floor":38.0},{"not_picked":["Searing Blow","Twin Strike","Second Wind"],"picked":"SKIP","floor":41.0},{"not_picked":["Heavy Blade+1","Sentinel+1"],"picked":"Shrug It Off","floor":42.0},{"not_picked":["Armaments","Iron Wave","Cleave+1"],"picked":"SKIP","floor":45.0},{"not_picked":["Headbutt+1","Sword Boomerang+1","Twin Strike"],"picked":"SKIP","floor":48.0},{"not_picked":["Heavy Blade+1","Armaments"],"picked":"Disarm","floor":54.0}],"player_experience":2141575,"relics_obtained":[{"floor":7.0,"key":"Bronze Scales"},{"floor":9.0,"key":"Strawberry"},{"floor":10.0,"key":"Dodecahedron"},{"floor":23.0,"key":"Mango"},{"floor":26.0,"key":"Smiling Mask"},{"floor":31.0,"key":"Bag of Preparation"},{"floor":41.0,"key":"Sundial"},{"floor":54.0,"key":"Self Forming Clay"}],"event_choices":[{"damage_healed":0.0,"max_hp_gain":0.0,"max_hp_loss":0.0,"gold_gain":0.0,"event_name":"Golden Idol","player_choice":"Take Damage","floor":3.0,"gold_loss":0.0,"damage_taken":26.0,"relics_obtained":["Golden Idol"]},{"damage_healed":0.0,"max_hp_gain":0.0,"max_hp_loss":32.0,"gold_gain":0.0,"event_name":"Vampires","player_choice":"Became a vampire","floor":19.0,"gold_loss":0.0,"damage_taken":0.0,"cards_obtained":["Bite","Bite","Bite","Bite","Bite"]},{"damage_healed":0.0,"max_hp_gain":0.0,"max_hp_loss":0.0,"gold_gain":0.0,"event_name":"Back to Basics","player_choice":"Simplicity","floor":20.0,"gold_loss":0.0,"damage_taken":0.0,"cards_upgraded":["Defend_R","Defend_R","Defend_R","Defend_R"]},{"damage_healed":0.0,"max_hp_gain":0.0,"max_hp_loss":0.0,"gold_gain":0.0,"event_name":"Masked Bandits","player_choice":"Paid Fearfully","floor":22.0,"gold_loss":80.0,"damage_taken":0.0},{"damage_healed":0.0,"max_hp_gain":0.0,"max_hp_loss":0.0,"gold_gain":0.0,"event_name":"Drug Dealer","player_choice":"Inject Mutagens","floor":25.0,"gold_loss":0.0,"damage_taken":0.0,"relics_obtained":["MutagenicStrength"]},{"damage_healed":0.0,"max_hp_gain":0.0,"max_hp_loss":0.0,"gold_gain":0.0,"event_name":"Forgotten Altar","player_choice":"Gave Idol","floor":28.0,"relics_lost":["Golden Idol"],"gold_loss":0.0,"damage_taken":0.0,"relics_obtained":["Bloody Idol"]},{"damage_healed":0.0,"max_hp_gain":0.0,"max_hp_loss":5.0,"gold_gain":0.0,"event_name":"Winding Halls","player_choice":"Max HP","floor":37.0,"gold_loss":0.0,"damage_taken":0.0},{"damage_healed":0.0,"max_hp_gain":0.0,"max_hp_loss":0.0,"gold_gain":50.0,"event_name":"Golden Shrine","player_choice":"Pray","floor":39.0,"gold_loss":0.0,"damage_taken":0.0}],"is_beta":true,"boss_relics":[{"not_picked":["Black Blood","Mark of Pain"],"picked":"Lizard Tail"},{"not_picked":["Calling Bell","White Beast Statue"],"picked":"Coffee Dripper"}],"items_purged_floors":[47],"is_endless":false,"potions_floor_spawned":[2,4,7,14,23,31,35,38,45,54],"killed_by":"The Heart","ascension_level":15}