{"gold_per_floor":[116,116,291,13,13,13,27,27,27,43,43,53,84,101,101,199,199,216,234,108,126,136,136,136,136,136,136],"floor_reached":27,"playtime":1413,"items_purged":["Strike_R"],"score":291,"play_id":"7fafae4f-b233-4648-b597-8d14a8c8c823","local_time":"20190313165758","is_ascension_mode":true,"campfire_choices":[{"data":"Battle Trance","floor":6,"key":"SMITH"},{"data":"Bash","floor":8,"key":"SMITH"},{"data":"Heavy Blade","floor":11,"key":"SMITH"},{"data":"Feel No Pain","floor":15,"key":"SMITH"},{"data":"Whirlwind","floor":23,"key":"SMITH"},{"data":"Body Slam","floor":25,"key":"SMITH"}],"neow_cost":"NONE","seed_source_timestamp":18418125717128,"circlet_count":0,"master_deck":["Strike_R","Strike_R","Strike_R","Strike_R","Defend_R","Defend_R","Defend_R","Defend_R","Bash+1","Battle Trance+1","Sever Soul","Feel No Pain+1","Iron Wave","Heavy Blade+1","Corruption","Impervious","Pommel Strike","Body Slam+1","Armaments","True Grit","Shrug It Off","Entrench","Iron Wave","Whirlwind+1","Decay"],"relics":["Burning Blood","Paper Frog","Darkstone Periapt","Orrery","Question Card"],"potions_floor_usage":[13,19,27,27],"damage_taken":[{"damage":5,"enemies":"Jaw Worm","floor":1,"turns":5},{"damage":9,"enemies":"Small Slimes","floor":7,"turns":5},{"damage":1,"enemies":"Cultist","floor":10,"turns":3},{"damage":17,"enemies":"3 Louse","floor":12,"turns":3},{"damage":17,"enemies":"3 Sentries","floor":13,"turns":11},{"damage":19,"enemies":"Blue Slaver","floor":14,"turns":6},{"damage":27,"enemies":"Slime Boss","floor":16,"turns":12},{"damage":7,"enemies":"Spheric Guardian","floor":18,"turns":5},{"damage":17,"enemies":"Chosen","floor":19,"turns":6},{"damage":42,"enemies":"Centurion and Healer","floor":21,"turns":11},{"damage":1,"enemies":"Snecko","floor":22,"turns":6},{"damage":54,"enemies":"Slavers","floor":27,"turns":5}],"seed_played":"2258846910576116001","potions_obtained":[{"floor":12,"key":"BloodPotion"},{"floor":14,"key":"Ancient Potion"},{"floor":16,"key":"Poison Potion"},{"floor":22,"key":"Block Potion"}],"is_trial":false,"path_per_floor":["M","?","?","$","?","R","M","R","T","M","R","M","E","M","R","B",null,"M","M","$","M","M","R","?","R","T","E"],"character_chosen":"IRONCLAD","items_purchased":["Sever Soul","Feel No Pain","Iron Wave","Shrug It Off","Entrench"],"campfire_rested":0,"item_purchase_floors":[4,4,4,20,20],"current_hp_per_floor":[88,93,93,93,93,93,90,90,90,93,93,82,80,67,67,46,81,80,69,69,33,38,38,44,44,44,0],"gold":136,"neow_bonus":"TEN_PERCENT_HP_BONUS","is_prod":false,"is_daily":false,"chose_seed":false,"campfire_upgraded":6,"win_rate":0,"timestamp":1552521478,"path_taken":["M","?","?","$","?","R","M","R","T","M","R","M","E","M","R","BOSS","M","M","$","M","M","R","?","R","T","E"],"build_version":"2019-01-23","purchased_purges":1,"victory":false,"max_hp_per_floor":[88,93,93,93,93,93,93,93,93,93,93,93,93,93,93,93,93,93,93,93,93,93,93,99,99,99,99],"card_choices":[{"not_picked":["Warcry","Wild Strike"],"picked":"Battle Trance","floor":1},{"not_picked":["Clothesline","Clash"],"picked":"Heavy Blade","floor":7},{"not_picked":["Dual Wield","Anger","Iron Wave"],"picked":"SKIP","floor":10},{"not_picked":["Sword Boomerang","Armaments","Clothesline"],"picked":"SKIP","floor":12},{"not_picked":["Offering","Dropkick"],"picked":"Corruption","floor":13},{"not_picked":["Corruption","Anger","Heavy Blade"],"picked":"SKIP","floor":14},{"not_picked":["Immolate","Reaper"],"picked":"Impervious","floor":16},{"not_picked":["Bloodletting","Infernal Blade"],"picked":"Pommel Strike","floor":17},{"not_picked":["Twin Strike","Rupture"],"picked":"Body Slam","floor":17},{"not_picked":["Dual Wield","Twin Strike"],"picked":"Armaments","floor":17},{"not_picked":["Fire Breathing","Blood for Blood"],"picked":"True Grit","floor":17},{"not_picked":["Clothesline","Headbutt+1","Dual Wield"],"picked":"SKIP","floor":18},{"not_picked":["Infernal Blade","Anger","Armaments"],"picked":"SKIP","floor":19},{"not_picked":["Corruption","Rupture"],"picked":"Iron Wave","floor":21},{"not_picked":["Clothesline","Flex"],"picked":"Whirlwind","floor":22}],"player_experience":425981,"relics_obtained":[{"floor":9,"key":"Paper Frog"},{"floor":13,"key":"Darkstone Periapt"},{"floor":26,"key":"Question Card"}],"event_choices":[{"damage_healed":0,"gold_gain":0,"player_choice":"Donut","damage_taken":0,"max_hp_gain":5,"max_hp_loss":0,"event_name":"Big Fish","floor":2,"gold_loss":0},{"damage_healed":0,"gold_gain":175,"player_choice":"AGREE","damage_taken":0,"max_hp_gain":0,"max_hp_loss":0,"event_name":"Liars Game","floor":3,"gold_loss":0,"cards_obtained":["Doubt"]},{"cards_removed":["Doubt"],"damage_healed":0,"gold_gain":0,"player_choice":"Removed Curses","damage_taken":0,"max_hp_gain":0,"max_hp_loss":0,"event_name":"Fountain of Cleansing","floor":5,"gold_loss":0},{"damage_healed":0,"gold_gain":0,"player_choice":"Smashed Altar","damage_taken":0,"max_hp_gain":0,"max_hp_loss":0,"event_name":"Forgotten Altar","floor":24,"gold_loss":0,"cards_obtained":["Decay"]}],"is_beta":false,"boss_relics":[{"not_picked":["Black Star","Velvet Choker"],"picked":"Orrery"}],"items_purged_floors":[4],"is_endless":false,"potions_floor_spawned":[12,14,16,22],"killed_by":"Slavers","ascension_level":5}