{"gold_per_floor":[113,113,124,144,144,144,174,174,197,197,52,79,11,39,39,110,110,125,175,186,38,38,68,68,78,108,33,44,44,69,89,89,163,163,175,192,117,117,172,172,190,209,277,302,302,312,337,337],"floor_reached":48,"playtime":1849,"items_purged":["Strike_G"],"score":1024,"play_id":"db8e7087-a9d9-4156-b312-aa6ba595a050","local_time":"20190220232955","is_ascension_mode":true,"campfire_choices":[{"data":"Neutralize","floor":6.0,"key":"SMITH"},{"floor":8.0,"key":"REST"},{"data":"Caltrops","floor":15.0,"key":"SMITH"},{"data":"Envenom","floor":24.0,"key":"SMITH"},{"floor":29.0,"key":"REST"},{"floor":32.0,"key":"REST"},{"floor":40.0,"key":"RECALL"}],"neow_cost":"NONE","seed_source_timestamp":295652802634935,"circlet_count":0,"master_deck":["AscendersBane","Defend_G+1","Defend_G","Defend_G","Defend_G","Defend_G","Strike_G+1","Survivor","Neutralize+1","Leg Sweep","Footwork","Dagger Throw","Poisoned Stab","Caltrops+1","Adrenaline","Predator","PiercingWail","Envenom+1","Noxious Fumes","Acrobatics+1","Cloak And Dagger","Catalyst","Cloak And Dagger+1","Footwork","PiercingWail+1","Backstab","Backflip"],"special_seed":0,"relics":["Black Star","Vajra","Blue Candle","Art of War","Ninja Scroll","Strawberry","Mango","Shuriken","Philosopher\u0027s Stone","Bag of Marbles","Bronze Scales","Regal Pillow","Tiny Chest","Snake Skull","Letter Opener","Empty Cage","Thread and Needle","Potion Belt","Lantern","Prayer Wheel","Smiling Mask","Gambling Chip"],"potions_floor_usage":[],"damage_taken":[{"damage":0.0,"enemies":"Small Slimes","floor":1.0,"turns":4.0},{"damage":4.0,"enemies":"2 Louse","floor":3.0,"turns":5.0},{"damage":0.0,"enemies":"Jaw Worm","floor":4.0,"turns":7.0},{"damage":23.0,"enemies":"3 Sentries","floor":7.0,"turns":11.0},{"damage":8.0,"enemies":"Lagavulin","floor":12.0,"turns":9.0},{"damage":12.0,"enemies":"Gremlin Nob","floor":14.0,"turns":3.0},{"damage":29.0,"enemies":"Hexaghost","floor":16.0,"turns":11.0},{"damage":0.0,"enemies":"3 Byrds","floor":18.0,"turns":4.0},{"damage":2.0,"enemies":"Shell Parasite","floor":20.0,"turns":6.0},{"damage":25.0,"enemies":"Book of Stabbing","floor":23.0,"turns":5.0},{"damage":3.0,"enemies":"3 Cultists","floor":25.0,"turns":4.0},{"damage":12.0,"enemies":"Snecko","floor":28.0,"turns":5.0},{"damage":7.0,"enemies":"Gremlin Leader","floor":30.0,"turns":7.0},{"damage":11.0,"enemies":"Centurion and Healer","floor":31.0,"turns":6.0},{"damage":40.0,"enemies":"Automaton","floor":33.0,"turns":9.0},{"damage":5.0,"enemies":"Orb Walker","floor":35.0,"turns":4.0},{"damage":0.0,"enemies":"3 Shapes","floor":36.0,"turns":6.0},{"damage":7.0,"enemies":"3 Darklings","floor":41.0,"turns":5.0},{"damage":31.0,"enemies":"Writhing Mass","floor":42.0,"turns":7.0},{"damage":19.0,"enemies":"Giant Head","floor":44.0,"turns":7.0},{"damage":2.0,"enemies":"Jaw Worm Horde","floor":46.0,"turns":5.0},{"damage":11.0,"enemies":"Reptomancer","floor":47.0,"turns":7.0},{"damage":4,"enemies":"Transient","floor":48,"turns":2}],"seed_played":"8140904139089467051","potions_obtained":[{"floor":3.0,"key":"LiquidBronze"},{"floor":4.0,"key":"Energy Potion"},{"floor":14.0,"key":"FearPotion"},{"floor":16.0,"key":"LiquidBronze"},{"floor":20.0,"key":"Explosive Potion"},{"floor":30.0,"key":"Energy Potion"},{"floor":41.0,"key":"LiquidBronze"},{"floor":44.0,"key":"GamblersBrew"}],"is_trial":false,"path_per_floor":["M","?","M","M","?","R","E","R","T","?","$","E","$","E","R","B",null,"M","?","M","$","?","E","R","M","T","?","M","R","E","M","R","B",null,"M","M","$","T","T","R","M","M","T","E","?","M","E","M"],"character_chosen":"THE_SILENT","items_purchased":["Regen Potion","Caltrops","Predator","Bag of Marbles"],"campfire_rested":3,"item_purchase_floors":[11,11,13,21],"current_hp_per_floor":[59,59,55,55,35,35,12,31,31,31,31,45,45,47,47,18,70,70,70,68,68,68,43,43,40,40,40,28,69,62,51,87,47,77,72,72,72,72,72,72,65,34,34,15,15,13,2,0],"gold":337,"neow_bonus":"BOSS_RELIC","is_prod":false,"is_daily":false,"chose_seed":false,"campfire_upgraded":3,"win_rate":0,"timestamp":1550723395,"path_taken":["M","?","M","M","?","R","E","R","T","?","$","E","$","E","R","BOSS","M","?","M","$","?","E","R","M","T","?","M","R","E","M","R","BOSS","M","M","?","?","?","R","M","M","T","E","?","M","E","?"],"build_version":"2019-02-06","purchased_purges":1,"victory":false,"max_hp_per_floor":[66,66,66,66,66,66,66,66,66,66,66,73,73,87,87,87,87,87,87,87,87,87,87,87,87,87,87,87,87,87,87,87,87,87,87,87,87,87,87,87,87,87,87,87,87,87,87,87],"card_choices":[{"not_picked":["Acrobatics","Cloak And Dagger"],"picked":"Leg Sweep","floor":1.0},{"not_picked":["Quick Slash","Crippling Poison"],"picked":"Footwork","floor":3.0},{"not_picked":["Prepared","Acrobatics"],"picked":"Dagger Throw","floor":4.0},{"not_picked":["Cloak And Dagger","Dagger Throw"],"picked":"Poisoned Stab","floor":7.0},{"not_picked":["Die Die Die","Flechettes"],"picked":"Adrenaline","floor":12.0},{"not_picked":["Tools of the Trade","Acrobatics"],"picked":"PiercingWail","floor":14.0},{"not_picked":["Doppelganger","Glass Knife"],"picked":"Envenom","floor":16.0},{"not_picked":["Deadly Poison","Sucker Punch"],"picked":"Noxious Fumes","floor":18.0},{"not_picked":["Quick Slash","Noxious Fumes","Sucker Punch"],"picked":"SKIP","floor":20.0},{"not_picked":["Eviscerate","Concentrate","Distraction"],"picked":"SKIP","floor":23.0},{"not_picked":["Bouncing Flask","Finisher+1","Flying Knee"],"picked":"SKIP","floor":25.0},{"not_picked":["Eviscerate","Poisoned Stab"],"picked":"Acrobatics+1","floor":28.0},{"not_picked":["Noxious Fumes","Phantasmal Killer","Unload"],"picked":"SKIP","floor":30.0},{"not_picked":["Accuracy","Blade Dance"],"picked":"Cloak And Dagger","floor":31.0},{"not_picked":["Dagger Spray","Endless Agony"],"picked":"Catalyst","floor":35.0},{"not_picked":["Quick Slash+1","Flying Knee","Deadly Poison"],"picked":"SKIP","floor":36.0},{"not_picked":["Acrobatics","Dash","Bane"],"picked":"SKIP","floor":41.0},{"not_picked":["Eviscerate+1","Caltrops+1","Storm of Steel"],"picked":"SKIP","floor":42.0},{"not_picked":["Bane","Blade Dance"],"picked":"Cloak And Dagger+1","floor":44.0},{"not_picked":["Blade Dance","Calculated Gamble"],"picked":"PiercingWail+1","floor":46.0},{"not_picked":["Bane","Calculated Gamble"],"picked":"Backstab","floor":46.0},{"not_picked":["Deadly Poison","Bane"],"picked":"Backflip","floor":47.0}],"player_experience":2002450,"relics_obtained":[{"floor":7.0,"key":"Vajra"},{"floor":7.0,"key":"Blue Candle"},{"floor":9.0,"key":"Art of War"},{"floor":12.0,"key":"Ninja Scroll"},{"floor":12.0,"key":"Strawberry"},{"floor":14.0,"key":"Mango"},{"floor":14.0,"key":"Shuriken"},{"floor":23.0,"key":"Bronze Scales"},{"floor":23.0,"key":"Regal Pillow"},{"floor":26.0,"key":"Tiny Chest"},{"floor":30.0,"key":"Snake Skull"},{"floor":30.0,"key":"Letter Opener"},{"floor":38.0,"key":"Thread and Needle"},{"floor":39.0,"key":"Potion Belt"},{"floor":44.0,"key":"Lantern"},{"floor":44.0,"key":"Prayer Wheel"},{"floor":47.0,"key":"Smiling Mask"},{"floor":47.0,"key":"Gambling Chip"}],"event_choices":[{"damage_healed":0.0,"max_hp_gain":0.0,"max_hp_loss":0.0,"gold_gain":0.0,"event_name":"Golden Idol","player_choice":"Ignored","floor":2.0,"gold_loss":0.0,"damage_taken":0.0},{"damage_healed":0.0,"max_hp_gain":0.0,"max_hp_loss":0.0,"gold_gain":0.0,"event_name":"Shining Light","player_choice":"Entered Light","floor":5.0,"gold_loss":0.0,"damage_taken":20.0,"cards_upgraded":["Strike_G","Defend_G"]},{"damage_healed":0.0,"max_hp_gain":0.0,"max_hp_loss":0.0,"gold_gain":0.0,"event_name":"Golden Wing","player_choice":"Ignored","floor":10.0,"gold_loss":0.0,"damage_taken":0.0},{"damage_healed":0.0,"max_hp_gain":0.0,"max_hp_loss":0.0,"gold_gain":50.0,"event_name":"Nest","player_choice":"Stole From Cult","floor":19.0,"gold_loss":0.0,"damage_taken":0.0},{"damage_healed":0.0,"max_hp_gain":0.0,"max_hp_loss":0.0,"gold_gain":0.0,"event_name":"Beggar","player_choice":"Ignored","floor":22.0,"gold_loss":0.0,"damage_taken":0.0},{"cards_removed":["Strike_G"],"damage_healed":0.0,"max_hp_gain":0.0,"max_hp_loss":0.0,"gold_gain":0.0,"event_name":"Designer","player_choice":"Single Remove","floor":27.0,"gold_loss":75.0,"damage_taken":0.0},{"damage_healed":0.0,"max_hp_gain":0.0,"max_hp_loss":0.0,"gold_gain":0.0,"event_name":"Duplicator","player_choice":"Copied","floor":45.0,"gold_loss":0.0,"damage_taken":0.0,"cards_obtained":["Footwork"]}],"is_beta":true,"boss_relics":[{"not_picked":["Velvet Choker","Lizard Tail"],"picked":"Philosopher\u0027s Stone"},{"not_picked":["WristBlade","White Beast Statue"],"picked":"Empty Cage"}],"items_purged_floors":[37],"is_endless":false,"potions_floor_spawned":[3,4,14,16,18,20,30,41,44],"killed_by":"Transient","ascension_level":15}