{"gold_per_floor":[109,62,82,82,105,105,125,139,139,139,139,139,63,107,107,205,205,226,247,162,162,34,77,202,202],"floor_reached":25,"playtime":768,"items_purged":["Strike_R"],"score":383,"play_id":"afe60570-255f-47a6-9ac3-1c4ae676799a","local_time":"20190225225630","is_ascension_mode":true,"campfire_choices":[{"data":"Carnage","floor":6.0,"key":"SMITH"},{"data":"Anger","floor":10.0,"key":"SMITH"},{"data":"Bash","floor":12.0,"key":"SMITH"},{"data":"Inflame","floor":15.0,"key":"SMITH"}],"neow_cost":"NONE","seed_source_timestamp":726554107162977,"circlet_count":0,"master_deck":["AscendersBane","Strike_R","Strike_R","Strike_R","Strike_R","Defend_R","Defend_R","Defend_R","Defend_R","Bash+1","Carnage+1","Anger+1","Shockwave","Spot Weakness","Inflame+1","Reaper+1","Armaments","Shrug It Off","Clothesline+1"],"special_seed":0,"relics":["Eternal Feather","Golden Idol","Mercury Hourglass","Meat on the Bone","Molten Egg 2","Philosopher\u0027s Stone","Prayer Wheel","Matryoshka","Thread and Needle","Darkstone Periapt"],"potions_floor_usage":[25],"damage_taken":[{"damage":6.0,"enemies":"Cultist","floor":1.0,"turns":4.0},{"damage":7.0,"enemies":"Jaw Worm","floor":3.0,"turns":3.0},{"damage":0.0,"enemies":"Small Slimes","floor":5.0,"turns":2.0},{"damage":13.0,"enemies":"3 Louse","floor":7.0,"turns":3.0},{"damage":2.0,"enemies":"Looter","floor":8.0,"turns":3.0},{"damage":10.0,"enemies":"Lagavulin","floor":14.0,"turns":5.0},{"damage":32.0,"enemies":"Hexaghost","floor":16.0,"turns":6.0},{"damage":25.0,"enemies":"Shell Parasite","floor":18.0,"turns":4.0},{"damage":15.0,"enemies":"3 Byrds","floor":19.0,"turns":4.0},{"damage":31.0,"enemies":"Gremlin Leader","floor":23.0,"turns":7.0},{"damage":27.0,"enemies":"Colosseum Slavers","floor":24.0,"turns":5.0},{"damage":28.0,"enemies":"Colosseum Nobs","floor":24.0,"turns":3.0},{"damage":52,"enemies":"Book of Stabbing","floor":25,"turns":5}],"seed_played":"2800359408461275632","potions_obtained":[{"floor":7.0,"key":"FearPotion"},{"floor":8.0,"key":"GamblersBrew"},{"floor":24.0,"key":"Weak Potion"}],"is_trial":false,"path_per_floor":["M","$","M","?","M","R","M","M","T","R","?","R","$","E","R","B",null,"M","M","?","?","$","E","?","E"],"character_chosen":"IRONCLAD","items_purchased":["Anger","Spot Weakness","Armaments"],"campfire_rested":0,"item_purchase_floors":[2,13,22],"current_hp_per_floor":[62,62,55,55,55,61,48,46,46,52,41,47,47,37,46,26,58,49,46,46,46,46,45,40,0],"gold":202,"neow_bonus":"BOSS_RELIC","is_prod":false,"is_daily":false,"chose_seed":false,"campfire_upgraded":4,"win_rate":0,"timestamp":1551153390,"path_taken":["M","$","M","?","M","R","M","M","T","R","?","R","$","E","R","BOSS","M","M","?","?","$","E","?","E"],"build_version":"2019-02-06","purchased_purges":1,"victory":false,"max_hp_per_floor":[75,75,75,68,68,68,68,68,68,68,68,68,68,68,68,68,68,68,68,68,68,68,68,68,68],"card_choices":[{"not_picked":["Headbutt","Pommel Strike"],"picked":"Carnage","floor":1.0},{"not_picked":["Perfected Strike","Combust","Body Slam"],"picked":"SKIP","floor":3.0},{"not_picked":["Anger","Perfected Strike","Iron Wave"],"picked":"SKIP","floor":5.0},{"not_picked":["Havoc","Twin Strike","Seeing Red"],"picked":"SKIP","floor":7.0},{"not_picked":["Perfected Strike","Sword Boomerang"],"picked":"Shockwave","floor":8.0},{"not_picked":["Anger","Bludgeon"],"picked":"Inflame","floor":14.0},{"not_picked":["Berserk","Offering"],"picked":"Reaper+1","floor":16.0},{"not_picked":["Headbutt+1","Rupture","Perfected Strike+1"],"picked":"SKIP","floor":18.0},{"not_picked":["Body Slam+1","Clash+1","Searing Blow+1"],"picked":"SKIP","floor":19.0},{"not_picked":["Rampage+1","Body Slam+1"],"picked":"Shrug It Off","floor":23.0},{"not_picked":["Clash+1","Warcry"],"picked":"Clothesline+1","floor":24.0}],"player_experience":2042704,"relics_obtained":[{"floor":9.0,"key":"Mercury Hourglass"},{"floor":14.0,"key":"Molten Egg 2"},{"floor":23.0,"key":"Matryoshka"},{"floor":24.0,"key":"Thread and Needle"},{"floor":24.0,"key":"Darkstone Periapt"}],"event_choices":[{"damage_healed":0.0,"max_hp_gain":0.0,"max_hp_loss":7.0,"gold_gain":0.0,"event_name":"Golden Idol","player_choice":"Lose Max HP","floor":4.0,"gold_loss":0.0,"damage_taken":0.0,"relics_obtained":["Golden Idol"]},{"damage_healed":0.0,"max_hp_gain":0.0,"max_hp_loss":0.0,"gold_gain":0.0,"event_name":"Scrap Ooze","player_choice":"Success","floor":11.0,"gold_loss":0.0,"damage_taken":11.0,"relics_obtained":["Meat on the Bone"]},{"damage_healed":0.0,"max_hp_gain":0.0,"max_hp_loss":0.0,"gold_gain":0.0,"event_name":"Addict","player_choice":"Obtained Relic","floor":20.0,"gold_loss":85.0,"damage_taken":0.0,"relics_obtained":["Prayer Wheel"]},{"damage_healed":0.0,"max_hp_gain":0.0,"max_hp_loss":0.0,"gold_gain":0.0,"event_name":"Ghosts","player_choice":"Ignored","floor":21.0,"gold_loss":0.0,"damage_taken":0.0},{"damage_healed":0.0,"max_hp_gain":0.0,"max_hp_loss":0.0,"gold_gain":0.0,"event_name":"Colosseum","player_choice":"Fight","floor":24.0,"gold_loss":0.0,"damage_taken":0.0},{"damage_healed":0.0,"max_hp_gain":0.0,"max_hp_loss":0.0,"gold_gain":0.0,"event_name":"Colosseum","player_choice":"Fought Nobs","floor":24.0,"gold_loss":0.0,"damage_taken":0.0}],"is_beta":true,"boss_relics":[{"not_picked":["Mark of Pain","Calling Bell"],"picked":"Philosopher\u0027s Stone"}],"items_purged_floors":[22],"is_endless":false,"potions_floor_spawned":[7,8,14,24,24],"killed_by":"Book of Stabbing","ascension_level":15}