{"gold_per_floor":[15,31,42,42,62,95,108,108,108,141,152,152,178,194,194,273,273,293,293,313,15,15,50,62,107,119,162,187,199,228,252,264,349,361,390,402,51,66,86,115,125,66,66,86,141,141,172,172,172,172,172,172,72,97,97],"floor_reached":55,"playtime":2147,"items_purged":["Strike_R","Strike_R"],"score":1422,"play_id":"67175b13-66b0-476f-9d3e-c954c88c3e33","local_time":"20190213212347","is_ascension_mode":true,"campfire_choices":[{"data":"Disarm","floor":12.0,"key":"SMITH"},{"data":"Inflame","floor":15.0,"key":"SMITH"},{"floor":24.0,"key":"REST"},{"data":"Limit Break","floor":29.0,"key":"SMITH"},{"data":"Demon Form","floor":32.0,"key":"SMITH"},{"floor":46.0,"key":"RECALL"},{"data":"1","floor":49.0,"key":"LIFT"},{"data":"2","floor":52.0,"key":"LIFT"}],"neow_cost":"NO_GOLD","seed_source_timestamp":3066437241978974,"circlet_count":0,"master_deck":["AscendersBane","Strike_R","Strike_R","Defend_R","Defend_R","Defend_R","Defend_R","Bash","Shrug It Off","Inflame+1","Twin Strike","Battle Trance","Disarm+1","Clothesline","Demon Form+1","Limit Break+1","Whirlwind","Flame Barrier","Battle Trance","Exhume","Shrug It Off","True Grit","Reaper","Armaments","Headbutt","Feel No Pain+1","Limit Break","Impervious"],"special_seed":0,"relics":["Burning Blood","Prayer Wheel","Singing Bowl","Pantograph","Paper Frog","Boot","Sozu","PreservedInsect","Vajra","Nloth\u0027s Gift","MawBank","Darkstone Periapt","Bronze Scales","Meat on the Bone","Black Star","Self Forming Clay","Dream Catcher","Omamori","Oddly Smooth Stone","Girya","Champion Belt","Anchor","Dodecahedron","Magic Flower"],"potions_floor_usage":[55],"damage_taken":[{"damage":1.0,"enemies":"Cultist","floor":1.0,"turns":4.0},{"damage":0.0,"enemies":"Jaw Worm","floor":2.0,"turns":3.0},{"damage":1.0,"enemies":"Small Slimes","floor":3.0,"turns":3.0},{"damage":14.0,"enemies":"Red Slaver","floor":5.0,"turns":4.0},{"damage":31.0,"enemies":"Lagavulin","floor":6.0,"turns":10.0},{"damage":7.0,"enemies":"Exordium Thugs","floor":7.0,"turns":6.0},{"damage":15.0,"enemies":"3 Sentries","floor":10.0,"turns":10.0},{"damage":1.0,"enemies":"2 Fungi Beasts","floor":11.0,"turns":5.0},{"damage":19.0,"enemies":"Lagavulin","floor":13.0,"turns":7.0},{"damage":6.0,"enemies":"Lots of Slimes","floor":14.0,"turns":5.0},{"damage":22.0,"enemies":"The Guardian","floor":16.0,"turns":9.0},{"damage":27.0,"enemies":"Shell Parasite","floor":18.0,"turns":7.0},{"damage":22.0,"enemies":"Spheric Guardian","floor":20.0,"turns":5.0},{"damage":21.0,"enemies":"Gremlin Leader","floor":23.0,"turns":4.0},{"damage":19.0,"enemies":"Book of Stabbing","floor":25.0,"turns":5.0},{"damage":2.0,"enemies":"Gremlin Leader","floor":27.0,"turns":5.0},{"damage":7.0,"enemies":"Shelled Parasite and Fungi","floor":28.0,"turns":6.0},{"damage":14.0,"enemies":"Centurion and Healer","floor":30.0,"turns":6.0},{"damage":21.0,"enemies":"Snake Plant","floor":31.0,"turns":5.0},{"damage":16.0,"enemies":"Champ","floor":33.0,"turns":9.0},{"damage":27.0,"enemies":"3 Darklings","floor":35.0,"turns":7.0},{"damage":12.0,"enemies":"3 Shapes","floor":38.0,"turns":6.0},{"damage":47.0,"enemies":"3 Darklings","floor":39.0,"turns":5.0},{"damage":139.0,"enemies":"Reptomancer","floor":40.0,"turns":10.0},{"damage":13.0,"enemies":"Writhing Mass","floor":41.0,"turns":6.0},{"damage":38.0,"enemies":"Spire Growth","floor":44.0,"turns":8.0},{"damage":55.0,"enemies":"2 Orb Walkers","floor":45.0,"turns":5.0},{"damage":37.0,"enemies":"Nemesis","floor":47.0,"turns":7.0},{"damage":72.0,"enemies":"Awakened One","floor":50.0,"turns":12.0},{"damage":69.0,"enemies":"Shield and Spear","floor":54.0,"turns":5.0},{"damage":226,"enemies":"The Heart","floor":55,"turns":8}],"seed_played":"-5493365541344135563","potions_obtained":[{"floor":2.0,"key":"SpeedPotion"},{"floor":7.0,"key":"Block Potion"},{"floor":10.0,"key":"SkillPotion"},{"floor":14.0,"key":"Fire Potion"}],"is_trial":false,"path_per_floor":["M","M","M","?","M","E","M","?","T","E","M","R","E","M","R","B",null,"M","?","M","$","?","E","R","E","T","E","M","R","M","M","R","B",null,"M","$","$","M","M","E","M","?","T","M","?","R","E","?","R","B",null,"R","$","E","B"],"character_chosen":"IRONCLAD","items_purchased":["PreservedInsect","Vajra","Self Forming Clay","Armaments"],"campfire_rested":1,"item_purchase_floors":[21,21,37,37],"current_hp_per_floor":[73,75,75,70,64,43,48,48,48,43,54,54,43,49,49,60,83,68,68,58,58,58,43,72,59,59,63,64,64,70,71,71,86,102,111,111,111,115,117,83,78,78,78,123,125,125,125,125,125,125,125,125,125,101,0],"gold":97,"neow_bonus":"ONE_RARE_RELIC","is_prod":false,"is_daily":false,"chose_seed":false,"campfire_upgraded":4,"win_rate":0,"timestamp":1550111027,"path_taken":["M","M","?","?","M","E","M","?","T","E","M","R","E","?","R","BOSS","M","?","M","$","?","E","R","E","T","E","M","R","M","M","R","BOSS","M","?","$","M","M","E","M","?","T","?","?","R","E","?","R","BOSS","R","$","E","BOSS"],"build_version":"2019-02-06","purchased_purges":2,"victory":false,"max_hp_per_floor":[75,75,75,75,75,77,81,81,81,83,87,87,87,91,91,91,91,95,95,99,99,99,99,99,99,99,99,101,101,103,107,107,107,107,111,111,111,115,117,117,119,119,119,123,125,125,125,125,125,125,125,125,125,127,127],"card_choices":[{"not_picked":["Intimidate","Warcry"],"picked":"Shrug It Off","floor":1.0},{"not_picked":["Clash","Disarm"],"picked":"Inflame","floor":1.0},{"not_picked":["Thunderclap","Dual Wield"],"picked":"Twin Strike","floor":2.0},{"not_picked":["Cleave","Havoc","Corruption"],"picked":"SKIP","floor":2.0},{"not_picked":["Perfected Strike","Sentinel"],"picked":"Battle Trance","floor":3.0},{"not_picked":["Warcry","Ghostly Armor","Combust"],"picked":"SKIP","floor":3.0},{"not_picked":["Perfected Strike","Clash"],"picked":"Disarm","floor":5.0},{"not_picked":["Reckless Charge","Thunderclap"],"picked":"Clothesline","floor":5.0},{"not_picked":["Perfected Strike","Twin Strike","Corruption"],"picked":"Singing Bowl","floor":6.0},{"not_picked":["Heavy Blade","Intimidate","Clothesline"],"picked":"Singing Bowl","floor":7.0},{"not_picked":["Twin Strike","Burning Pact","Iron Wave"],"picked":"Singing Bowl","floor":7.0},{"not_picked":["Havoc","Evolve","Twin Strike"],"picked":"Singing Bowl","floor":10.0},{"not_picked":["Twin Strike","Heavy Blade","Burning Pact"],"picked":"Singing Bowl","floor":11.0},{"not_picked":["Second Wind","Iron Wave","Wild Strike"],"picked":"Singing Bowl","floor":11.0},{"not_picked":["Exhume","Hemokinesis"],"picked":"Demon Form","floor":13.0},{"not_picked":["Sever Soul","Wild Strike","Dropkick"],"picked":"Singing Bowl","floor":14.0},{"not_picked":["Headbutt","Entrench","Searing Blow"],"picked":"Singing Bowl","floor":14.0},{"not_picked":["Impervious","Bludgeon"],"picked":"Limit Break","floor":16.0},{"not_picked":["Thunderclap","Metallicize","Rage"],"picked":"Singing Bowl","floor":18.0},{"not_picked":["Armaments","True Grit","Wild Strike"],"picked":"Singing Bowl","floor":18.0},{"not_picked":["Power Through","Heavy Blade","Perfected Strike"],"picked":"Singing Bowl","floor":20.0},{"not_picked":["Flex","Reckless Charge","Combust"],"picked":"Singing Bowl","floor":20.0},{"not_picked":["Flex","Armaments"],"picked":"Flame Barrier","floor":23.0},{"not_picked":["Carnage+1","Immolate"],"picked":"Battle Trance","floor":25.0},{"not_picked":["Ghostly Armor","Cleave"],"picked":"Exhume","floor":27.0},{"not_picked":["Clash","Warcry"],"picked":"Shrug It Off","floor":28.0},{"not_picked":["Heavy Blade","Sever Soul","Inflame"],"picked":"Singing Bowl","floor":28.0},{"not_picked":["Wild Strike","Clash","Pommel Strike+1"],"picked":"Singing Bowl","floor":30.0},{"not_picked":["Dark Embrace","Anger"],"picked":"True Grit","floor":30.0},{"not_picked":["Iron Wave","Pommel Strike","Perfected Strike"],"picked":"Singing Bowl","floor":31.0},{"not_picked":["Sword Boomerang","Clothesline","Disarm"],"picked":"Singing Bowl","floor":31.0},{"not_picked":["Offering","Immolate"],"picked":"Reaper","floor":33.0},{"not_picked":["Clash+1","Entrench","Rage"],"picked":"Singing Bowl","floor":35.0},{"not_picked":["Wild Strike","Twin Strike","Ghostly Armor"],"picked":"Singing Bowl","floor":35.0},{"not_picked":["Anger","Cleave","Blood for Blood"],"picked":"Singing Bowl","floor":38.0},{"not_picked":["Bludgeon","Warcry","Second Wind"],"picked":"Singing Bowl","floor":38.0},{"not_picked":["Sword Boomerang","Fire Breathing+1"],"picked":"Headbutt","floor":39.0},{"not_picked":["Iron Wave","Disarm","Wild Strike"],"picked":"Singing Bowl","floor":39.0},{"not_picked":["Havoc","Dropkick"],"picked":"Feel No Pain+1","floor":40.0},{"not_picked":["Thunderclap","Havoc","Iron Wave"],"picked":"Singing Bowl","floor":41.0},{"not_picked":["Impervious","Wild Strike"],"picked":"Limit Break","floor":41.0},{"not_picked":["Infernal Blade","Searing Blow","Pommel Strike"],"picked":"Singing Bowl","floor":44.0},{"not_picked":["Anger","Sword Boomerang","Infernal Blade"],"picked":"Singing Bowl","floor":44.0},{"not_picked":["Wild Strike","Berserk","Anger"],"picked":"Singing Bowl","floor":45.0},{"not_picked":["Bloodletting","Wild Strike+1"],"picked":"Impervious","floor":47.0},{"not_picked":["Flame Barrier","Sword Boomerang","Berserk"],"picked":"Singing Bowl","floor":54.0}],"player_experience":1960073,"relics_obtained":[{"floor":6.0,"key":"Singing Bowl"},{"floor":9.0,"key":"Pantograph"},{"floor":10.0,"key":"Paper Frog"},{"floor":13.0,"key":"Boot"},{"floor":23.0,"key":"MawBank"},{"floor":25.0,"key":"Darkstone Periapt"},{"floor":26.0,"key":"Bronze Scales"},{"floor":27.0,"key":"Meat on the Bone"},{"floor":40.0,"key":"Dream Catcher"},{"floor":40.0,"key":"Omamori"},{"floor":45.0,"key":"Girya"},{"floor":47.0,"key":"Champion Belt"},{"floor":47.0,"key":"Anchor"},{"floor":54.0,"key":"Dodecahedron"},{"floor":54.0,"key":"Magic Flower"}],"event_choices":[{"damage_healed":0.0,"max_hp_gain":0.0,"max_hp_loss":0.0,"gold_gain":0.0,"event_name":"Scrap Ooze","player_choice":"Success","floor":4.0,"gold_loss":0.0,"damage_taken":5.0,"relics_obtained":["Blood Vial"]},{"cards_removed":["Strike_R"],"damage_healed":0.0,"max_hp_gain":0.0,"max_hp_loss":0.0,"gold_gain":0.0,"event_name":"Bonfire Elementals","player_choice":"Offered Basic","floor":8.0,"gold_loss":0.0,"damage_taken":0.0},{"damage_healed":0.0,"max_hp_gain":0.0,"max_hp_loss":0.0,"gold_gain":0.0,"event_name":"The Library","player_choice":"Read","floor":19.0,"gold_loss":0.0,"damage_taken":0.0,"cards_obtained":["Whirlwind"]},{"damage_healed":0.0,"max_hp_gain":0.0,"max_hp_loss":0.0,"gold_gain":0.0,"event_name":"N\u0027loth","player_choice":"Traded Relic","floor":22.0,"relics_lost":["Blood Vial"],"gold_loss":0.0,"damage_taken":0.0,"relics_obtained":["Nloth\u0027s Gift"]},{"damage_healed":0.0,"max_hp_gain":0.0,"max_hp_loss":0.0,"gold_gain":0.0,"event_name":"WeMeetAgain","player_choice":"Paid Gold","floor":42.0,"gold_loss":59.0,"damage_taken":0.0,"relics_obtained":["Oddly Smooth Stone"]},{"damage_healed":0.0,"max_hp_gain":0.0,"max_hp_loss":0.0,"gold_gain":0.0,"event_name":"Mysterious Sphere","player_choice":"Fight","floor":45.0,"gold_loss":0.0,"damage_taken":0.0},{"damage_healed":0.0,"max_hp_gain":0.0,"max_hp_loss":0.0,"gold_gain":0.0,"event_name":"Wheel of Change","player_choice":"Full Heal","floor":48.0,"gold_loss":0.0,"damage_taken":0.0}],"is_beta":true,"boss_relics":[{"not_picked":["Coffee Dripper","Pandora\u0027s Box"],"picked":"Sozu"},{"not_picked":["Runic Cube","Calling Bell"],"picked":"Black Star"}],"items_purged_floors":[37,53],"is_endless":false,"potions_floor_spawned":[2,7,10,11,13,14,23,27,28,33,35,38,39,41,54],"killed_by":"The Heart","ascension_level":15}