{"gold_per_floor":[115,115,290,290,290,323,323,339,389,409,429,444,462,474,474,572,572,582,601,440,456,73,73,87,87],"floor_reached":25,"playtime":1907,"items_purged":[],"score":207,"play_id":"fc385ad7-a7f9-421d-a150-02e6617e7b49","local_time":"20190314165907","is_ascension_mode":false,"campfire_choices":[{"floor":7,"key":"REST"},{"data":"Entrench","floor":15,"key":"SMITH"},{"data":"Rampage","floor":23,"key":"SMITH"}],"neow_cost":"NONE","seed_source_timestamp":142138717079,"circlet_count":0,"master_deck":["Strike_R","Strike_R","Strike_R","Strike_R","Defend_R","Defend_R","Defend_R","Defend_R","Bash","Wild Strike","Entrench+1","Inflame","Shrug It Off","Pommel Strike","Iron Wave","Wild Strike","Rampage+1","Exhume","Ghostly Armor","Cleave","Reaper","Armaments+1"],"relics":["Burning Blood","Lantern","Blood Vial","Coffee Dripper","Anchor","Frozen Egg 2"],"potions_floor_usage":[13,16,16,24],"damage_taken":[{"damage":0,"enemies":"Small Slimes","floor":1,"turns":3},{"damage":58,"enemies":"Lagavulin","floor":6,"turns":9},{"damage":0,"enemies":"2 Louse","floor":8,"turns":3},{"damage":4,"enemies":"Cultist","floor":10,"turns":4},{"damage":7,"enemies":"Blue Slaver","floor":11,"turns":4},{"damage":5,"enemies":"Red Slaver","floor":12,"turns":3},{"damage":0,"enemies":"Looter","floor":13,"turns":1},{"damage":5,"enemies":"2 Fungi Beasts","floor":14,"turns":3},{"damage":45,"enemies":"The Guardian","floor":16,"turns":13},{"damage":16,"enemies":"2 Thieves","floor":18,"turns":4},{"damage":5,"enemies":"3 Byrds","floor":19,"turns":8},{"damage":18,"enemies":"Centurion and Healer","floor":21,"turns":6},{"damage":5,"enemies":"Chosen and Byrds","floor":24,"turns":8},{"damage":96,"enemies":"Gremlin Leader","floor":25,"turns":9}],"seed_played":"-7597462262844754797","potions_obtained":[{"floor":8,"key":"Energy Potion"},{"floor":10,"key":"Regen Potion"},{"floor":13,"key":"Dexterity Potion"},{"floor":14,"key":"GamblersBrew"},{"floor":21,"key":"Block Potion"}],"is_trial":false,"path_per_floor":["?","?","?","?","$"],"character_chosen":"IRONCLAD","items_purchased":["Reaper","Anchor","Frozen Egg 2"],"campfire_rested":1,"item_purchase_floors":[20,22,22],"current_hp_per_floor":[80,80,80,80,80,28,52,58,58,62,63,66,74,77,77,40,80,70,73,73,69,69,69,80,0],"gold":87,"neow_bonus":"THREE_CARDS","is_prod":false,"is_daily":false,"chose_seed":false,"campfire_upgraded":2,"win_rate":0.0,"timestamp":1552579147,"path_taken":["M","?","?","?","?","E","R","M","T","M","M","M","M","M","R","BOSS","M","M","$","M","?","R","M","E"],"build_version":"2019-01-23","purchased_purges":0,"victory":false,"max_hp_per_floor":[80,80,80,80,80,80,80,80,80,80,80,80,80,80,80,80,80,80,80,80,80,80,80,80,80],"card_choices":[{"not_picked":["Pommel Strike","Warcry"],"picked":"Wild Strike","floor":0},{"not_picked":["Sword Boomerang","Clothesline"],"picked":"Entrench","floor":1},{"not_picked":["Wild Strike","Havoc"],"picked":"Inflame","floor":6},{"not_picked":["True Grit","Armaments"],"picked":"Shrug It Off","floor":8},{"not_picked":["Rage","Heavy Blade"],"picked":"Pommel Strike","floor":10},{"not_picked":["Body Slam","Carnage"],"picked":"Iron Wave","floor":11},{"not_picked":["Sword Boomerang","Dropkick"],"picked":"Wild Strike","floor":12},{"not_picked":["Combust","True Grit"],"picked":"Rampage","floor":13},{"not_picked":["Fiend Fire","True Grit","Clothesline"],"picked":"SKIP","floor":14},{"not_picked":["Brutality","Impervious"],"picked":"Exhume","floor":16},{"not_picked":["Perfected Strike","Second Wind"],"picked":"Ghostly Armor","floor":18},{"not_picked":["Anger","Headbutt+1"],"picked":"Cleave","floor":19},{"not_picked":["Rage","Havoc+1"],"picked":"Armaments+1","floor":21},{"not_picked":["Dropkick","Sword Boomerang+1","Pommel Strike"],"picked":"SKIP","floor":24}],"player_experience":69022,"relics_obtained":[{"floor":6,"key":"Lantern"},{"floor":9,"key":"Blood Vial"}],"event_choices":[{"damage_healed":0,"gold_gain":0,"player_choice":"Leave","damage_taken":0,"max_hp_gain":0,"max_hp_loss":0,"event_name":"The Cleric","floor":2,"gold_loss":0},{"damage_healed":0,"gold_gain":175,"player_choice":"AGREE","damage_taken":0,"max_hp_gain":0,"max_hp_loss":0,"event_name":"Liars Game","floor":3,"gold_loss":0,"cards_obtained":["Doubt"]},{"cards_removed":["Doubt"],"damage_healed":0,"gold_gain":0,"player_choice":"Forget","damage_taken":0,"max_hp_gain":0,"max_hp_loss":0,"event_name":"Living Wall","floor":4,"gold_loss":0},{"cards_removed":["Strike_R"],"damage_healed":0,"gold_gain":0,"player_choice":"Purged","damage_taken":0,"max_hp_gain":0,"max_hp_loss":0,"event_name":"Purifier","floor":5,"gold_loss":0}],"is_beta":false,"boss_relics":[{"not_picked":["Sozu","Runic Dome"],"picked":"Coffee Dripper"}],"items_purged_floors":[],"is_endless":false,"potions_floor_spawned":[8,10,13,14,21],"killed_by":"Gremlin Leader","ascension_level":0}