{"gold_per_floor":[114,14,14,29,329,341,341,367,367,367,383,383,412,424,424,521,571,582,594,17,17,32,32,44,44],"floor_reached":25,"playtime":837,"items_purged":["Parasite"],"score":238,"play_id":"ec2a28ad-81fc-4390-8294-9d53bf8ad9be","local_time":"20190313000408","is_ascension_mode":false,"campfire_choices":[{"data":"Bash","floor":7,"key":"SMITH"},{"data":"Pommel Strike","floor":10,"key":"SMITH"},{"data":"Perfected Strike","floor":15,"key":"SMITH"},{"data":"Perfected Strike","floor":23,"key":"SMITH"}],"neow_cost":"NONE","seed_source_timestamp":28298303145932,"circlet_count":0,"master_deck":["Strike_R","Strike_R","Strike_R","Strike_R+1","Strike_R+1","Defend_R","Defend_R","Defend_R+1","Bash+1","Thunderclap+1","Pommel Strike+1","Wild Strike","Warcry+1","Wild Strike","Wild Strike","Flex","Wild Strike","Perfected Strike+1","Perfected Strike+1","Flex","Cloak And Dagger","Power Through"],"relics":["Burning Blood","Whetstone","Old Coin","Champion Belt","Bottled Flame","Oddly Smooth Stone","Tiny House","Orichalcum","Anchor","PrismaticShard","MutagenicStrength"],"potions_floor_usage":[22],"damage_taken":[{"damage":9,"enemies":"Small Slimes","floor":1,"turns":3},{"damage":11,"enemies":"Jaw Worm","floor":4,"turns":2},{"damage":0,"enemies":"Cultist","floor":6,"turns":2},{"damage":22,"enemies":"Gremlin Nob","floor":8,"turns":4},{"damage":0,"enemies":"2 Fungi Beasts","floor":11,"turns":2},{"damage":21,"enemies":"Lagavulin","floor":13,"turns":4},{"damage":0,"enemies":"Large Slime","floor":14,"turns":4},{"damage":57,"enemies":"The Guardian","floor":16,"turns":7},{"damage":6,"enemies":"Chosen","floor":18,"turns":3},{"damage":19,"enemies":"2 Thieves","floor":19,"turns":4},{"damage":5,"enemies":"3 Cultists","floor":22,"turns":4},{"damage":9,"enemies":"Snecko","floor":24,"turns":4}],"seed_played":"-1310789531246281559","potions_obtained":[{"floor":1,"key":"Ancient Potion"},{"floor":8,"key":"EssenceOfSteel"},{"floor":13,"key":"LiquidBronze"},{"floor":16,"key":"Swift Potion"},{"floor":22,"key":"Fruit Juice"}],"is_trial":false,"path_per_floor":["M","$","?","M","T","M","R","E","T","R","M","?","E","M","R","B",null,"M","M","$","?","M","R","M","?"],"character_chosen":"IRONCLAD","items_purchased":["Pommel Strike","Wild Strike","Orichalcum","Anchor","PrismaticShard"],"campfire_rested":0,"item_purchase_floors":[2,2,20,20,20],"current_hp_per_floor":[77,77,61,56,56,62,62,46,46,46,52,72,57,63,63,12,85,85,72,72,72,78,78,75,75],"gold":44,"neow_bonus":"RANDOM_COMMON_RELIC","is_prod":false,"is_daily":false,"chose_seed":false,"campfire_upgraded":4,"win_rate":0,"timestamp":1552403048,"path_taken":["M","$","?","M","?","M","R","E","T","R","?","?","E","M","R","BOSS","M","M","$","?","M","R","M","?"],"build_version":"2019-01-23","purchased_purges":1,"victory":false,"max_hp_per_floor":[80,80,80,80,80,80,80,80,80,80,80,80,80,80,80,80,85,85,85,82,82,87,87,87,87],"card_choices":[{"not_picked":["Burning Pact","Power Through"],"picked":"Thunderclap","floor":1},{"not_picked":["Iron Wave","Cleave"],"picked":"Warcry","floor":4},{"not_picked":["Heavy Blade","Clash"],"picked":"Wild Strike","floor":6},{"not_picked":["Havoc","Feel No Pain"],"picked":"Wild Strike","floor":8},{"not_picked":["Shrug It Off","Blood for Blood"],"picked":"Flex","floor":11},{"not_picked":["Infernal Blade","Fiend Fire"],"picked":"Wild Strike","floor":13},{"not_picked":["Cleave","Thunderclap"],"picked":"Perfected Strike","floor":14},{"not_picked":["Cleave","Brutality"],"picked":"Perfected Strike","floor":18},{"not_picked":["True Grit+1","Warcry"],"picked":"Flex","floor":19},{"not_picked":["Clothesline","Trip+1","Blood for Blood+1"],"picked":"SKIP","floor":22},{"not_picked":["Backstab","Steam+1"],"picked":"Cloak And Dagger","floor":24}],"player_experience":336562,"relics_obtained":[{"floor":5,"key":"Old Coin"},{"floor":8,"key":"Champion Belt"},{"floor":9,"key":"Bottled Flame"},{"floor":13,"key":"Oddly Smooth Stone"}],"event_choices":[{"damage_healed":0,"gold_gain":0,"player_choice":"Entered Light","damage_taken":16,"max_hp_gain":0,"max_hp_loss":0,"event_name":"Shining Light","floor":3,"gold_loss":0,"cards_upgraded":["Defend_R","Thunderclap"]},{"damage_healed":20,"gold_gain":0,"player_choice":"Healed and dodged fight","damage_taken":0,"max_hp_gain":0,"max_hp_loss":0,"event_name":"Mushrooms","floor":12,"gold_loss":0,"cards_obtained":["Parasite"]},{"damage_healed":0,"gold_gain":0,"player_choice":"Inject Mutagens","damage_taken":0,"relics_obtained":["MutagenicStrength"],"max_hp_gain":0,"max_hp_loss":0,"event_name":"Drug Dealer","floor":21,"gold_loss":0},{"damage_healed":0,"gold_gain":0,"cards_transformed":["Defend_R"],"player_choice":"Transformed","damage_taken":0,"max_hp_gain":0,"max_hp_loss":0,"event_name":"Transmorgrifier","floor":25,"gold_loss":0,"cards_obtained":["Power Through"]}],"is_beta":false,"boss_relics":[{"not_picked":["Coffee Dripper","Cursed Key"],"picked":"Tiny House"}],"items_purged_floors":[20],"is_endless":false,"potions_floor_spawned":[1,8,13,16,22],"ascension_level":0}