{"gold_per_floor":[144,94,104,29,42,42,70,70,139,139,149,169,44,61,61,61],"floor_reached":16,"playtime":571,"items_purged":["Injury","Defend_R"],"score":102,"play_id":"46c1a592-49ad-4cb5-bf08-af3802df06a8","local_time":"20190313004437","is_ascension_mode":false,"campfire_choices":[{"data":"Clumsy","floor":6,"key":"PURGE"},{"data":"Defend_R","floor":8,"key":"PURGE"},{"floor":15,"key":"REST"}],"neow_cost":"NONE","seed_source_timestamp":30994120057835,"circlet_count":0,"master_deck":["Strike_R","Strike_R","Strike_R","Strike_R","Strike_R","Defend_R","Defend_R","Bash","Spot Weakness","Clash","Shrug It Off"],"relics":["Calling Bell","Tiny Chest","Frozen Egg 2","Peace Pipe","Anchor","Mercury Hourglass","Potion Belt"],"potions_floor_usage":[7,16,16],"damage_taken":[{"damage":2,"enemies":"2 Louse","floor":1,"turns":3},{"damage":14,"enemies":"Small Slimes","floor":3,"turns":5},{"damage":6,"enemies":"Jaw Worm","floor":5,"turns":2},{"damage":43,"enemies":"3 Sentries","floor":7,"turns":10},{"damage":0,"enemies":"Looter","floor":11,"turns":2},{"damage":0,"enemies":"Large Slime","floor":12,"turns":5},{"damage":3,"enemies":"Red Slaver","floor":14,"turns":4},{"damage":40,"enemies":"The Guardian","floor":16,"turns":8}],"seed_played":"-3298901967138247370","potions_obtained":[{"floor":5,"key":"Regen Potion"},{"floor":7,"key":"Dexterity Potion"},{"floor":12,"key":"Poison Potion"}],"is_trial":false,"path_per_floor":["M","?","M","$","M","R","E","R","T","?","M","M","$","M","R","B"],"character_chosen":"IRONCLAD","items_purchased":["Shrug It Off"],"campfire_rested":1,"item_purchase_floors":[13],"current_hp_per_floor":[78,77,63,63,57,57,29,29,29,22,22,22,22,19,42,2],"gold":61,"neow_bonus":"BOSS_RELIC","is_prod":false,"is_daily":false,"chose_seed":false,"campfire_upgraded":0,"win_rate":0,"timestamp":1552405477,"path_taken":["M","?","M","$","M","R","E","R","T","?","M","?","$","M","R","BOSS"],"build_version":"2019-01-23","purchased_purges":2,"victory":false,"max_hp_per_floor":[80,77,77,77,77,77,77,77,77,77,77,77,77,77,77,77],"card_choices":[{"not_picked":["True Grit","Cleave"],"picked":"Spot Weakness","floor":1},{"not_picked":["True Grit","Perfected Strike"],"picked":"Clash","floor":3},{"not_picked":["Sword Boomerang","Combust+1","Shockwave"],"picked":"SKIP","floor":5},{"not_picked":["Combust+1","Headbutt","Fiend Fire"],"picked":"SKIP","floor":7},{"not_picked":["Thunderclap","Rupture+1","True Grit"],"picked":"SKIP","floor":11},{"not_picked":["Anger","Sword Boomerang","Evolve+1"],"picked":"SKIP","floor":12},{"not_picked":["Heavy Blade","Flex","Uppercut"],"picked":"SKIP","floor":14}],"player_experience":339051,"relics_obtained":[{"floor":0,"key":"Tiny Chest"},{"floor":0,"key":"Frozen Egg 2"},{"floor":0,"key":"Peace Pipe"},{"floor":7,"key":"Anchor"},{"floor":9,"key":"Mercury Hourglass"}],"event_choices":[{"cards_removed":["Parasite"],"damage_healed":0,"gold_gain":0,"player_choice":"Card Removal","damage_taken":0,"max_hp_gain":0,"max_hp_loss":0,"event_name":"The Cleric","floor":2,"gold_loss":50},{"damage_healed":0,"gold_gain":0,"player_choice":"Success","damage_taken":7,"relics_obtained":["Potion Belt"],"max_hp_gain":0,"max_hp_loss":0,"event_name":"Scrap Ooze","floor":10,"gold_loss":0}],"is_beta":false,"boss_relics":[],"items_purged_floors":[4,13],"is_endless":false,"potions_floor_spawned":[5,7,12],"killed_by":"The Guardian","ascension_level":0}