{"gold_per_floor":[118,191,209,159,10,10,22,22,22,22,52,66,78,103,103,103],"floor_reached":16,"playtime":736,"items_purged":["Strike_R"],"score":132,"play_id":"20a6bca6-4732-4ed2-bf1c-17a341988e07","local_time":"20190313013445","is_ascension_mode":true,"campfire_choices":[{"data":"Flex","floor":6,"key":"SMITH"},{"data":"True Grit","floor":8,"key":"SMITH"},{"data":"Heavy Blade","floor":10,"key":"SMITH"},{"data":"Shockwave","floor":15,"key":"SMITH"}],"neow_cost":"NONE","seed_source_timestamp":126056975812328,"circlet_count":0,"master_deck":["Strike_R","Strike_R+1","Strike_R+1","Defend_R","Defend_R","Defend_R","Defend_R","Bash+1","Heavy Blade+1","Shrug It Off","Flex+1","True Grit+1","Shockwave+1","Spot Weakness","Evolve+1"],"relics":["Burning Blood","Lantern","Frozen Egg 2","Whetstone"],"potions_floor_usage":[11,13,16],"damage_taken":[{"damage":0,"enemies":"2 Louse","floor":1,"turns":3},{"damage":2,"enemies":"Small Slimes","floor":3,"turns":4},{"damage":4,"enemies":"Jaw Worm","floor":7,"turns":3},{"damage":25,"enemies":"Lagavulin","floor":11,"turns":6},{"damage":8,"enemies":"Looter","floor":12,"turns":3},{"damage":1,"enemies":"3 Louse","floor":13,"turns":2},{"damage":12,"enemies":"3 Sentries","floor":14,"turns":10},{"damage":63,"enemies":"Slime Boss","floor":16,"turns":7}],"seed_played":"5137657428470674252","potions_obtained":[{"floor":3,"key":"SkillPotion"},{"floor":12,"key":"Energy Potion"},{"floor":14,"key":"SpeedPotion"}],"is_trial":false,"path_per_floor":["M","?","M","?","$","R","M","R","T","R","E","M","M","E","R","B"],"character_chosen":"IRONCLAD","items_purchased":["Shrug It Off","Flex"],"campfire_rested":0,"item_purchase_floors":[5,5],"current_hp_per_floor":[80,80,80,80,80,80,80,80,80,80,61,59,64,58,58,0],"gold":103,"neow_bonus":"UPGRADE_CARD","is_prod":false,"is_daily":false,"chose_seed":false,"campfire_upgraded":4,"win_rate":0,"timestamp":1552466085,"path_taken":["M","?","M","?","$","R","M","R","T","R","E","M","M","E","R","BOSS"],"build_version":"2019-01-23","purchased_purges":1,"victory":false,"max_hp_per_floor":[80,80,80,80,80,80,80,80,80,80,80,80,80,80,80,80],"card_choices":[{"not_picked":["Headbutt","Warcry"],"picked":"Heavy Blade","floor":1},{"not_picked":["Pummel","Headbutt","Intimidate"],"picked":"SKIP","floor":3},{"not_picked":["Infernal Blade","Sword Boomerang"],"picked":"True Grit","floor":7},{"not_picked":["Ghostly Armor","Armaments"],"picked":"Shockwave","floor":11},{"not_picked":["Feel No Pain+1","Shockwave","Perfected Strike"],"picked":"SKIP","floor":12},{"not_picked":["Intimidate","Iron Wave"],"picked":"Spot Weakness","floor":13},{"not_picked":["Entrench","True Grit"],"picked":"Evolve+1","floor":14}],"player_experience":416677,"relics_obtained":[{"floor":9,"key":"Lantern"},{"floor":11,"key":"Frozen Egg 2"},{"floor":14,"key":"Whetstone"}],"event_choices":[{"damage_healed":0,"gold_gain":73,"player_choice":"Gained Gold","damage_taken":0,"max_hp_gain":0,"max_hp_loss":0,"event_name":"Golden Wing","floor":2,"gold_loss":0},{"cards_removed":["Strike_R"],"damage_healed":0,"gold_gain":0,"player_choice":"Card Removal","damage_taken":0,"max_hp_gain":0,"max_hp_loss":0,"event_name":"The Cleric","floor":4,"gold_loss":50}],"is_beta":false,"boss_relics":[],"items_purged_floors":[5],"is_endless":false,"potions_floor_spawned":[3,12,14],"killed_by":"Slime Boss","ascension_level":4}