{"gold_per_floor":[117,47,47,64,75,100,100,125,125,143,159,159],"floor_reached":12,"playtime":274,"items_purged":[],"score":158,"play_id":"475d6aa0-af4b-466c-852d-e1bd9697028c","local_time":"20190220185018","is_ascension_mode":true,"campfire_choices":[{"floor":7.0,"key":"REST"}],"neow_cost":"NONE","seed_source_timestamp":280342247246273,"circlet_count":0,"master_deck":["AscendersBane","Strike_B","Strike_B","Strike_B","Strike_B","Defend_B","Defend_B","Defend_B","Defend_B","Zap","Dualcast","Coolheaded","Streamline","Glacier","Leap","Sunder","Leap"],"special_seed":0,"relics":["Sozu","Boot","Symbiotic Virus","Orichalcum"],"potions_floor_usage":[],"damage_taken":[{"damage":7.0,"enemies":"Jaw Worm","floor":1.0,"turns":4.0},{"damage":8.0,"enemies":"2 Louse","floor":4.0,"turns":2.0},{"damage":0.0,"enemies":"Small Slimes","floor":5.0,"turns":4.0},{"damage":48.0,"enemies":"Gremlin Nob","floor":6.0,"turns":6.0},{"damage":16.0,"enemies":"Lagavulin","floor":8.0,"turns":7.0},{"damage":0.0,"enemies":"Blue Slaver","floor":10.0,"turns":3.0},{"damage":0.0,"enemies":"2 Fungi Beasts","floor":11.0,"turns":2.0},{"damage":6,"enemies":"Gremlin Nob","floor":12,"turns":2}],"seed_played":"-4060761861979082484","potions_obtained":[],"is_trial":false,"path_per_floor":["M","$","?","M","M","E","R","E","T","M","M","E"],"character_chosen":"DEFECT","items_purchased":["Coolheaded","Streamline"],"campfire_rested":1,"item_purchase_floors":[2,2],"current_hp_per_floor":[57,57,57,49,49,1,22,6,6,6,6,0],"gold":159,"neow_bonus":"BOSS_RELIC","is_prod":false,"is_daily":false,"chose_seed":false,"campfire_upgraded":0,"win_rate":0,"timestamp":1550706618,"path_taken":["M","$","?","M","M","E","R","E","T","M","M","E"],"build_version":"2019-02-06","purchased_purges":0,"victory":false,"max_hp_per_floor":[71,71,71,71,71,71,71,71,71,71,71,71],"card_choices":[{"not_picked":["Stack","Chaos","Steam"],"picked":"SKIP","floor":1.0},{"not_picked":["Scrape","Streamline","Coolheaded"],"picked":"SKIP","floor":4.0},{"not_picked":["Beam Cell","Self Repair"],"picked":"Glacier","floor":5.0},{"not_picked":["Stack","Redo","Amplify"],"picked":"SKIP","floor":6.0},{"not_picked":["Gash","Scrape"],"picked":"Leap","floor":8.0},{"not_picked":["Barrage","Leap"],"picked":"Sunder","floor":10.0},{"not_picked":["Redo","Sweeping Beam"],"picked":"Leap","floor":11.0}],"player_experience":1997522,"relics_obtained":[{"floor":6.0,"key":"Boot"},{"floor":8.0,"key":"Symbiotic Virus"},{"floor":9.0,"key":"Orichalcum"}],"event_choices":[{"damage_healed":0.0,"max_hp_gain":0.0,"max_hp_loss":0.0,"gold_gain":0.0,"event_name":"The Cleric","player_choice":"Leave","floor":3.0,"gold_loss":0.0,"damage_taken":0.0}],"is_beta":true,"boss_relics":[],"items_purged_floors":[],"is_endless":false,"potions_floor_spawned":[4,6,11],"killed_by":"Gremlin Nob","ascension_level":15}