{"gold_per_floor":[109,129,62,62,62,95,114,440,440,440,457,473,486,496,496,594,594,607,617,628,661,761,761,779,779],"floor_reached":25,"playtime":1344,"items_purged":[],"score":250,"play_id":"7a3809f6-39a0-4505-addc-6b3a33e22438","local_time":"20190311023328","is_ascension_mode":true,"campfire_choices":[{"data":"Static Discharge","floor":10.0,"key":"SMITH"},{"floor":15.0,"key":"REST"},{"floor":23.0,"key":"REST"}],"neow_cost":"TEN_PERCENT_HP_LOSS","seed_source_timestamp":55862514081216,"circlet_count":0,"master_deck":["Strike_B","Strike_B","Strike_B","Strike_B","Defend_B","Defend_B","Defend_B","Defend_B","Zap","Dualcast","Electrodynamics","Reinforced Body","Consume","Cold Snap","Conserve Battery","Coolheaded","White Noise","Cold Snap","Static Discharge+1","Coolheaded","Ball Lightning","Ball Lightning","Creative AI","Conserve Battery+1","Reinforced Body","Heatsinks","Hologram+1"],"special_seed":0,"relics":["Cracked Core","Pen Nib","Old Coin","Letter Opener","Fusion Hammer","Red Mask"],"potions_floor_usage":[],"damage_taken":[{"damage":8.0,"enemies":"2 Louse","floor":1.0,"turns":2.0},{"damage":1.0,"enemies":"Cultist","floor":2.0,"turns":3.0},{"damage":29.0,"enemies":"Gremlin Nob","floor":6.0,"turns":5.0},{"damage":1.0,"enemies":"Small Slimes","floor":7.0,"turns":3.0},{"damage":1.0,"enemies":"Lagavulin","floor":8.0,"turns":9.0},{"damage":8.0,"enemies":"Blue Slaver","floor":11.0,"turns":3.0},{"damage":12.0,"enemies":"Exordium Thugs","floor":12.0,"turns":3.0},{"damage":0.0,"enemies":"Looter","floor":13.0,"turns":3.0},{"damage":0.0,"enemies":"2 Fungi Beasts","floor":14.0,"turns":2.0},{"damage":19.0,"enemies":"Hexaghost","floor":16.0,"turns":10.0},{"damage":0.0,"enemies":"Shell Parasite","floor":18.0,"turns":9.0},{"damage":4.0,"enemies":"3 Byrds","floor":19.0,"turns":3.0},{"damage":12.0,"enemies":"3 Cultists","floor":20.0,"turns":4.0},{"damage":37.0,"enemies":"Masked Bandits","floor":21.0,"turns":5.0},{"damage":5.0,"enemies":"Centurion and Healer","floor":24.0,"turns":6.0},{"damage":35,"enemies":"Book of Stabbing","floor":25,"turns":4}],"seed_played":"7702603054036459904","potions_obtained":[{"floor":6.0,"key":"Weak Potion"},{"floor":8.0,"key":"Explosive Potion"},{"floor":14.0,"key":"Regen Potion"},{"floor":16.0,"key":"Explosive Potion"},{"floor":21.0,"key":"AttackPotion"}],"is_trial":false,"path_per_floor":["M","M","$","?","$","E","M","E","T","R","M","M","M","M","R","B",null,"M","M","M","?","?","R","M","E"],"character_chosen":"DEFECT","items_purchased":["Cold Snap","Conserve Battery"],"campfire_rested":2,"item_purchase_floors":[3,3],"current_hp_per_floor":[60,59,59,59,59,30,29,28,28,28,20,8,8,8,28,24,68,68,64,52,15,15,35,30,0],"gold":779,"neow_bonus":"THREE_RARE_CARDS","is_prod":false,"is_daily":false,"chose_seed":false,"campfire_upgraded":1,"win_rate":0,"timestamp":1552239208,"path_taken":["M","M","$","?","$","E","?","E","T","R","M","?","M","M","R","BOSS","M","?","M","?","?","R","?","E"],"build_version":"2019-01-23","purchased_purges":0,"victory":false,"max_hp_per_floor":[68,68,68,68,68,68,68,68,68,68,68,68,68,68,68,68,68,68,68,68,68,68,68,68,68],"card_choices":[{"not_picked":["Rainbow","Buffer"],"picked":"Electrodynamics","floor":0.0},{"not_picked":["Redo","Beam Cell"],"picked":"Reinforced Body","floor":1.0},{"not_picked":["Rip and Tear","Gash"],"picked":"Consume","floor":2.0},{"not_picked":["Compile Driver","Lockon"],"picked":"White Noise","floor":6.0},{"not_picked":["Turbo","Hologram"],"picked":"Cold Snap","floor":7.0},{"not_picked":["Tempest","Steam"],"picked":"Static Discharge","floor":8.0},{"not_picked":["FTL","Sweeping Beam","Scrape"],"picked":"SKIP","floor":11.0},{"not_picked":["Rebound","Stack"],"picked":"Coolheaded","floor":12.0},{"not_picked":["Stack","Cold Snap"],"picked":"Ball Lightning","floor":13.0},{"not_picked":["Double Energy","Barrage"],"picked":"Ball Lightning","floor":14.0},{"not_picked":["Multi-Cast","Biased Cognition"],"picked":"Creative AI","floor":16.0},{"not_picked":["Steam+1","Rip and Tear+1","BootSequence"],"picked":"SKIP","floor":18.0},{"not_picked":["Double Energy","Ball Lightning"],"picked":"Conserve Battery+1","floor":19.0},{"not_picked":["Beam Cell","Double Energy"],"picked":"Reinforced Body","floor":20.0},{"not_picked":["Stack+1","Hologram"],"picked":"Heatsinks","floor":21.0},{"not_picked":["Lockon","Chaos"],"picked":"Hologram+1","floor":24.0}],"player_experience":298001,"relics_obtained":[{"floor":6.0,"key":"Pen Nib"},{"floor":8.0,"key":"Old Coin"},{"floor":9.0,"key":"Letter Opener"},{"floor":21.0,"key":"Red Mask"}],"event_choices":[{"damage_healed":0.0,"max_hp_gain":0.0,"max_hp_loss":0.0,"gold_gain":0.0,"event_name":"Match and Keep!","player_choice":"1 cards matched","floor":4.0,"gold_loss":0.0,"damage_taken":0.0,"cards_obtained":["Coolheaded"]},{"damage_healed":0.0,"max_hp_gain":0.0,"max_hp_loss":0.0,"gold_gain":0.0,"event_name":"Masked Bandits","player_choice":"Fought Bandits","floor":21.0,"gold_loss":0.0,"damage_taken":0.0},{"damage_healed":0.0,"max_hp_gain":0.0,"max_hp_loss":0.0,"gold_gain":100.0,"event_name":"Golden Shrine","player_choice":"Pray","floor":22.0,"gold_loss":0.0,"damage_taken":0.0}],"is_beta":false,"boss_relics":[{"not_picked":["Busted Crown","Sozu"],"picked":"Fusion Hammer"}],"items_purged_floors":[],"is_endless":false,"potions_floor_spawned":[6,8,14,16,21],"killed_by":"Book of Stabbing","ascension_level":3}