{"gold_per_floor":[114,130,19,46,64,91,91,118,118,118,135,161,8,24,24,100,100,113,113,113,132,28,28,58,77,104,138,13,24,49,62,62,138,138,156,86,11,11,30,62,14,39,39,55,55,68,68,82,82,82,82,82,5,35,35],"floor_reached":56,"playtime":2065,"items_purged":["Strike_R","Strike_R","Strike_R"],"score":2014,"play_id":"3c1055cb-cd4c-4342-90ad-8c371915e899","local_time":"20190115214838","is_ascension_mode":true,"campfire_choices":[{"data":"Fiend Fire","floor":7.0,"key":"SMITH"},{"floor":10.0,"key":"REST"},{"data":"Inflame","floor":15.0,"key":"SMITH"},{"data":"True Grit","floor":23.0,"key":"SMITH"},{"floor":32.0,"key":"DIG"},{"data":"Demon Form","floor":45.0,"key":"SMITH"},{"data":"Heavy Blade","floor":47.0,"key":"SMITH"},{"floor":49.0,"key":"RECALL"},{"floor":52.0,"key":"REST"}],"neow_cost":"NONE","seed_source_timestamp":562191876070571,"circlet_count":0,"master_deck":["AscendersBane","Defend_R","Defend_R","Defend_R","Defend_R","Bash+1","Inflame+1","Battle Trance","Iron Wave","Fiend Fire+1","Inflame","Heavy Blade+1","True Grit+1","Offering","Shockwave+1","Whirlwind","Feel No Pain","Flame Barrier","Uppercut+1","Burning Pact","Shrug It Off","Demon Form+1","Flame Barrier+1","Exhume","Offering","Barricade","Pommel Strike+1"],"special_seed":0,"relics":["Burning Blood","Strawberry","Pen Nib","Bronze Scales","Singing Bowl","Whetstone","Mark of Pain","MutagenicStrength","Shovel","Juzu Bracelet","Red Mask","Gremlin Horn","Shuriken","Snecko Eye","Bottled Tornado","Red Skull","Mercury Hourglass"],"potions_floor_usage":[55,55],"damage_taken":[{"damage":0.0,"enemies":"Cultist","floor":1.0,"turns":3.0},{"damage":6.0,"enemies":"Small Slimes","floor":2.0,"turns":3.0},{"damage":12.0,"enemies":"Jaw Worm","floor":5.0,"turns":3.0},{"damage":50.0,"enemies":"3 Sentries","floor":6.0,"turns":13.0},{"damage":15.0,"enemies":"Lagavulin","floor":8.0,"turns":6.0},{"damage":11.0,"enemies":"3 Louse","floor":11.0,"turns":3.0},{"damage":5.0,"enemies":"3 Sentries","floor":12.0,"turns":5.0},{"damage":4.0,"enemies":"Red Slaver","floor":14.0,"turns":4.0},{"damage":10.0,"enemies":"Slime Boss","floor":16.0,"turns":4.0},{"damage":30.0,"enemies":"2 Thieves","floor":18.0,"turns":4.0},{"damage":6.0,"enemies":"Chosen","floor":21.0,"turns":2.0},{"damage":25.0,"enemies":"Slavers","floor":24.0,"turns":6.0},{"damage":6.0,"enemies":"3 Cultists","floor":25.0,"turns":3.0},{"damage":12.0,"enemies":"Masked Bandits","floor":27.0,"turns":4.0},{"damage":3.0,"enemies":"Snake Plant","floor":29.0,"turns":2.0},{"damage":21.0,"enemies":"Book of Stabbing","floor":30.0,"turns":3.0},{"damage":6.0,"enemies":"Cultist and Chosen","floor":31.0,"turns":4.0},{"damage":43.0,"enemies":"Collector","floor":33.0,"turns":8.0},{"damage":0.0,"enemies":"Orb Walker","floor":35.0,"turns":2.0},{"damage":8.0,"enemies":"3 Darklings","floor":39.0,"turns":3.0},{"damage":23.0,"enemies":"Nemesis","floor":40.0,"turns":5.0},{"damage":11.0,"enemies":"Giant Head","floor":42.0,"turns":7.0},{"damage":1.0,"enemies":"4 Shapes","floor":44.0,"turns":5.0},{"damage":8.0,"enemies":"Writhing Mass","floor":46.0,"turns":3.0},{"damage":12.0,"enemies":"Spire Growth","floor":48.0,"turns":1.0},{"damage":26.0,"enemies":"Awakened One","floor":50.0,"turns":4.0},{"damage":40.0,"enemies":"Shield and Spear","floor":54.0,"turns":4.0},{"damage":53,"enemies":"The Heart","floor":55,"turns":8}],"seed_played":"8170175100970987216","potions_obtained":[{"floor":6.0,"key":"PowerPotion"},{"floor":8.0,"key":"Dexterity Potion"},{"floor":12.0,"key":"Regen Potion"},{"floor":24.0,"key":"Regen Potion"},{"floor":31.0,"key":"AttackPotion"},{"floor":33.0,"key":"SkillPotion"},{"floor":35.0,"key":"SpeedPotion"},{"floor":40.0,"key":"EssenceOfSteel"},{"floor":48.0,"key":"Block Potion"}],"is_trial":false,"path_per_floor":["M","M","$","T","M","E","R","E","T","R","M","E","$","M","R","B",null,"M","$","?","M","$","R","E","M","T","?","$","M","E","M","R","B",null,"M","$","?","?","M","E","$","E","T","M","R","M","R","M","R","B",null,"R","$","E","B",null],"character_chosen":"IRONCLAD","items_purchased":["Battle Trance","True Grit","Whirlwind","Feel No Pain","Exhume","Dexterity Potion","GamblersBrew"],"campfire_rested":2,"item_purchase_floors":[3,13,22,22,36,41,53],"current_hp_per_floor":[74,74,74,81,75,31,31,22,22,46,43,44,44,48,48,44,76,52,52,52,54,54,54,51,53,53,56,56,59,44,44,44,7,71,77,77,77,77,77,60,60,57,57,64,64,64,64,58,58,38,85,100,100,68,21],"gold":35,"neow_bonus":"UPGRADE_CARD","is_prod":false,"is_daily":false,"chose_seed":false,"campfire_upgraded":5,"win_rate":0,"timestamp":1547606918,"path_taken":["M","M","$","?","M","E","R","E","T","R","M","E","$","M","R","BOSS","M","$","?","M","$","R","E","M","T","?","?","M","E","M","R","BOSS","M","$","?","?","M","E","$","E","T","M","R","M","R","M","R","BOSS","R","$","E","BOSS"],"build_version":"2019-01-14v2","purchased_purges":3,"victory":true,"max_hp_per_floor":[75,75,75,82,82,82,82,82,82,82,84,84,84,86,86,86,86,86,86,86,88,88,88,90,92,92,92,92,92,92,92,92,92,92,92,92,92,92,94,94,94,96,96,98,98,100,100,100,100,100,100,100,100,102,102],"card_choices":[{"not_picked":["Headbutt","Spot Weakness"],"picked":"Inflame","floor":1.0},{"not_picked":["Clash","Warcry","Havoc"],"picked":"SKIP","floor":2.0},{"not_picked":["Sever Soul","True Grit"],"picked":"Iron Wave","floor":5.0},{"not_picked":["Thunderclap","Havoc"],"picked":"Fiend Fire","floor":6.0},{"not_picked":["Spot Weakness","Sever Soul"],"picked":"Inflame","floor":8.0},{"not_picked":["Wild Strike","Cleave","Spot Weakness"],"picked":"Singing Bowl","floor":11.0},{"not_picked":["Iron Wave","Headbutt"],"picked":"Heavy Blade","floor":12.0},{"not_picked":["Dual Wield","Barricade","Body Slam"],"picked":"Singing Bowl","floor":14.0},{"not_picked":["Barricade","Exhume"],"picked":"Offering","floor":16.0},{"not_picked":["Armaments","Hemokinesis"],"picked":"Shockwave+1","floor":18.0},{"not_picked":["Pommel Strike","Iron Wave","Sentinel"],"picked":"Singing Bowl","floor":21.0},{"not_picked":["Dual Wield","Heavy Blade","Exhume"],"picked":"Singing Bowl","floor":24.0},{"not_picked":["Sword Boomerang","Warcry","Armaments"],"picked":"Singing Bowl","floor":25.0},{"not_picked":["Heavy Blade","Iron Wave"],"picked":"Flame Barrier","floor":27.0},{"not_picked":["Rupture","Iron Wave"],"picked":"Uppercut+1","floor":29.0},{"not_picked":["Headbutt","Hemokinesis"],"picked":"Burning Pact","floor":30.0},{"not_picked":["Reckless Charge","Infernal Blade"],"picked":"Shrug It Off","floor":31.0},{"not_picked":["Dark Embrace","Barricade"],"picked":"Demon Form","floor":33.0},{"not_picked":["Sword Boomerang","Body Slam+1"],"picked":"Flame Barrier+1","floor":35.0},{"not_picked":["Combust","Body Slam","Whirlwind"],"picked":"Singing Bowl","floor":39.0},{"not_picked":["Headbutt","Sentinel+1"],"picked":"Barricade","floor":40.0},{"not_picked":["Twin Strike","Iron Wave","Havoc+1"],"picked":"Singing Bowl","floor":42.0},{"not_picked":["Rampage","Clash","Double Tap"],"picked":"Singing Bowl","floor":44.0},{"not_picked":["Heavy Blade","Hemokinesis","Warcry"],"picked":"Singing Bowl","floor":46.0},{"not_picked":["Anger","Clash"],"picked":"Pommel Strike+1","floor":48.0},{"not_picked":["Body Slam","Second Wind","Hemokinesis"],"picked":"Singing Bowl","floor":54.0}],"player_experience":1839166,"relics_obtained":[{"floor":4.0,"key":"Strawberry"},{"floor":6.0,"key":"Pen Nib"},{"floor":8.0,"key":"Bronze Scales"},{"floor":9.0,"key":"Singing Bowl"},{"floor":12.0,"key":"Whetstone"},{"floor":24.0,"key":"Shovel"},{"floor":26.0,"key":"Juzu Bracelet"},{"floor":27.0,"key":"Red Mask"},{"floor":30.0,"key":"Gremlin Horn"},{"floor":32.0,"key":"Shuriken"},{"floor":40.0,"key":"Bottled Tornado"},{"floor":42.0,"key":"Red Skull"},{"floor":54.0,"key":"Mercury Hourglass"}],"event_choices":[{"damage_healed":0.0,"max_hp_gain":0.0,"max_hp_loss":0.0,"gold_gain":0.0,"event_name":"Drug Dealer","player_choice":"Inject Mutagens","floor":20.0,"gold_loss":0.0,"damage_taken":0.0,"relics_obtained":["MutagenicStrength"]},{"damage_healed":0.0,"max_hp_gain":0.0,"max_hp_loss":0.0,"gold_gain":0.0,"event_name":"Masked Bandits","player_choice":"Fought Bandits","floor":27.0,"gold_loss":0.0,"damage_taken":0.0},{"cards_removed":["Strike_R"],"damage_healed":0.0,"max_hp_gain":0.0,"max_hp_loss":0.0,"gold_gain":0.0,"event_name":"Designer","player_choice":"Single Remove","floor":37.0,"gold_loss":75.0,"damage_taken":0.0},{"damage_healed":0.0,"max_hp_gain":0.0,"max_hp_loss":0.0,"gold_gain":0.0,"cards_transformed":["Strike_R"],"event_name":"Transmorgrifier","player_choice":"Transformed","floor":38.0,"gold_loss":0.0,"damage_taken":0.0,"cards_obtained":["Offering"]}],"is_beta":true,"boss_relics":[{"not_picked":["Black Star","Astrolabe"],"picked":"Mark of Pain"},{"not_picked":["Velvet Choker","Cursed Key"],"picked":"Snecko Eye"}],"items_purged_floors":[3,13,28],"is_endless":false,"potions_floor_spawned":[6,8,12,14,21,24,25,31,33,35,40,44,48],"ascension_level":15}