{"gold_per_floor":[113,128,128,178,192,225,248,248,272,311,332,348,391,117,117,211,211,230,130,155,155,104,104,133,133,158,189,189,200,231,281,281,281],"floor_reached":33,"playtime":809,"items_purged":["Strike_R","Strike_R"],"score":565,"play_id":"e5b2dd79-3697-4114-adb8-c99119d94989","local_time":"20190306143047","is_ascension_mode":true,"campfire_choices":[{"data":"Immolate","floor":8.0,"key":"SMITH"},{"data":"Flame Barrier","floor":15.0,"key":"SMITH"},{"data":"Bash","floor":23,"key":"SMITH"},{"floor":25,"key":"REST"},{"floor":28,"key":"REST"},{"data":"Combust","floor":32,"key":"SMITH"}],"neow_cost":"NONE","seed_source_timestamp":1473984435747794,"circlet_count":0,"master_deck":["AscendersBane","Strike_R","Strike_R","Strike_R","Defend_R","Defend_R+1","Defend_R+1","Defend_R","Bash+1","Sword Boomerang","Anger","Immolate+1","Headbutt","Combust+1","Shrug It Off","Flame Barrier+1","Flame Barrier","Shrug It Off"],"special_seed":0,"relics":["Burning Blood","NeowsBlessing","Bloody Idol","Ancient Tea Set","War Paint","Bird Faced Urn","Velvet Choker","Dream Catcher","Pen Nib","Nunchaku","Pantograph"],"potions_floor_usage":[16,18,24,30],"damage_taken":[{"damage":0.0,"enemies":"2 Louse","floor":1.0,"turns":1.0},{"damage":0.0,"enemies":"Cultist","floor":2.0,"turns":1.0},{"damage":0.0,"enemies":"Jaw Worm","floor":5.0,"turns":1.0},{"damage":25.0,"enemies":"Lagavulin","floor":6.0,"turns":6.0},{"damage":7.0,"enemies":"Large Slime","floor":7.0,"turns":4.0},{"damage":20.0,"enemies":"Gremlin Nob","floor":10.0,"turns":4.0},{"damage":3.0,"enemies":"Exordium Thugs","floor":11.0,"turns":2.0},{"damage":11.0,"enemies":"Blue Slaver","floor":12.0,"turns":3.0},{"damage":12.0,"enemies":"Lagavulin","floor":13.0,"turns":6.0},{"damage":5,"enemies":"Slime Boss","floor":16,"turns":6},{"damage":19,"enemies":"Spheric Guardian","floor":18,"turns":4},{"damage":17,"enemies":"2 Thieves","floor":20,"turns":3},{"damage":39,"enemies":"Book of Stabbing","floor":24,"turns":5},{"damage":12,"enemies":"Gremlin Leader","floor":27,"turns":4},{"damage":26,"enemies":"Snake Plant","floor":29,"turns":5},{"damage":20,"enemies":"Book of Stabbing","floor":30,"turns":5},{"damage":71,"enemies":"Collector","floor":33,"turns":6}],"seed_played":"1082342109261221408","potions_obtained":[{"floor":1.0,"key":"BloodPotion"},{"floor":2.0,"key":"Strength Potion"},{"floor":12.0,"key":"Poison Potion"},{"floor":13.0,"key":"GamblersBrew"},{"floor":20,"key":"SpeedPotion"},{"floor":24,"key":"Energy Potion"},{"floor":30,"key":"Fire Potion"}],"is_trial":false,"path_per_floor":["M","M","?","?","M","E","M","R","T","E","M","M","E","$","R","B",null,"M","$","M","?","$","R","E","R","T","E","R","M","E","?","R","B"],"character_chosen":"IRONCLAD","items_purchased":["Combust","Shrug It Off","Flame Barrier","Fire Potion"],"campfire_rested":2,"item_purchase_floors":[14,14,14,22],"current_hp_per_floor":[74,75,68,68,68,49,48,48,48,40,43,38,32,32,32,35,60,47,47,38,38,38,38,12,32,37,38,58,45,38,43,43,0],"gold":281,"neow_bonus":"THREE_ENEMY_KILL","is_prod":false,"is_daily":false,"chose_seed":false,"campfire_upgraded":4,"win_rate":0,"timestamp":1551900647,"path_taken":["M","M","?","?","?","E","M","R","T","E","M","M","E","$","R","BOSS","M","$","M","?","$","R","E","R","T","E","R","M","E","?","R","BOSS"],"build_version":"2019-02-06","purchased_purges":2,"victory":false,"max_hp_per_floor":[75,75,68,68,68,68,68,68,68,68,68,68,68,68,68,68,68,68,68,68,68,68,68,68,68,68,68,68,68,68,68,68,68],"card_choices":[{"not_picked":["Perfected Strike","Cleave","Pummel"],"picked":"SKIP","floor":1.0},{"not_picked":["Rupture","Entrench"],"picked":"Sword Boomerang","floor":2.0},{"not_picked":["Havoc","Headbutt"],"picked":"Anger","floor":5.0},{"not_picked":["Havoc","Pummel"],"picked":"Immolate","floor":6.0},{"not_picked":["Dropkick","Perfected Strike","Warcry"],"picked":"SKIP","floor":7.0},{"not_picked":["Carnage","Clothesline","Ghostly Armor"],"picked":"SKIP","floor":10.0},{"not_picked":["Heavy Blade","Sword Boomerang","Sentinel"],"picked":"SKIP","floor":11.0},{"not_picked":["Flex","Armaments"],"picked":"Headbutt","floor":12.0},{"not_picked":["Brutality","Clothesline","Entrench"],"picked":"SKIP","floor":13.0},{"not_picked":["Armaments","Body Slam","Sword Boomerang"],"picked":"SKIP","floor":18},{"not_picked":["Havoc","Pommel Strike","Warcry"],"picked":"SKIP","floor":20},{"not_picked":["Bludgeon","Pommel Strike","Iron Wave"],"picked":"SKIP","floor":24},{"not_picked":["Cleave+1","Sever Soul"],"picked":"Flame Barrier","floor":25},{"not_picked":["Searing Blow","Infernal Blade"],"picked":"Shrug It Off","floor":27},{"not_picked":["Wild Strike","Twin Strike","Exhume"],"picked":"SKIP","floor":29},{"not_picked":["Clash","Twin Strike+1","Armaments"],"picked":"SKIP","floor":30}],"player_experience":2098194,"relics_obtained":[{"floor":6.0,"key":"Ancient Tea Set"},{"floor":10.0,"key":"War Paint"},{"floor":13.0,"key":"Bird Faced Urn"},{"floor":24,"key":"Dream Catcher"},{"floor":26,"key":"Pen Nib"},{"floor":27,"key":"Nunchaku"},{"floor":30,"key":"Pantograph"}],"event_choices":[{"damage_healed":0.0,"max_hp_gain":0.0,"max_hp_loss":7.0,"gold_gain":0.0,"event_name":"Golden Idol","player_choice":"Lose Max HP","floor":3.0,"gold_loss":0.0,"damage_taken":0.0,"relics_obtained":["Golden Idol"]},{"damage_healed":0.0,"max_hp_gain":0.0,"max_hp_loss":0.0,"gold_gain":50.0,"event_name":"Golden Shrine","player_choice":"Pray","floor":4.0,"gold_loss":0.0,"damage_taken":0.0},{"damage_healed":0,"gold_gain":0,"player_choice":"Gave Idol","damage_taken":0,"relics_obtained":["Bloody Idol"],"max_hp_gain":0,"max_hp_loss":0,"event_name":"Forgotten Altar","floor":21,"relics_lost":["Golden Idol"],"gold_loss":0},{"damage_healed":0,"gold_gain":50,"player_choice":"Stole From Cult","damage_taken":0,"max_hp_gain":0,"max_hp_loss":0,"event_name":"Nest","floor":31,"gold_loss":0}],"is_beta":true,"boss_relics":[{"not_picked":["Mark of Pain","Calling Bell"],"picked":"Velvet Choker"}],"items_purged_floors":[14,19],"is_endless":false,"potions_floor_spawned":[1,2,5,12,13,20,24,30],"killed_by":"Collector","ascension_level":15}