{"gold_per_floor":[118,43,61,26,44,44,70,88,135,135,170,180,180,196,196,273,273,284,284,45,45,64,89,89,122,122,23,57,75,91,105,105,105],"floor_reached":33,"playtime":1018,"items_purged":["Strike_R","Strike_R"],"score":580,"play_id":"4b04eeeb-22c6-42f5-b97a-fd266855f7bc","local_time":"20190221215735","is_ascension_mode":true,"campfire_choices":[{"data":"Whirlwind","floor":6.0,"key":"SMITH"},{"data":"Armaments","floor":13.0,"key":"SMITH"},{"data":"Carnage","floor":15.0,"key":"SMITH"},{"floor":24.0,"key":"REST"},{"floor":32,"key":"REST"}],"neow_cost":"NONE","seed_source_timestamp":377096381996840,"circlet_count":0,"master_deck":["AscendersBane","Strike_R","Strike_R","Strike_R","Defend_R","Defend_R","Defend_R","Defend_R","Bash+1","Carnage+1","Whirlwind+1","Fiend Fire","Armaments+1","Reaper","Feed","Shrug It Off","Headbutt","Bludgeon","Uppercut","Battle Trance","Clothesline","Bludgeon","Corruption"],"special_seed":0,"relics":["Snecko Eye","Mercury Hourglass","Potion Belt","Bag of Preparation","Orrery","Unceasing Top","Champion Belt","Singing Bowl","Pear"],"potions_floor_usage":[28,28,33],"damage_taken":[{"damage":3.0,"enemies":"2 Louse","floor":1.0,"turns":2.0},{"damage":7.0,"enemies":"Small Slimes","floor":3.0,"turns":2.0},{"damage":12.0,"enemies":"Jaw Worm","floor":5.0,"turns":2.0},{"damage":20.0,"enemies":"Lagavulin","floor":7.0,"turns":3.0},{"damage":0.0,"enemies":"Gremlin Gang","floor":8.0,"turns":1.0},{"damage":14.0,"enemies":"Gremlin Nob","floor":11.0,"turns":4.0},{"damage":0.0,"enemies":"Exordium Thugs","floor":12.0,"turns":1.0},{"damage":0.0,"enemies":"2 Fungi Beasts","floor":14.0,"turns":2.0},{"damage":27.0,"enemies":"The Guardian","floor":16.0,"turns":8.0},{"damage":0.0,"enemies":"Shell Parasite","floor":18.0,"turns":2.0},{"damage":1.0,"enemies":"3 Byrds","floor":22.0,"turns":3.0},{"damage":38.0,"enemies":"Book of Stabbing","floor":23.0,"turns":4.0},{"damage":33.0,"enemies":"Slavers","floor":25.0,"turns":6.0},{"damage":25,"enemies":"Book of Stabbing","floor":28,"turns":5},{"damage":17,"enemies":"Shelled Parasite and Fungi","floor":29,"turns":4},{"damage":0,"enemies":"Snake Plant","floor":30,"turns":2},{"damage":0,"enemies":"Snecko","floor":31,"turns":2},{"damage":69,"enemies":"Collector","floor":33,"turns":6}],"seed_played":"4970436239468190284","potions_obtained":[{"floor":7.0,"key":"BloodPotion"},{"floor":8.0,"key":"Block Potion"},{"floor":14.0,"key":"Dexterity Potion"},{"floor":18.0,"key":"FairyPotion"},{"floor":22.0,"key":"EssenceOfSteel"},{"floor":25.0,"key":"SkillPotion"},{"floor":29,"key":"Poison Potion"}],"is_trial":false,"path_per_floor":["M","$","M","?","M","R","E","M","T","?","E","M","R","M","R","B",null,"M","?","$","?","M","E","R","E","T","$","E","M","M","M","R","B"],"character_chosen":"IRONCLAD","items_purchased":["Bludgeon","Clothesline","Weak Potion"],"campfire_rested":2,"item_purchase_floors":[20,27,27],"current_hp_per_floor":[65,65,58,75,63,63,43,50,50,50,36,36,36,36,36,9,59,63,63,63,42,56,22,46,21,21,21,18,5,7,13,43,0],"gold":105,"neow_bonus":"BOSS_RELIC","is_prod":false,"is_daily":false,"chose_seed":false,"campfire_upgraded":3,"win_rate":0,"timestamp":1550804255,"path_taken":["M","$","M","?","M","R","E","M","T","?","E","M","R","M","R","BOSS","M","?","$","?","M","E","R","E","T","?","E","M","?","M","R","BOSS"],"build_version":"2019-02-06","purchased_purges":2,"victory":false,"max_hp_per_floor":[75,75,75,75,75,75,75,75,75,75,75,75,75,75,75,75,75,75,75,75,80,83,83,83,87,87,87,97,97,99,101,101,101],"card_choices":[{"not_picked":["True Grit","Hemokinesis"],"picked":"Carnage","floor":1.0},{"not_picked":["Shrug It Off","Entrench"],"picked":"Whirlwind","floor":3.0},{"not_picked":["Dual Wield","Pommel Strike","Iron Wave"],"picked":"SKIP","floor":5.0},{"not_picked":["Pommel Strike","Perfected Strike","Thunderclap"],"picked":"SKIP","floor":7.0},{"not_picked":["Combust","Heavy Blade","Fire Breathing"],"picked":"SKIP","floor":8.0},{"not_picked":["Armaments","Wild Strike"],"picked":"Fiend Fire","floor":11.0},{"not_picked":["Twin Strike","Evolve"],"picked":"Armaments","floor":12.0},{"not_picked":["Armaments","Seeing Red","Thunderclap"],"picked":"SKIP","floor":14.0},{"not_picked":["Limit Break","Berserk"],"picked":"Reaper","floor":16.0},{"not_picked":["Anger","Fire Breathing"],"picked":"Feed","floor":17.0},{"not_picked":["Anger","Clash"],"picked":"Shrug It Off","floor":17.0},{"not_picked":["Havoc","Rage"],"picked":"Headbutt","floor":17.0},{"not_picked":["Thunderclap","True Grit","Iron Wave"],"picked":"SKIP","floor":18.0},{"not_picked":["Carnage","Whirlwind"],"picked":"Uppercut","floor":22.0},{"not_picked":["Intimidate","Entrench"],"picked":"Battle Trance","floor":23.0},{"not_picked":["Intimidate","Anger","Clash"],"picked":"SKIP","floor":25.0},{"not_picked":["Wild Strike","Headbutt"],"picked":"Bludgeon","floor":28},{"not_picked":["Battle Trance","Rampage"],"picked":"Corruption","floor":29},{"not_picked":["True Grit","Headbutt","Twin Strike"],"picked":"Singing Bowl","floor":30},{"not_picked":["Headbutt","Thunderclap","Perfected Strike"],"picked":"Singing Bowl","floor":31}],"player_experience":2010193,"relics_obtained":[{"floor":7.0,"key":"Mercury Hourglass"},{"floor":9.0,"key":"Potion Belt"},{"floor":11.0,"key":"Bag of Preparation"},{"floor":23.0,"key":"Unceasing Top"},{"floor":25.0,"key":"Champion Belt"},{"floor":26.0,"key":"Singing Bowl"},{"floor":28,"key":"Pear"}],"event_choices":[{"damage_healed":18.0,"max_hp_gain":0.0,"max_hp_loss":0.0,"gold_gain":0.0,"event_name":"The Cleric","player_choice":"Healed","floor":4.0,"gold_loss":35.0,"damage_taken":0.0},{"damage_healed":0.0,"max_hp_gain":0.0,"max_hp_loss":0.0,"gold_gain":0.0,"event_name":"Living Wall","player_choice":"Grow","floor":10.0,"gold_loss":0.0,"damage_taken":0.0,"cards_upgraded":["Bash"]},{"damage_healed":0.0,"max_hp_gain":0.0,"max_hp_loss":0.0,"gold_gain":0.0,"event_name":"The Mausoleum","player_choice":"Ignored","floor":19.0,"gold_loss":0.0,"damage_taken":0.0},{"damage_healed":0.0,"max_hp_gain":5.0,"max_hp_loss":0.0,"gold_gain":0.0,"event_name":"Forgotten Altar","player_choice":"Shed Blood","floor":21.0,"gold_loss":0.0,"damage_taken":26.0}],"is_beta":true,"boss_relics":[{"not_picked":["Busted Crown","Runic Cube"],"picked":"Orrery"}],"items_purged_floors":[2,20],"is_endless":false,"potions_floor_spawned":[7,8,14,18,22,25,29],"killed_by":"Collector","ascension_level":15}