{"gold_per_floor":[110,110,129,140,157,157,169,231,256,57,57,75,95,95,95,197,197,207,61,48,48,60,95,95,95,95,95,95,109,128,145,145,145],"floor_reached":33,"playtime":1468,"items_purged":["Strike_G","Defend_G"],"score":286,"play_id":"e4c5bc5e-9d4c-49d6-bc89-bc3571041629","local_time":"20190313133207","is_ascension_mode":false,"campfire_choices":[{"data":"Blade Dance","floor":6,"key":"SMITH"},{"data":"Blade Dance","floor":11,"key":"SMITH"},{"floor":15,"key":"REST"},{"data":"Blade Dance","floor":24,"key":"SMITH"},{"floor":28,"key":"REST"},{"floor":32,"key":"REST"}],"neow_cost":"NONE","seed_source_timestamp":6012383988572,"circlet_count":0,"master_deck":["Defend_G","Defend_G","Defend_G","Strike_G+1","Strike_G+1","Survivor","Neutralize","Blade Dance+1","Finisher","Cloak And Dagger","Leg Sweep","Flying Knee","Blade Dance+1","Infinite Blades","Cloak And Dagger","Footwork","Cloak And Dagger","Doppelganger","Adrenaline","Backflip","Accuracy","Blade Dance+1","Cloak And Dagger","Terror+1"],"relics":["Ring of the Snake","Snake Skull","Omamori","Empty Cage","Bag of Marbles","CultistMask","Shuriken"],"potions_floor_usage":[8,8,22,22,23],"damage_taken":[{"damage":5,"enemies":"Jaw Worm","floor":1,"turns":4},{"damage":0,"enemies":"Cultist","floor":3,"turns":3},{"damage":0,"enemies":"Small Slimes","floor":4,"turns":3},{"damage":12,"enemies":"Exordium Thugs","floor":5,"turns":6},{"damage":1,"enemies":"Looter","floor":7,"turns":4},{"damage":1,"enemies":"Lagavulin Event","floor":8,"turns":4},{"damage":5,"enemies":"3 Louse","floor":12,"turns":3},{"damage":0,"enemies":"Blue Slaver","floor":13,"turns":1},{"damage":23,"enemies":"Hexaghost","floor":16,"turns":14},{"damage":11,"enemies":"Shell Parasite","floor":18,"turns":6},{"damage":4,"enemies":"2 Thieves","floor":20,"turns":5},{"damage":15,"enemies":"Centurion and Healer","floor":22,"turns":6},{"damage":31,"enemies":"Gremlin Leader","floor":23,"turns":8},{"damage":16,"enemies":"Snake Plant","floor":29,"turns":5},{"damage":0,"enemies":"Cultist and Chosen","floor":30,"turns":4},{"damage":20,"enemies":"Centurion and Healer","floor":31,"turns":4},{"damage":40,"enemies":"Champ","floor":33,"turns":5}],"seed_played":"-9032672780050769360","potions_obtained":[{"floor":1,"key":"Dexterity Potion"},{"floor":4,"key":"SteroidPotion"},{"floor":8,"key":"Dexterity Potion"},{"floor":12,"key":"FearPotion"},{"floor":20,"key":"Regen Potion"},{"floor":22,"key":"Dexterity Potion"},{"floor":23,"key":"GamblersBrew"},{"floor":31,"key":"GamblersBrew"}],"is_trial":false,"path_per_floor":["M","?","M","M","M","R","M","?","T","$","R","M","M","?","R","B",null,"M","$","M","$","M","E","R","?","T","$","R","M","M","M","R","B"],"character_chosen":"THE_SILENT","items_purchased":["Cloak And Dagger","Footwork","Backflip"],"campfire_rested":3,"item_purchase_floors":[10,10,19],"current_hp_per_floor":[65,65,65,65,53,53,52,51,51,51,51,46,46,32,53,30,70,59,59,55,55,55,24,24,24,24,24,45,29,29,9,30,0],"gold":145,"neow_bonus":"THREE_CARDS","is_prod":false,"is_daily":false,"chose_seed":false,"campfire_upgraded":3,"win_rate":0,"timestamp":1552509127,"path_taken":["M","?","?","M","M","R","M","?","T","$","R","M","M","?","R","BOSS","M","$","M","$","M","E","R","?","T","?","R","M","M","M","R","BOSS"],"build_version":"2019-01-23","purchased_purges":2,"victory":false,"max_hp_per_floor":[70,70,70,70,70,70,70,70,70,70,70,70,70,70,70,70,70,70,70,70,70,70,70,70,70,70,70,70,70,70,70,70,70],"card_choices":[{"not_picked":["Heel Hook","PiercingWail"],"picked":"Blade Dance","floor":0},{"not_picked":["Reflex","Blur","Eviscerate"],"picked":"SKIP","floor":1},{"not_picked":["Skewer","Finisher"],"picked":"Cloak And Dagger","floor":3},{"not_picked":["PiercingWail","Deflect"],"picked":"Leg Sweep","floor":4},{"not_picked":["Acrobatics","Deadly Poison"],"picked":"Flying Knee","floor":5},{"not_picked":["Prepared","Poisoned Stab"],"picked":"Blade Dance","floor":7},{"not_picked":["Flying Knee","Footwork"],"picked":"Infinite Blades","floor":8},{"not_picked":["Quick Slash","Prepared"],"picked":"Cloak And Dagger","floor":12},{"not_picked":["Choke","Backflip"],"picked":"Doppelganger","floor":13},{"not_picked":["Bullet Time","After Image"],"picked":"Adrenaline","floor":16},{"not_picked":["Flying Knee","Caltrops","Masterful Stab"],"picked":"SKIP","floor":18},{"not_picked":["Caltrops","Sucker Punch+1"],"picked":"Accuracy","floor":20},{"not_picked":["Finisher+1","Deflect"],"picked":"Blade Dance","floor":22},{"not_picked":["Outmaneuver","Dodge and Roll","Crippling Poison+1"],"picked":"SKIP","floor":23},{"not_picked":["Underhanded Strike","Prepared+1"],"picked":"Cloak And Dagger","floor":29},{"not_picked":["Prepared","Blur"],"picked":"Terror+1","floor":30},{"not_picked":["Grand Finale","Underhanded Strike","Prepared+1"],"picked":"SKIP","floor":31}],"player_experience":421373,"relics_obtained":[{"floor":8,"key":"Snake Skull"},{"floor":9,"key":"Omamori"},{"floor":23,"key":"Bag of Marbles"},{"floor":26,"key":"Shuriken"}],"event_choices":[{"damage_healed":0,"gold_gain":0,"cards_transformed":["Strike_G"],"player_choice":"Transformed","damage_taken":0,"max_hp_gain":0,"max_hp_loss":0,"event_name":"Transmorgrifier","floor":2,"gold_loss":0,"cards_obtained":["Finisher"]},{"damage_healed":0,"gold_gain":0,"player_choice":"Searched \u00272\u0027 times","damage_taken":0,"max_hp_gain":0,"max_hp_loss":0,"event_name":"Dead Adventurer","floor":8,"gold_loss":0},{"damage_healed":0,"gold_gain":0,"player_choice":"Entered Light","damage_taken":14,"max_hp_gain":0,"max_hp_loss":0,"event_name":"Shining Light","floor":14,"gold_loss":0,"cards_upgraded":["Strike_G","Strike_G"]},{"damage_healed":0,"gold_gain":0,"player_choice":"Trade","damage_taken":0,"relics_obtained":["CultistMask"],"max_hp_gain":0,"max_hp_loss":0,"event_name":"FaceTrader","floor":25,"gold_loss":0}],"is_beta":false,"boss_relics":[{"not_picked":["Philosopher\u0027s Stone","Pandora\u0027s Box"],"picked":"Empty Cage"}],"items_purged_floors":[10,19],"is_endless":false,"potions_floor_spawned":[1,4,8,12,20,22,23,31],"killed_by":"Champ","ascension_level":0}