{"gold_per_floor":[117,117,134,134,145,145,171,171,171,183,226,238,262,306,318,406,418,443,455,479,505,517,561,573,635,673,685,727,739,432,447,447,447],"floor_reached":33,"playtime":934,"items_purged":["Clash"],"score":614,"play_id":"9491f184-8945-4a64-b037-c10a7131a6cb","local_time":"20190224231047","is_ascension_mode":true,"campfire_choices":[{"data":"Anger","floor":6,"key":"SMITH"},{"data":"Disarm","floor":8,"key":"SMITH"},{"data":"Rampage","floor":15,"key":"SMITH"},{"data":"Whirlwind","floor":24,"key":"SMITH"},{"floor":27,"key":"REST"},{"data":"Inflame","floor":29,"key":"SMITH"},{"floor":32,"key":"REST"}],"neow_cost":"NONE","seed_source_timestamp":641101388971935,"circlet_count":0,"master_deck":["AscendersBane","Strike_R","Strike_R","Strike_R","Defend_R","Defend_R","Defend_R","Defend_R","Bash+1","Disarm+1","Anger+1","Evolve","Rampage+1","Offering","Whirlwind+1","Decay","Feel No Pain","True Grit+1","Combust","Inflame+1","Armaments"],"relics":["Burning Blood","Oddly Smooth Stone","Mummified Hand","MawBank","Blue Candle","Orichalcum","PreservedInsect","Mark of Pain","Dodecahedron","Omamori","Bag of Marbles","ClockworkSouvenir"],"potions_floor_usage":[7,11,18,21,28,33],"damage_taken":[{"damage":6,"enemies":"Small Slimes","floor":1,"turns":3},{"damage":10,"enemies":"2 Louse","floor":3,"turns":4},{"damage":3,"enemies":"Jaw Worm","floor":5,"turns":4},{"damage":4,"enemies":"Gremlin Nob","floor":7,"turns":3},{"damage":22,"enemies":"Lagavulin","floor":11,"turns":7},{"damage":0,"enemies":"2 Fungi Beasts","floor":13,"turns":3},{"damage":22,"enemies":"3 Sentries","floor":14,"turns":8},{"damage":6,"enemies":"Hexaghost","floor":16,"turns":8},{"damage":8,"enemies":"Shell Parasite","floor":18,"turns":5},{"damage":6,"enemies":"3 Byrds","floor":20,"turns":5},{"damage":10,"enemies":"Snake Plant","floor":21,"turns":6},{"damage":27,"enemies":"Gremlin Leader","floor":23,"turns":6},{"damage":19,"enemies":"Book of Stabbing","floor":28,"turns":3},{"damage":8,"enemies":"Sentry and Sphere","floor":31,"turns":5},{"damage":71,"enemies":"Automaton","floor":33,"turns":6}],"seed_played":"3930699805594227378","potions_obtained":[{"floor":1,"key":"Weak Potion"},{"floor":5,"key":"Strength Potion"},{"floor":7,"key":"FearPotion"},{"floor":11,"key":"Weak Potion"},{"floor":18,"key":"Strength Potion"}],"is_trial":false,"path_per_floor":["M","?","M","?","M","R","E","R","T","?","E","?","M","E","R","B",null,"M","?","M","M","?","E","R","?","T","R","E","R","$","M","R","B"],"character_chosen":"IRONCLAD","items_purchased":["ClockworkSouvenir","PowerPotion"],"campfire_rested":2,"item_purchase_floors":[30,30],"current_hp_per_floor":[68,68,64,64,67,67,69,69,69,64,48,48,54,38,38,38,66,64,64,64,60,60,39,39,39,39,61,48,48,48,46,68,0],"gold":447,"neow_bonus":"RANDOM_COMMON_RELIC","is_prod":false,"is_daily":false,"chose_seed":false,"campfire_upgraded":5,"win_rate":0,"timestamp":1551067847,"path_taken":["M","?","M","?","M","R","E","R","T","?","E","?","M","E","R","BOSS","M","?","M","M","?","E","R","?","T","R","E","R","$","M","R","BOSS"],"build_version":"2019-02-06","purchased_purges":1,"victory":false,"max_hp_per_floor":[75,75,75,75,75,75,75,75,75,75,75,75,75,75,75,75,75,75,75,75,75,75,75,75,75,75,75,75,75,75,75,75,75],"card_choices":[{"not_picked":["Inflame","Seeing Red"],"picked":"Disarm","floor":1},{"not_picked":["Perfected Strike","Thunderclap","Rupture"],"picked":"SKIP","floor":3},{"not_picked":["Rage","Feel No Pain"],"picked":"Anger","floor":5},{"not_picked":["Wild Strike","Corruption"],"picked":"Evolve","floor":7},{"not_picked":["Warcry","Heavy Blade"],"picked":"Rampage","floor":11},{"not_picked":["Infernal Blade","Sword Boomerang","Perfected Strike"],"picked":"SKIP","floor":13},{"not_picked":["Twin Strike","Cleave"],"picked":"Offering","floor":14},{"not_picked":["Pommel Strike","Intimidate"],"picked":"Whirlwind","floor":18},{"not_picked":["Thunderclap","Armaments"],"picked":"Feel No Pain","floor":20},{"not_picked":["Perfected Strike","Pummel"],"picked":"True Grit+1","floor":21},{"not_picked":["Bloodletting","Intimidate","Double Tap"],"picked":"SKIP","floor":23},{"not_picked":["Sword Boomerang","Infernal Blade+1"],"picked":"Inflame","floor":28},{"not_picked":["Thunderclap","Havoc"],"picked":"Armaments","floor":31}],"player_experience":2034750,"relics_obtained":[{"floor":7,"key":"Mummified Hand"},{"floor":9,"key":"MawBank"},{"floor":11,"key":"Orichalcum"},{"floor":14,"key":"PreservedInsect"},{"floor":23,"key":"Dodecahedron"},{"floor":26,"key":"Omamori"},{"floor":28,"key":"Bag of Marbles"}],"event_choices":[{"damage_healed":0,"gold_gain":0,"player_choice":"Grow","damage_taken":0,"max_hp_gain":0,"max_hp_loss":0,"event_name":"Living Wall","floor":2,"gold_loss":0,"cards_upgraded":["Bash"]},{"damage_healed":0,"gold_gain":0,"player_choice":"Ignored","damage_taken":0,"max_hp_gain":0,"max_hp_loss":0,"event_name":"Shining Light","floor":4,"gold_loss":0},{"damage_healed":0,"gold_gain":0,"player_choice":"Success","damage_taken":5,"relics_obtained":["Blue Candle"],"max_hp_gain":0,"max_hp_loss":0,"event_name":"Scrap Ooze","floor":10,"gold_loss":0},{"damage_healed":0,"gold_gain":0,"player_choice":"Ignored","damage_taken":0,"max_hp_gain":0,"max_hp_loss":0,"event_name":"Liars Game","floor":12,"gold_loss":0},{"damage_healed":0,"gold_gain":0,"player_choice":"Smashed Altar","damage_taken":0,"max_hp_gain":0,"max_hp_loss":0,"event_name":"Forgotten Altar","floor":19,"gold_loss":0,"cards_obtained":["Decay"]},{"damage_healed":0,"gold_gain":0,"cards_transformed":["Strike_R","Strike_R"],"player_choice":"Became Test Subject","damage_taken":0,"max_hp_gain":0,"max_hp_loss":0,"event_name":"Drug Dealer","floor":22,"gold_loss":0,"cards_obtained":["Combust","Clash"]},{"damage_healed":0,"gold_gain":50,"player_choice":"Stole From Cult","damage_taken":0,"max_hp_gain":0,"max_hp_loss":0,"event_name":"Nest","floor":25,"gold_loss":0}],"is_beta":true,"boss_relics":[{"not_picked":["Empty Cage","Ectoplasm"],"picked":"Mark of Pain"}],"items_purged_floors":[30],"is_endless":false,"potions_floor_spawned":[1,5,7,11,14,18,20],"killed_by":"Automaton","ascension_level":15}