{"gold_per_floor":[109,123,143,156,121,151,162,162,187,187,203,203,216,242,242,316,316,330,330,380,390,400,400,416,432,432,432,445,445,455,484,484,484],"floor_reached":33,"playtime":1147,"items_purged":[],"score":495,"play_id":"1d37132a-153d-4d06-af7e-881f66851a76","local_time":"20190102234325","is_ascension_mode":true,"campfire_choices":[{"data":"Zap","floor":8.0,"key":"SMITH"},{"floor":10.0,"key":"REST"},{"data":"Loop","floor":15,"key":"SMITH"},{"floor":23,"key":"REST"},{"floor":27,"key":"REST"},{"floor":29,"key":"REST"},{"floor":32,"key":"REST"}],"neow_cost":"TEN_PERCENT_HP_LOSS","seed_source_timestamp":9873247601880,"circlet_count":0,"master_deck":["AscendersBane","Strike_B","Strike_B","Strike_B","Defend_B","Defend_B","Defend_B","Defend_B","Zap+1","Dualcast","Core Surge","Conserve Battery","Echo Form","Coolheaded","Compile Driver","Cold Snap","Loop+1","FTL","Machine Learning","Electrodynamics","Steam","Cold Snap","Machine Learning","Gash"],"special_seed":0,"relics":["Cracked Core","Mercury Hourglass","Ancient Tea Set","PreservedInsect","Fusion Hammer","Dream Catcher"],"potions_floor_usage":[28,28,31,33],"damage_taken":[{"damage":12.0,"enemies":"Jaw Worm","floor":1.0,"turns":2.0},{"damage":8.0,"enemies":"Small Slimes","floor":2.0,"turns":3.0},{"damage":0.0,"enemies":"Cultist","floor":3.0,"turns":4.0},{"damage":1.0,"enemies":"3 Louse","floor":4.0,"turns":3.0},{"damage":27.0,"enemies":"Gremlin Nob","floor":6.0,"turns":5.0},{"damage":3.0,"enemies":"Blue Slaver","floor":7.0,"turns":4.0},{"damage":1,"enemies":"Looter","floor":11,"turns":3},{"damage":7,"enemies":"Red Slaver","floor":13,"turns":2},{"damage":6,"enemies":"Lagavulin","floor":14,"turns":8},{"damage":14,"enemies":"The Guardian","floor":16,"turns":10},{"damage":12,"enemies":"3 Byrds","floor":18,"turns":5},{"damage":4,"enemies":"Chosen","floor":21,"turns":6},{"damage":9,"enemies":"Centurion and Healer","floor":22,"turns":7},{"damage":11,"enemies":"Sentry and Sphere","floor":24,"turns":6},{"damage":10,"enemies":"Snecko","floor":25,"turns":4},{"damage":16,"enemies":"Centurion and Healer","floor":28,"turns":4},{"damage":24,"enemies":"Snake Plant","floor":30,"turns":4},{"damage":6,"enemies":"Book of Stabbing","floor":31,"turns":4},{"damage":39,"enemies":"Automaton","floor":33,"turns":6}],"seed_played":"1032914053861529468","potions_obtained":[{"floor":3.0,"key":"Block Potion"},{"floor":7.0,"key":"SkillPotion"},{"floor":11,"key":"EntropicBrew"},{"floor":13,"key":"Fire Potion"},{"floor":31,"key":"LiquidBronze"}],"is_trial":false,"path_per_floor":["M","M","M","M","?","E","M","R","T","R","M","?","M","E","R","B",null,"M","?","?","M","M","R","M","M","T","R","M","R","M","E","R","B"],"character_chosen":"DEFECT","items_purchased":[],"campfire_rested":5,"item_purchase_floors":[],"current_hp_per_floor":[52,44,44,43,59,32,29,29,29,48,47,47,40,34,34,20,53,41,24,24,20,11,31,20,10,10,30,14,34,10,4,24,0],"gold":484,"neow_bonus":"THREE_RARE_CARDS","is_prod":false,"is_daily":false,"chose_seed":false,"campfire_upgraded":2,"win_rate":0,"timestamp":1546490605,"path_taken":["M","M","M","M","?","E","M","R","T","R","M","?","?","E","R","BOSS","M","?","?","M","?","R","M","M","T","R","M","R","M","E","R","BOSS"],"build_version":"2019-01-01v2","purchased_purges":0,"victory":false,"max_hp_per_floor":[64,64,64,64,64,64,64,64,64,64,64,64,64,64,64,64,64,64,69,69,69,69,69,69,69,69,69,69,69,69,69,69,69],"card_choices":[{"not_picked":["Multi-Cast","Rainbow"],"picked":"Core Surge","floor":0.0},{"not_picked":["Gash","White Noise","Rebound"],"picked":"SKIP","floor":1.0},{"not_picked":["Redo","Gash"],"picked":"Conserve Battery","floor":2.0},{"not_picked":["Rebound","Redo","Barrage"],"picked":"SKIP","floor":3.0},{"not_picked":["Conserve Battery","Streamline"],"picked":"Echo Form","floor":4.0},{"not_picked":["Compile Driver","Turbo"],"picked":"Coolheaded","floor":6.0},{"not_picked":["Go for the Eyes","Rebound"],"picked":"Compile Driver","floor":7.0},{"not_picked":["Creative AI","Leap"],"picked":"Cold Snap","floor":11},{"not_picked":["Go for the Eyes","Gash"],"picked":"Loop","floor":13},{"not_picked":["Turbo","Steam Power"],"picked":"FTL","floor":14},{"not_picked":["Rainbow","Meteor Strike"],"picked":"Machine Learning","floor":16},{"not_picked":["Darkness","Go for the Eyes","Skim"],"picked":"SKIP","floor":18},{"not_picked":["Double Energy","Reprogram","Coolheaded"],"picked":"SKIP","floor":21},{"not_picked":["Heatsinks","Beam Cell","Consume"],"picked":"SKIP","floor":22},{"not_picked":["Streamline","Compile Driver"],"picked":"Electrodynamics","floor":24},{"not_picked":["Gash","Fusion"],"picked":"Steam","floor":25},{"not_picked":["Lockon","Consume","Compile Driver"],"picked":"SKIP","floor":28},{"not_picked":["Gash","Conserve Battery"],"picked":"Cold Snap","floor":30},{"not_picked":["Go for the Eyes","Coolheaded+1"],"picked":"Machine Learning","floor":31},{"not_picked":["Streamline","Scrape"],"picked":"Gash","floor":32}],"player_experience":1810780,"relics_obtained":[{"floor":6.0,"key":"Mercury Hourglass"},{"floor":9.0,"key":"Ancient Tea Set"},{"floor":14,"key":"PreservedInsect"},{"floor":31,"key":"Dream Catcher"}],"event_choices":[{"damage_healed":16.0,"max_hp_gain":0.0,"max_hp_loss":0.0,"gold_gain":0.0,"event_name":"The Cleric","player_choice":"Healed","floor":5.0,"gold_loss":35.0,"damage_taken":0.0},{"cards_removed":["Strike_B"],"damage_healed":0,"gold_gain":0,"player_choice":"Forget","damage_taken":0,"max_hp_gain":0,"max_hp_loss":0,"event_name":"Living Wall","floor":12,"gold_loss":0},{"damage_healed":0,"gold_gain":0,"player_choice":"Shed Blood","damage_taken":22,"max_hp_gain":5,"max_hp_loss":0,"event_name":"Forgotten Altar","floor":19,"gold_loss":0},{"damage_healed":0,"gold_gain":50,"player_choice":"Pray","damage_taken":0,"max_hp_gain":0,"max_hp_loss":0,"event_name":"Golden Shrine","floor":20,"gold_loss":0}],"is_beta":true,"boss_relics":[{"not_picked":["Empty Cage","Lizard Tail"],"picked":"Fusion Hammer"}],"items_purged_floors":[],"is_endless":false,"potions_floor_spawned":[3,7,11,13,14,18,21,28,31],"killed_by":"Automaton","ascension_level":15}