{"gold_per_floor":[112,187,207,226,226,226,559,559,559,591,151,151,162,162,162,238,238,252,252,230,259,278,278,312,312,338,366,376,401,413,413,413,490,540,560,572,590,603,603,631,631,651,676,207,207,207,207,227,227,227,227,227,26,59,59],"floor_reached":56,"playtime":2779,"items_purged":["Streamline","Injury","Injury"],"score":2088,"play_id":"e9b13186-bce6-4d36-86a7-702c6d99156b","local_time":"20190302155924","is_ascension_mode":true,"campfire_choices":[{"data":"Rip and Tear","floor":6,"key":"SMITH"},{"data":"Fusion","floor":8,"key":"SMITH"},{"data":"Zap","floor":15,"key":"SMITH"},{"data":"Reinforced Body","floor":23,"key":"SMITH"},{"data":"Hologram","floor":25,"key":"SMITH"},{"floor":32,"key":"REST"},{"floor":45,"key":"RECALL"},{"data":"Fission","floor":47,"key":"SMITH"},{"data":"Panacea","floor":49,"key":"SMITH"},{"data":"Coolheaded","floor":52,"key":"SMITH"}],"neow_cost":"NONE","seed_source_timestamp":1131799237133078,"circlet_count":0,"master_deck":["AscendersBane","Zap+1","Dualcast","Streamline","Reinforced Body+1","Fusion+1","Redo","Biased Cognition+1","Rip and Tear+1","Coolheaded+1","Sweeping Beam","Gash+1","Glacier","Buffer+1","Hologram+1","Defragment+1","All For One","Go for the Eyes+1","Hologram+1","Gash+1","Gash+1","Conserve Battery","Machine Learning+1","Compile Driver","BootSequence","Biased Cognition+1","Coolheaded+1","Genetic Algorithm","Self Repair+1","Coolheaded","Coolheaded","Flash of Steel+1","Panacea+1","Capacitor+1","Fission+1","Undo+1"],"relics":["Pandora\u0027s Box","Old Coin","Frozen Egg 2","Orichalcum","Strawberry","Cursed Key","Red Mask","Ornamental Fan","Bag of Marbles","Whetstone","Sundial","MutagenicStrength","Tiny House","Molten Egg 2","ClockworkSouvenir","DataDisk"],"potions_floor_usage":[7,21,24,30,40,54,55],"damage_taken":[{"damage":12,"enemies":"Jaw Worm","floor":1,"turns":3},{"damage":4,"enemies":"Small Slimes","floor":3,"turns":3},{"damage":0,"enemies":"2 Louse","floor":4,"turns":2},{"damage":25,"enemies":"3 Sentries","floor":7,"turns":6},{"damage":0,"enemies":"Lagavulin","floor":10,"turns":6},{"damage":0,"enemies":"2 Fungi Beasts","floor":13,"turns":5},{"damage":0,"enemies":"The Guardian","floor":16,"turns":11},{"damage":0,"enemies":"Chosen","floor":18,"turns":5},{"damage":0,"enemies":"Masked Bandits","floor":21,"turns":6},{"damage":0,"enemies":"3 Byrds","floor":22,"turns":4},{"damage":8,"enemies":"Slavers","floor":24,"turns":6},{"damage":5,"enemies":"Book of Stabbing","floor":27,"turns":4},{"damage":2,"enemies":"Sentry and Sphere","floor":28,"turns":4},{"damage":3,"enemies":"Slavers","floor":29,"turns":5},{"damage":0,"enemies":"Centurion and Healer","floor":30,"turns":5},{"damage":45,"enemies":"Automaton","floor":33,"turns":7},{"damage":0,"enemies":"3 Shapes","floor":35,"turns":5},{"damage":0,"enemies":"Orb Walker","floor":36,"turns":5},{"damage":0,"enemies":"Maw","floor":37,"turns":6},{"damage":14,"enemies":"3 Darklings","floor":38,"turns":4},{"damage":4,"enemies":"Nemesis","floor":40,"turns":11},{"damage":0,"enemies":"Jaw Worm Horde","floor":42,"turns":6},{"damage":0,"enemies":"Transient","floor":48,"turns":5},{"damage":20,"enemies":"Donu and Deca","floor":50,"turns":10},{"damage":23,"enemies":"Shield and Spear","floor":54,"turns":8},{"damage":42,"enemies":"The Heart","floor":55,"turns":9}],"seed_played":"-5854147210601644782","potions_obtained":[{"floor":4,"key":"LiquidBronze"},{"floor":10,"key":"Block Potion"},{"floor":13,"key":"SkillPotion"},{"floor":22,"key":"Fire Potion"},{"floor":28,"key":"LiquidBronze"},{"floor":33,"key":"GamblersBrew"},{"floor":34,"key":"FearPotion"},{"floor":38,"key":"SpeedPotion"},{"floor":40,"key":"Explosive Potion"},{"floor":54,"key":"Regen Potion"}],"is_trial":false,"path_per_floor":["M","?","M","M","?","R","E","R","T","E","$","?","M","?","R","B",null,"M","?","$","?","M","R","E","R","T","E","M","E","M","?","R","B",null,"M","M","M","M","?","E","?","M","T","$","R","T","R","M","R","B",null,"R","$","E","B",null],"character_chosen":"DEFECT","items_purchased":["Buffer+1","Strawberry","Hologram","Hologram","ClockworkSouvenir","Fission","GamblersBrew"],"campfire_rested":1,"item_purchase_floors":[11,11,11,20,44,44,53],"current_hp_per_floor":[52,41,37,37,60,60,35,35,35,35,42,42,42,19,19,19,63,63,63,63,63,63,63,55,55,55,50,48,45,45,45,68,23,69,69,69,69,65,65,71,61,71,71,71,71,71,71,81,81,71,80,80,80,67,50],"gold":59,"neow_bonus":"BOSS_RELIC","is_prod":false,"is_daily":false,"chose_seed":false,"campfire_upgraded":8,"win_rate":0,"timestamp":1551560364,"path_taken":["M","?","M","M","?","R","E","R","T","E","$","?","M","?","R","BOSS","M","?","$","?","M","R","E","R","T","E","M","E","M","?","R","BOSS","M","M","M","M","?","E","?","M","T","$","R","?","R","M","R","BOSS","R","$","E","BOSS"],"build_version":"2019-02-06","purchased_purges":3,"victory":true,"max_hp_per_floor":[71,71,71,71,71,71,71,71,71,71,78,78,78,78,78,78,78,78,78,78,78,78,78,78,78,78,78,78,78,78,78,78,78,83,83,83,83,83,83,83,83,83,83,83,83,83,83,83,83,83,83,83,83,83,83],"card_choices":[{"not_picked":["Force Field","Skim"],"picked":"Coolheaded","floor":1},{"not_picked":["Compile Driver","Consume"],"picked":"Sweeping Beam","floor":3},{"not_picked":["Stack","Machine Learning","Reinforced Body"],"picked":"SKIP","floor":4},{"not_picked":["Rebound","Compile Driver"],"picked":"Gash","floor":7},{"not_picked":["Machine Learning+1","Double Energy"],"picked":"Glacier","floor":10},{"not_picked":["Turbo","Conserve Battery"],"picked":"Defragment+1","floor":13},{"not_picked":["Amplify","Reboot"],"picked":"All For One","floor":16},{"not_picked":["Hologram+1","Steam"],"picked":"Go for the Eyes+1","floor":18},{"not_picked":["Conserve Battery","Sweeping Beam"],"picked":"Gash","floor":21},{"not_picked":["Tempest","Beam Cell"],"picked":"Gash","floor":22},{"not_picked":["Recycle","Steam Power"],"picked":"Gash","floor":24},{"not_picked":["Darkness","Beam Cell"],"picked":"Conserve Battery","floor":27},{"not_picked":["Stack","Turbo"],"picked":"Machine Learning+1","floor":28},{"not_picked":["Rebound","Steam Power"],"picked":"Compile Driver","floor":29},{"not_picked":["Streamline","Rebound"],"picked":"BootSequence","floor":30},{"not_picked":["Meteor Strike","Reboot"],"picked":"Biased Cognition+1","floor":33},{"not_picked":["Beam Cell","Rebound"],"picked":"Coolheaded","floor":34},{"not_picked":["Sweeping Beam","Conserve Battery","Cold Snap"],"picked":"SKIP","floor":35},{"not_picked":["Leap","Sweeping Beam"],"picked":"Genetic Algorithm","floor":36},{"not_picked":["Consume","Sweeping Beam"],"picked":"Self Repair+1","floor":37},{"not_picked":["Aggregate","Redo"],"picked":"Coolheaded","floor":38},{"not_picked":["Fusion","Machine Learning+1"],"picked":"Coolheaded","floor":40},{"not_picked":["Metamorphosis","Dramatic Entrance+1"],"picked":"Flash of Steel+1","floor":41},{"not_picked":["Dark Shackles","Blind"],"picked":"Panacea","floor":41},{"not_picked":["Chill","Heatsinks+1"],"picked":"Capacitor+1","floor":42},{"not_picked":["Rip and Tear+1","Steam+1","Loop+1"],"picked":"SKIP","floor":48},{"not_picked":["Hologram","Turbo"],"picked":"Undo+1","floor":54}],"player_experience":2067375,"relics_obtained":[{"floor":7,"key":"Old Coin"},{"floor":9,"key":"Frozen Egg 2"},{"floor":10,"key":"Orichalcum"},{"floor":21,"key":"Red Mask"},{"floor":24,"key":"Ornamental Fan"},{"floor":26,"key":"Bag of Marbles"},{"floor":27,"key":"Whetstone"},{"floor":29,"key":"Sundial"},{"floor":40,"key":"Molten Egg 2"},{"floor":54,"key":"DataDisk"}],"event_choices":[{"damage_healed":0,"gold_gain":75,"player_choice":"Gather Gold","damage_taken":11,"max_hp_gain":0,"max_hp_loss":0,"event_name":"World of Goop","floor":2,"gold_loss":0},{"damage_healed":23,"gold_gain":0,"player_choice":"Banana","damage_taken":0,"max_hp_gain":0,"max_hp_loss":0,"event_name":"Big Fish","floor":5,"gold_loss":0},{"damage_healed":0,"gold_gain":0,"player_choice":"Grow","damage_taken":0,"max_hp_gain":0,"max_hp_loss":0,"event_name":"Living Wall","floor":12,"gold_loss":0,"cards_upgraded":["Hologram"]},{"damage_healed":0,"gold_gain":0,"player_choice":"Entered Light","damage_taken":23,"max_hp_gain":0,"max_hp_loss":0,"event_name":"Shining Light","floor":14,"gold_loss":0,"cards_upgraded":["Biased Cognition","Coolheaded"]},{"cards_removed":["Auto Shields"],"damage_healed":0,"gold_gain":0,"player_choice":"Elegance","damage_taken":0,"max_hp_gain":0,"max_hp_loss":0,"event_name":"Back to Basics","floor":19,"gold_loss":0},{"damage_healed":0,"gold_gain":0,"player_choice":"Fought Bandits","damage_taken":0,"max_hp_gain":0,"max_hp_loss":0,"event_name":"Masked Bandits","floor":21,"gold_loss":0},{"damage_healed":0,"gold_gain":0,"player_choice":"Inject Mutagens","damage_taken":0,"relics_obtained":["MutagenicStrength"],"max_hp_gain":0,"max_hp_loss":0,"event_name":"Drug Dealer","floor":31,"gold_loss":0},{"cards_removed":["Gash"],"damage_healed":0,"gold_gain":0,"player_choice":"Removed Attack","damage_taken":0,"max_hp_gain":0,"max_hp_loss":0,"event_name":"Falling","floor":39,"gold_loss":0},{"damage_healed":0,"gold_gain":0,"player_choice":"Memory 3","damage_taken":10,"max_hp_gain":0,"max_hp_loss":0,"event_name":"SensoryStone","floor":41,"gold_loss":0}],"is_beta":true,"boss_relics":[{"not_picked":["Sozu","Fusion Hammer"],"picked":"Cursed Key"},{"not_picked":["Calling Bell","Snecko Eye"],"picked":"Tiny House"}],"items_purged_floors":[11,44,53],"is_endless":false,"potions_floor_spawned":[4,10,13,22,28,29,33,38,40,54],"ascension_level":15}