{"gold_per_floor":[118,130,130,93,106,123,123,140,192,161,187,187,205,236,236,332,332,351,364,364,364,364,364,364],"floor_reached":24,"playtime":1301,"items_purged":[],"score":206,"play_id":"3d1d7c9b-dcc9-49c3-9988-8d4934ed8e92","local_time":"20190311200118","is_ascension_mode":false,"campfire_choices":[{"data":"Infernal Blade","floor":7,"key":"SMITH"},{"data":"Twin Strike","floor":12,"key":"SMITH"},{"floor":15,"key":"REST"},{"floor":23,"key":"REST"}],"neow_cost":"NONE","seed_source_timestamp":881767704723332,"circlet_count":0,"master_deck":["Strike_R","Strike_R","Strike_R","Strike_R","Strike_R","Defend_R","Defend_R+1","Defend_R","Defend_R","Bash","Pommel Strike","Twin Strike","Infernal Blade+1","Pommel Strike","Body Slam","Warcry+1","Twin Strike+1","Headbutt","Cleave","Limit Break","Shrug It Off","Cleave"],"relics":["Burning Blood","NeowsBlessing","War Paint","Letter Opener","Bronze Scales","Black Star"],"potions_floor_usage":[13,16,20,20],"damage_taken":[{"damage":0,"enemies":"2 Louse","floor":1,"turns":1},{"damage":0,"enemies":"Jaw Worm","floor":2,"turns":1},{"damage":0,"enemies":"Small Slimes","floor":5,"turns":1},{"damage":14,"enemies":"Blue Slaver","floor":6,"turns":3},{"damage":10,"enemies":"Looter","floor":8,"turns":3},{"damage":15,"enemies":"Gremlin Nob","floor":11,"turns":4},{"damage":1,"enemies":"Exordium Wildlife","floor":13,"turns":3},{"damage":19,"enemies":"3 Sentries","floor":14,"turns":6},{"damage":37,"enemies":"Slime Boss","floor":16,"turns":9},{"damage":3,"enemies":"3 Byrds","floor":18,"turns":4},{"damage":46,"enemies":"2 Thieves","floor":19,"turns":3},{"damage":26,"enemies":"Colosseum Slavers","floor":20,"turns":4},{"damage":49,"enemies":"Centurion and Healer","floor":24,"turns":8}],"seed_played":"-7677209339434537086","potions_obtained":[{"floor":2,"key":"Ancient Potion"},{"floor":8,"key":"Poison Potion"},{"floor":14,"key":"SpeedPotion"},{"floor":16,"key":"FearPotion"},{"floor":18,"key":"Poison Potion"}],"is_trial":false,"path_per_floor":["?","?","?","?","?"],"character_chosen":"IRONCLAD","items_purchased":["Infernal Blade"],"campfire_rested":2,"item_purchase_floors":[4],"current_hp_per_floor":[80,80,80,80,80,72,72,68,68,68,59,59,64,51,75,44,80,80,40,20,20,20,44,0],"gold":364,"neow_bonus":"THREE_ENEMY_KILL","is_prod":false,"is_daily":false,"chose_seed":false,"campfire_upgraded":2,"win_rate":0.0,"timestamp":1552330878,"path_taken":["M","M","?","$","M","M","R","M","T","?","E","R","M","E","R","BOSS","M","M","?","?","?","R","M"],"build_version":"2019-01-23","purchased_purges":0,"victory":false,"max_hp_per_floor":[80,80,80,80,80,80,80,80,80,80,80,80,80,80,80,80,80,80,80,80,80,80,80,80],"card_choices":[{"not_picked":["Sword Boomerang","Whirlwind"],"picked":"Pommel Strike","floor":1},{"not_picked":["Uppercut","Iron Wave"],"picked":"Twin Strike","floor":2},{"not_picked":["Armaments","Brutality"],"picked":"Pommel Strike","floor":5},{"not_picked":["Clothesline","True Grit"],"picked":"Body Slam","floor":6},{"not_picked":["Spot Weakness","Carnage"],"picked":"Warcry","floor":8},{"not_picked":["Brutality","Flex"],"picked":"Twin Strike","floor":11},{"not_picked":["Heavy Blade","Clothesline"],"picked":"Headbutt","floor":13},{"not_picked":["Searing Blow","True Grit"],"picked":"Cleave","floor":14},{"not_picked":["Dark Embrace","Juggernaut"],"picked":"Limit Break","floor":16},{"not_picked":["Fire Breathing+1","Body Slam+1"],"picked":"Shrug It Off","floor":18},{"not_picked":["Shrug It Off+1","Blood for Blood"],"picked":"Cleave","floor":19}],"player_experience":30105,"relics_obtained":[{"floor":9,"key":"War Paint"},{"floor":11,"key":"Letter Opener"},{"floor":14,"key":"Bronze Scales"}],"event_choices":[{"damage_healed":0,"gold_gain":0,"player_choice":"Leave","damage_taken":0,"max_hp_gain":0,"max_hp_loss":0,"event_name":"The Cleric","floor":3,"gold_loss":0},{"damage_healed":0,"gold_gain":0,"player_choice":"Left Gold","damage_taken":0,"max_hp_gain":0,"max_hp_loss":0,"event_name":"World of Goop","floor":10,"gold_loss":31},{"damage_healed":0,"gold_gain":0,"player_choice":"Fight","damage_taken":0,"max_hp_gain":0,"max_hp_loss":0,"event_name":"Colosseum","floor":20,"gold_loss":0},{"damage_healed":0,"gold_gain":0,"player_choice":"Fled From Nobs","damage_taken":0,"max_hp_gain":0,"max_hp_loss":0,"event_name":"Colosseum","floor":20,"gold_loss":0},{"damage_healed":0,"gold_gain":0,"player_choice":"Ignored","damage_taken":0,"max_hp_gain":0,"max_hp_loss":0,"event_name":"Beggar","floor":21,"gold_loss":0},{"damage_healed":0,"gold_gain":0,"player_choice":"Ignored","damage_taken":0,"max_hp_gain":0,"max_hp_loss":0,"event_name":"Ghosts","floor":22,"gold_loss":0}],"is_beta":false,"boss_relics":[{"not_picked":["Cursed Key","Runic Dome"],"picked":"Black Star"}],"items_purged_floors":[],"is_endless":false,"potions_floor_spawned":[2,8,14,16,18],"killed_by":"Centurion and Healer","ascension_level":0}