{"gold_per_floor":[117,137,92,107,107,107,142,165,189,223,223,249,264,264,264,337,337,277,277,277,277,21,21,21,21,21,21,21,21,21,21,21,21],"floor_reached":33,"playtime":1443,"items_purged":[],"score":571,"play_id":"a7e8e734-3177-4f4b-804b-7e2dd90a7cb1","local_time":"20190110193223","is_ascension_mode":true,"campfire_choices":[{"data":"Zap","floor":6,"key":"SMITH"},{"data":"Fission","floor":11,"key":"SMITH"},{"floor":15,"key":"DIG"},{"floor":23,"key":"DIG"},{"floor":28,"key":"DIG"},{"floor":32,"key":"DIG"}],"neow_cost":"NONE","seed_source_timestamp":122798415024301,"circlet_count":0,"master_deck":["AscendersBane","Strike_B","Strike_B","Strike_B","Defend_B+1","Defend_B","Defend_B","Zap+1","Dualcast+1","Reinforced Body","Ball Lightning","Sweeping Beam","Genetic Algorithm","Fission+1","Coolheaded","Cold Snap","Seek","Gash+1","Ghostly","Ghostly","Ghostly","Glacier+1","Skim+1"],"relics":["Cracked Core","DataDisk","Shovel","Odd Mushroom","Pen Nib","War Paint","Anchor","Ectoplasm","Toxic Egg 2","Cables","Dream Catcher","Gremlin Horn","Happy Flower","Nilry\u0027s Codex","Peace Pipe","Ancient Tea Set"],"potions_floor_usage":[7,12,18,31,33,33],"damage_taken":[{"damage":0,"enemies":"Cultist","floor":1,"turns":3},{"damage":0,"enemies":"Jaw Worm","floor":2,"turns":6},{"damage":3,"enemies":"Small Slimes","floor":4,"turns":3},{"damage":7,"enemies":"Gremlin Nob","floor":7,"turns":4},{"damage":3,"enemies":"The Mushroom Lair","floor":8,"turns":4},{"damage":10,"enemies":"Lagavulin","floor":10,"turns":7},{"damage":11,"enemies":"3 Sentries","floor":12,"turns":6},{"damage":0,"enemies":"3 Louse","floor":13,"turns":2},{"damage":8,"enemies":"Hexaghost","floor":16,"turns":11},{"damage":0,"enemies":"2 Thieves","floor":18,"turns":3},{"damage":0,"enemies":"Chosen","floor":20,"turns":5},{"damage":7,"enemies":"Slavers","floor":24,"turns":7},{"damage":0,"enemies":"Snecko","floor":25,"turns":6},{"damage":1,"enemies":"Sentry and Sphere","floor":27,"turns":6},{"damage":0,"enemies":"Gremlin Leader","floor":31,"turns":6},{"damage":29,"enemies":"Automaton","floor":33,"turns":12}],"seed_played":"-5179055754785416639","potions_obtained":[{"floor":1,"key":"SteroidPotion"},{"floor":4,"key":"Swift Potion"},{"floor":10,"key":"AttackPotion"},{"floor":16,"key":"Energy Potion"},{"floor":25,"key":"Regen Potion"},{"floor":27,"key":"Dexterity Potion"},{"floor":31,"key":"GamblersBrew"}],"is_trial":false,"path_per_floor":["M","M","$","M","?","R","E","?","T","E","R","E","M","?","R","B",null,"M","?","M","?","$","R","E","M","T","M","R","?","?","E","R","B"],"character_chosen":"DEFECT","items_purchased":["Sweeping Beam","Toxic Egg 2"],"campfire_rested":0,"item_purchase_floors":[3,22],"current_hp_per_floor":[71,71,71,68,50,50,43,40,40,30,30,19,19,12,12,4,60,60,39,39,39,39,39,32,32,32,31,31,10,10,25,25,0],"gold":21,"neow_bonus":"TEN_PERCENT_HP_BONUS","is_prod":false,"is_daily":false,"chose_seed":false,"campfire_upgraded":2,"win_rate":0,"timestamp":1547166743,"path_taken":["M","?","$","M","?","R","E","?","T","E","R","E","M","?","R","BOSS","M","?","M","?","$","R","E","M","T","?","R","?","?","E","R","BOSS"],"build_version":"2019-01-09","purchased_purges":0,"victory":false,"max_hp_per_floor":[78,78,78,78,78,78,78,78,78,78,78,78,78,78,78,78,78,78,39,39,39,39,39,39,39,39,39,39,39,39,39,39,39],"card_choices":[{"not_picked":["Conserve Battery","Loop"],"picked":"Reinforced Body","floor":1},{"not_picked":["Melter","Coolheaded"],"picked":"Ball Lightning","floor":2},{"not_picked":["Barrage","Leap","Stack"],"picked":"SKIP","floor":4},{"not_picked":["Cold Snap","Leap"],"picked":"Genetic Algorithm","floor":7},{"not_picked":["Sweeping Beam","Skim"],"picked":"Fission","floor":10},{"not_picked":["Ball Lightning","Meteor Strike"],"picked":"Coolheaded","floor":12},{"not_picked":["Hologram","FTL"],"picked":"Cold Snap","floor":13},{"not_picked":["All For One","Buffer"],"picked":"Seek","floor":16},{"not_picked":["Conserve Battery","Hologram"],"picked":"Gash+1","floor":18},{"not_picked":["Tempest","Hello World","Fusion"],"picked":"SKIP","floor":20},{"not_picked":["Go for the Eyes","Sunder","Barrage"],"picked":"SKIP","floor":24},{"not_picked":["Lockon","Chill+1"],"picked":"Glacier+1","floor":25},{"not_picked":["Leap+1","Aggregate+1","Beam Cell"],"picked":"SKIP","floor":27},{"not_picked":["Sunder","Ball Lightning"],"picked":"Skim+1","floor":31}],"player_experience":1824595,"relics_obtained":[{"floor":7,"key":"Shovel"},{"floor":8,"key":"Odd Mushroom"},{"floor":9,"key":"Pen Nib"},{"floor":10,"key":"War Paint"},{"floor":15,"key":"Anchor"},{"floor":23,"key":"Cables"},{"floor":24,"key":"Dream Catcher"},{"floor":26,"key":"Gremlin Horn"},{"floor":28,"key":"Happy Flower"},{"floor":29,"key":"Nilry\u0027s Codex"},{"floor":31,"key":"Peace Pipe"},{"floor":32,"key":"Ancient Tea Set"}],"event_choices":[{"damage_healed":0,"gold_gain":0,"player_choice":"Success","damage_taken":18,"relics_obtained":["DataDisk"],"max_hp_gain":0,"max_hp_loss":0,"event_name":"Scrap Ooze","floor":5,"gold_loss":0},{"damage_healed":0,"gold_gain":0,"player_choice":"Fought Mushrooms","damage_taken":0,"max_hp_gain":0,"max_hp_loss":0,"event_name":"Mushrooms","floor":8,"gold_loss":0},{"cards_removed":["Strike_B"],"damage_healed":0,"gold_gain":0,"player_choice":"Card Removal","damage_taken":7,"max_hp_gain":0,"max_hp_loss":0,"event_name":"Golden Wing","floor":14,"gold_loss":0},{"damage_healed":0,"gold_gain":0,"player_choice":"Became a Ghost","damage_taken":0,"max_hp_gain":0,"max_hp_loss":39,"event_name":"Ghosts","floor":19,"gold_loss":0,"cards_obtained":["Ghostly","Ghostly","Ghostly"]},{"cards_removed":["Defend_B"],"damage_healed":0,"gold_gain":0,"player_choice":"Purged","damage_taken":0,"max_hp_gain":0,"max_hp_loss":0,"event_name":"Purifier","floor":21,"gold_loss":0},{"damage_healed":0,"gold_gain":0,"player_choice":"Obtained Book","damage_taken":21,"max_hp_gain":0,"max_hp_loss":0,"event_name":"Cursed Tome","floor":29,"gold_loss":0},{"damage_healed":0,"gold_gain":0,"player_choice":"Ignored","damage_taken":0,"max_hp_gain":0,"max_hp_loss":0,"event_name":"Vampires","floor":30,"gold_loss":0}],"is_beta":true,"boss_relics":[{"not_picked":["Empty Cage","Black Star"],"picked":"Ectoplasm"}],"items_purged_floors":[],"is_endless":false,"potions_floor_spawned":[1,4,10,16,25,27,31],"killed_by":"Automaton","ascension_level":15}