{"gold_per_floor":[117,117,117,133,208,208,237,237,237,254,274,284,30,40,40,111,111,123,123,173,173,190,208,208,233,257,287,306,306,320,245,245,318,318,338,349,349,349,9,42,56,56,82,99,99,40,40,58,58,58,58,58,58,88,88],"floor_reached":55,"playtime":2266,"items_purged":[],"score":1246,"play_id":"926fdbb7-1477-4231-9b01-1bd3ad3ed299","local_time":"20190309005526","is_ascension_mode":true,"campfire_choices":[{"floor":6.0,"key":"REST"},{"data":"Zap","floor":8.0,"key":"SMITH"},{"floor":15.0,"key":"REST"},{"data":"Defragment","floor":24.0,"key":"SMITH"},{"data":"Defragment","floor":29.0,"key":"SMITH"},{"floor":32.0,"key":"REST"},{"floor":45.0,"key":"REST"},{"floor":49.0,"key":"RECALL"},{"data":"Seek","floor":52.0,"key":"SMITH"}],"neow_cost":"NONE","seed_source_timestamp":1682716871874180,"circlet_count":0,"master_deck":["AscendersBane","Strike_B","Defend_B+1","Defend_B","Defend_B","Zap+1","Dualcast+1","Genetic Algorithm+1","Self Repair","FTL","Genetic Algorithm","Conserve Battery","Compile Driver","Barrage","Echo Form","Core Surge+1","Chaos+1","Reprogram+1","Coolheaded","Defragment+1","Rainbow","Electrodynamics","Defragment+1","Skim+1","PanicButton+1","Finesse","Coolheaded","Genetic Algorithm","Seek+1","Loop+1"],"special_seed":0,"relics":["Cracked Core","Anchor","The Courier","Runic Capacitor","Astrolabe","Nloth\u0027s Gift","Matryoshka","Regal Pillow","Bag of Marbles","Juzu Bracelet","Sozu","Incense Burner","War Paint","Sundial","Happy Flower"],"potions_floor_usage":[],"damage_taken":[{"damage":0.0,"enemies":"Jaw Worm","floor":1.0,"turns":2.0},{"damage":1.0,"enemies":"2 Louse","floor":4.0,"turns":3.0},{"damage":21.0,"enemies":"3 Sentries","floor":7.0,"turns":7.0},{"damage":0.0,"enemies":"Small Slimes","floor":10.0,"turns":2.0},{"damage":8.0,"enemies":"Blue Slaver","floor":11.0,"turns":4.0},{"damage":0.0,"enemies":"2 Fungi Beasts","floor":12.0,"turns":4.0},{"damage":8.0,"enemies":"Gremlin Gang","floor":14.0,"turns":5.0},{"damage":16.0,"enemies":"Slime Boss","floor":16.0,"turns":9.0},{"damage":22.0,"enemies":"Shell Parasite","floor":18.0,"turns":7.0},{"damage":19.0,"enemies":"3 Byrds","floor":22.0,"turns":7.0},{"damage":10.0,"enemies":"Shelled Parasite and Fungi","floor":23.0,"turns":8.0},{"damage":30.0,"enemies":"Slavers","floor":25.0,"turns":9.0},{"damage":21.0,"enemies":"Gremlin Leader","floor":27.0,"turns":6.0},{"damage":7.0,"enemies":"Centurion and Healer","floor":28.0,"turns":6.0},{"damage":11.0,"enemies":"Snake Plant","floor":30.0,"turns":7.0},{"damage":42.0,"enemies":"Champ","floor":33.0,"turns":10.0},{"damage":0.0,"enemies":"3 Shapes","floor":35.0,"turns":3.0},{"damage":1.0,"enemies":"Orb Walker","floor":36.0,"turns":4.0},{"damage":41.0,"enemies":"Reptomancer","floor":40.0,"turns":8.0},{"damage":0.0,"enemies":"Spire Growth","floor":41.0,"turns":7.0},{"damage":0.0,"enemies":"Maw","floor":44.0,"turns":8.0},{"damage":4.0,"enemies":"4 Shapes","floor":48.0,"turns":9.0},{"damage":42.0,"enemies":"Donu and Deca","floor":50.0,"turns":8.0},{"damage":0.0,"enemies":"Shield and Spear","floor":54.0,"turns":7.0},{"damage":74,"enemies":"The Heart","floor":55,"turns":5}],"seed_played":"-7252139630099355383","potions_obtained":[{"floor":1.0,"key":"Swift Potion"},{"floor":4.0,"key":"LiquidBronze"},{"floor":12.0,"key":"SpeedPotion"},{"floor":18.0,"key":"Regen Potion"},{"floor":22.0,"key":"SkillPotion"},{"floor":27.0,"key":"SteroidPotion"},{"floor":30.0,"key":"SkillPotion"}],"is_trial":false,"path_per_floor":["M","?","?","M","?","R","E","R","T","M","M","M","$","M","R","B",null,"M","?","?","?","M","M","R","E","T","E","M","R","M","?","R","B",null,"M","M","?","?","$","E","M","?","T","M","R","$","?","M","R","B",null,"R","$","E","B"],"character_chosen":"DEFECT","items_purchased":["Compile Driver","AttackPotion","Runic Capacitor","Poison Potion","Coolheaded","Genetic Algorithm","Incense Burner","Seek"],"campfire_rested":4,"item_purchase_floors":[13,13,13,13,39,39,39,46],"current_hp_per_floor":[64,64,43,42,31,52,38,38,38,45,44,51,51,43,64,55,67,59,59,59,59,54,58,58,57,57,43,43,43,39,39,71,36,62,62,68,68,58,58,24,31,21,21,28,64,64,64,71,71,43,64,64,64,71,0],"gold":88,"neow_bonus":"RANDOM_COMMON_RELIC","is_prod":false,"is_daily":false,"chose_seed":false,"campfire_upgraded":4,"win_rate":0,"timestamp":1552110926,"path_taken":["M","?","?","M","?","R","E","R","T","M","M","M","?","M","R","BOSS","M","?","?","?","M","M","R","E","T","E","M","R","M","?","R","BOSS","M","M","?","?","$","E","M","?","T","M","R","$","?","M","R","BOSS","R","$","E","BOSS"],"build_version":"2019-02-06","purchased_purges":0,"victory":false,"max_hp_per_floor":[71,71,71,71,71,71,71,71,71,71,71,71,71,71,71,71,71,71,71,71,71,71,71,71,71,71,71,71,71,71,71,71,71,71,71,71,71,71,71,71,71,71,71,71,71,71,71,71,71,71,71,71,71,71,71],"card_choices":[{"not_picked":["Rebound","Stack"],"picked":"Genetic Algorithm","floor":1.0},{"not_picked":["Static Discharge","Fusion"],"picked":"Self Repair","floor":4.0},{"not_picked":["Stack","Compile Driver"],"picked":"FTL","floor":7.0},{"not_picked":["Melter","Aggregate"],"picked":"Genetic Algorithm","floor":10.0},{"not_picked":["Aggregate","Static Discharge"],"picked":"Conserve Battery","floor":11.0},{"not_picked":["Capacitor","Redo","Reprogram"],"picked":"SKIP","floor":12.0},{"not_picked":["Storm","Compile Driver"],"picked":"Barrage","floor":14.0},{"not_picked":["Seek","Meteor Strike"],"picked":"Echo Form","floor":16.0},{"not_picked":["Redo","Go for the Eyes","Leap"],"picked":"SKIP","floor":18.0},{"not_picked":["Fission","Cold Snap"],"picked":"Coolheaded","floor":22.0},{"not_picked":["Leap","Melter"],"picked":"Defragment","floor":23.0},{"not_picked":["Amplify","Streamline"],"picked":"Rainbow","floor":25.0},{"not_picked":["Aggregate","Barrage"],"picked":"Electrodynamics","floor":27.0},{"not_picked":["Steam","Ball Lightning"],"picked":"Defragment","floor":28.0},{"not_picked":["Beam Cell","Steam"],"picked":"Skim+1","floor":30.0},{"not_picked":["Ball Lightning","Steam","Heatsinks"],"picked":"SKIP","floor":35.0},{"not_picked":["Consume","Beam Cell","Redo"],"picked":"SKIP","floor":36.0},{"not_picked":["Panacea","Deep Breath"],"picked":"PanicButton","floor":38.0},{"not_picked":["Chrysalis","Blind"],"picked":"Finesse","floor":38.0},{"not_picked":["Ball Lightning","Streamline","Steam+1"],"picked":"SKIP","floor":40.0},{"not_picked":["Rip and Tear","Sweeping Beam","Stack+1"],"picked":"SKIP","floor":41.0},{"not_picked":["Cold Snap+1","Genetic Algorithm","Stack"],"picked":"SKIP","floor":44.0},{"not_picked":["Cold Snap","Streamline+1","Sweeping Beam"],"picked":"SKIP","floor":48.0},{"not_picked":["Leap","Thunder Strike"],"picked":"Loop+1","floor":54.0}],"player_experience":2131735,"relics_obtained":[{"floor":7.0,"key":"Nunchaku"},{"floor":9.0,"key":"The Courier"},{"floor":25.0,"key":"Matryoshka"},{"floor":26.0,"key":"Regal Pillow"},{"floor":26.0,"key":"Bag of Marbles"},{"floor":27.0,"key":"Juzu Bracelet"},{"floor":40.0,"key":"War Paint"},{"floor":43.0,"key":"Sundial"},{"floor":54.0,"key":"Happy Flower"}],"event_choices":[{"damage_healed":0.0,"max_hp_gain":0.0,"max_hp_loss":0.0,"gold_gain":0.0,"event_name":"Liars Game","player_choice":"Ignored","floor":2.0,"gold_loss":0.0,"damage_taken":0.0},{"damage_healed":0.0,"max_hp_gain":0.0,"max_hp_loss":0.0,"gold_gain":0.0,"event_name":"Shining Light","player_choice":"Entered Light","floor":3.0,"gold_loss":0.0,"damage_taken":21.0,"cards_upgraded":["Dualcast","Defend_B"]},{"damage_healed":0.0,"max_hp_gain":0.0,"max_hp_loss":0.0,"gold_gain":75.0,"event_name":"World of Goop","player_choice":"Gather Gold","floor":5.0,"gold_loss":0.0,"damage_taken":11.0},{"damage_healed":0.0,"max_hp_gain":0.0,"max_hp_loss":0.0,"gold_gain":0.0,"event_name":"Cursed Tome","player_choice":"Ignored","floor":19.0,"gold_loss":0.0,"damage_taken":0.0},{"damage_healed":0.0,"max_hp_gain":0.0,"max_hp_loss":0.0,"gold_gain":50.0,"event_name":"Nest","player_choice":"Stole From Cult","floor":20.0,"gold_loss":0.0,"damage_taken":0.0},{"damage_healed":0.0,"max_hp_gain":0.0,"max_hp_loss":0.0,"gold_gain":0.0,"event_name":"N\u0027loth","player_choice":"Traded Relic","floor":21.0,"relics_lost":["Nunchaku"],"gold_loss":0.0,"damage_taken":0.0,"relics_obtained":["Nloth\u0027s Gift"]},{"cards_removed":["Strike_B"],"damage_healed":0.0,"max_hp_gain":0.0,"max_hp_loss":0.0,"gold_gain":0.0,"event_name":"Beggar","player_choice":"Gave Gold","floor":31.0,"gold_loss":75.0,"damage_taken":0.0},{"damage_healed":0.0,"max_hp_gain":0.0,"max_hp_loss":0.0,"gold_gain":0.0,"event_name":"Tomb of Lord Red Mask","player_choice":"Ignored","floor":37.0,"gold_loss":0.0,"damage_taken":0.0},{"damage_healed":0.0,"max_hp_gain":0.0,"max_hp_loss":0.0,"gold_gain":0.0,"event_name":"SensoryStone","player_choice":"Memory 3","floor":38.0,"gold_loss":0.0,"damage_taken":10.0},{"damage_healed":0.0,"max_hp_gain":0.0,"max_hp_loss":0.0,"gold_gain":0.0,"event_name":"Wheel of Change","player_choice":"Damaged","floor":42.0,"gold_loss":0.0,"damage_taken":10.0},{"damage_healed":0.0,"max_hp_gain":0.0,"max_hp_loss":0.0,"gold_gain":0.0,"event_name":"Mysterious Sphere","player_choice":"Ignored","floor":47.0,"gold_loss":0.0,"damage_taken":0.0}],"is_beta":true,"boss_relics":[{"not_picked":["Inserter","Lizard Tail"],"picked":"Astrolabe"},{"not_picked":["Orrery","Runic Pyramid"],"picked":"Sozu"}],"items_purged_floors":[],"is_endless":false,"potions_floor_spawned":[1,4,12,14,18,22,27,30,35,40,48,54],"killed_by":"The Heart","ascension_level":15}