{"gold_per_floor":[212,222,236,236,236,236,263,263,288,313,333,343,343,343],"floor_reached":14,"playtime":587,"items_purged":[],"score":130,"play_id":"875dad28-9202-4cce-b7aa-3487c011a2cb","local_time":"20190306074053","is_ascension_mode":true,"campfire_choices":[{"data":"Doppelganger","floor":6,"key":"SMITH"},{"data":"Crippling Poison","floor":8,"key":"SMITH"}],"neow_cost":"NONE","seed_source_timestamp":332987798089854,"circlet_count":0,"master_deck":["Defend_G","Defend_G","Defend_G","Defend_G","Defend_G","Strike_G","Strike_G","Strike_G","Strike_G","Strike_G","Survivor","Neutralize","Crippling Poison+1","Backflip","Blade Dance","Doppelganger+1","Prepared","Footwork","Dagger Throw","Venomology"],"relics":["Ring of the Snake","Centennial Puzzle","Question Card","Snake Skull","Blue Candle"],"potions_floor_usage":[10,10,14],"damage_taken":[{"damage":0,"enemies":"Cultist","floor":1,"turns":4},{"damage":0,"enemies":"Small Slimes","floor":2,"turns":3},{"damage":1,"enemies":"Jaw Worm","floor":3,"turns":4},{"damage":28,"enemies":"Gremlin Nob","floor":7,"turns":5},{"damage":11,"enemies":"Lagavulin","floor":10,"turns":6},{"damage":9,"enemies":"Blue Slaver","floor":11,"turns":3},{"damage":4,"enemies":"Looter","floor":12,"turns":4},{"damage":9,"enemies":"3 Sentries","floor":14,"turns":2}],"seed_played":"1959509491059410051","potions_obtained":[{"floor":1,"key":"SkillPotion"},{"floor":7,"key":"FearPotion"},{"floor":12,"key":"LiquidBronze"}],"is_trial":false,"path_per_floor":["M","M","M","?","?","R","E","R","T","E","M","M","?","E"],"character_chosen":"THE_SILENT","items_purchased":[],"campfire_rested":0,"item_purchase_floors":[],"current_hp_per_floor":[63,63,62,59,59,59,31,31,31,20,11,7,7,0],"gold":343,"neow_bonus":"HUNDRED_GOLD","is_prod":false,"is_daily":false,"chose_seed":false,"campfire_upgraded":2,"win_rate":0,"timestamp":1551854453,"path_taken":["M","?","M","?","?","R","E","R","T","E","?","M","?","E"],"build_version":"2019-01-23","purchased_purges":0,"victory":false,"max_hp_per_floor":[70,70,70,70,70,70,70,70,70,70,70,70,70,70],"card_choices":[{"not_picked":["Escape Plan","Deadly Poison"],"picked":"Crippling Poison","floor":1},{"not_picked":["Flechettes","Leg Sweep"],"picked":"Backflip","floor":2},{"not_picked":["Predator","Endless Agony","Deflect"],"picked":"SKIP","floor":3},{"not_picked":["Dodge and Roll","Setup"],"picked":"Prepared","floor":7},{"not_picked":["Deflect","Acrobatics","Quick Slash"],"picked":"Footwork","floor":10},{"not_picked":["Finisher","Backstab","Endless Agony"],"picked":"Dagger Throw","floor":11},{"not_picked":["Dagger Throw","Predator","Deadly Poison"],"picked":"Venomology","floor":12}],"player_experience":226113,"relics_obtained":[{"floor":7,"key":"Question Card"},{"floor":9,"key":"Snake Skull"},{"floor":10,"key":"Blue Candle"}],"event_choices":[{"damage_healed":0,"gold_gain":0,"player_choice":"Success","damage_taken":3,"relics_obtained":["Centennial Puzzle"],"max_hp_gain":0,"max_hp_loss":0,"event_name":"Scrap Ooze","floor":4,"gold_loss":0},{"damage_healed":0,"gold_gain":0,"player_choice":"2 cards matched","damage_taken":0,"max_hp_gain":0,"max_hp_loss":0,"event_name":"Match and Keep!","floor":5,"gold_loss":0,"cards_obtained":["Blade Dance","Doppelganger"]},{"damage_healed":0,"gold_gain":0,"player_choice":"Ignored","damage_taken":0,"max_hp_gain":0,"max_hp_loss":0,"event_name":"Golden Idol","floor":13,"gold_loss":0}],"is_beta":false,"boss_relics":[],"items_purged_floors":[],"is_endless":false,"potions_floor_spawned":[1,7,12],"killed_by":"3 Sentries","ascension_level":6}