{"gold_per_floor":[99,99,99,19,19,19,19,19,19,19,19,19,19,19,19,19],"floor_reached":16,"playtime":528,"items_purged":[],"score":210,"play_id":"5a4f4614-7eaa-4b00-8a64-e76df489bab3","local_time":"20190312141820","is_ascension_mode":true,"campfire_choices":[{"floor":10,"key":"REST"},{"floor":15,"key":"REST"}],"neow_cost":"NONE","seed_source_timestamp":1988320434903776,"circlet_count":0,"master_deck":["AscendersBane","Defend_G","Defend_G","Defend_G","Defend_G","Defend_G","Strike_G","Strike_G","Strike_G","Strike_G","Strike_G","Survivor","Neutralize","Dash","Footwork","Venomology","Malaise","Deadly Poison","Dagger Throw","Dagger Spray"],"special_seed":0,"relics":["Ectoplasm","Bottled Flame","Happy Flower","Bronze Scales","Bag of Marbles"],"potions_floor_usage":[8,8,13,13,14,14,16,16],"damage_taken":[{"damage":2.0,"enemies":"Jaw Worm","floor":1.0,"turns":4.0},{"damage":0.0,"enemies":"2 Louse","floor":3.0,"turns":2.0},{"damage":38.0,"enemies":"Gremlin Nob","floor":6.0,"turns":7.0},{"damage":0.0,"enemies":"Small Slimes","floor":7.0,"turns":4.0},{"damage":7,"enemies":"3 Sentries","floor":8,"turns":10},{"damage":0,"enemies":"Blue Slaver","floor":11,"turns":4},{"damage":6,"enemies":"Exordium Wildlife","floor":13,"turns":4},{"damage":32,"enemies":"Gremlin Nob","floor":14,"turns":5},{"damage":40,"enemies":"Slime Boss","floor":16,"turns":9}],"seed_played":"8366741426708992363","potions_obtained":[{"floor":1.0,"key":"Weak Potion"},{"floor":6.0,"key":"SmokeBomb"},{"floor":7.0,"key":"Fire Potion"},{"floor":14,"key":"EssenceOfSteel"}],"is_trial":false,"path_per_floor":["M","?","M","$","?","E","M","E","T","R","M","?","M","E","R","B"],"character_chosen":"THE_SILENT","items_purchased":["Footwork"],"campfire_rested":2,"item_purchase_floors":[4],"current_hp_per_floor":[57,57,57,57,57,19,19,12,12,31,31,36,30,12,33,0],"gold":19,"neow_bonus":"BOSS_RELIC","is_prod":false,"is_daily":false,"chose_seed":false,"campfire_upgraded":0,"win_rate":0,"timestamp":1552414700,"path_taken":["M","?","M","$","?","E","M","E","T","R","M","?","M","E","R","BOSS"],"build_version":"2019-02-06","purchased_purges":0,"victory":false,"max_hp_per_floor":[66,66,66,66,66,66,66,66,66,66,66,71,71,71,71,71],"card_choices":[{"not_picked":["Blade Dance","Cloak And Dagger"],"picked":"Dash","floor":1.0},{"not_picked":["Flying Knee","Reflex","Deflect"],"picked":"SKIP","floor":3.0},{"not_picked":["Escape Plan","Outmaneuver"],"picked":"Venomology","floor":6.0},{"not_picked":["Bane","Sucker Punch","Backstab"],"picked":"SKIP","floor":7.0},{"not_picked":["Endless Agony","Deflect"],"picked":"Malaise","floor":8},{"not_picked":["Riddle With Holes","Outmaneuver"],"picked":"Deadly Poison","floor":11},{"not_picked":["Acrobatics","Masterful Stab"],"picked":"Dagger Throw","floor":13},{"not_picked":["Escape Plan","Infinite Blades"],"picked":"Dagger Spray","floor":14}],"player_experience":2155615,"relics_obtained":[{"floor":6.0,"key":"Bottled Flame"},{"floor":8,"key":"Happy Flower"},{"floor":9,"key":"Bronze Scales"},{"floor":14,"key":"Bag of Marbles"}],"event_choices":[{"damage_healed":0.0,"max_hp_gain":0.0,"max_hp_loss":0.0,"gold_gain":0.0,"event_name":"Golden Idol","player_choice":"Ignored","floor":2.0,"gold_loss":0.0,"damage_taken":0.0},{"damage_healed":0.0,"max_hp_gain":0.0,"max_hp_loss":0.0,"gold_gain":0.0,"event_name":"The Cleric","player_choice":"Leave","floor":5.0,"gold_loss":0.0,"damage_taken":0.0},{"damage_healed":0,"gold_gain":0,"player_choice":"Donut","damage_taken":0,"max_hp_gain":5,"max_hp_loss":0,"event_name":"Big Fish","floor":12,"gold_loss":0}],"is_beta":true,"boss_relics":[],"items_purged_floors":[],"is_endless":false,"potions_floor_spawned":[1,6,7,14],"killed_by":"Slime Boss","ascension_level":15}