{"gold_per_floor":[213,213,213,225,245,258,258,278,302,302,321,356,356,388,388,466,466,477,491,505,430,446,446,462,462,488,488,403,403,432,432,432,510,510,520,126,1125,1125,1125,1125,1125,856,856,856,883,883,915,945,957,969,981,993,51,78,78],"floor_reached":56,"playtime":2783,"items_purged":["Strike_G","Strike_G","Normality","Normality"],"score":2064,"play_id":"41e0dcd8-e600-451c-8aa0-4de5a11232cb","local_time":"20190127235116","is_ascension_mode":true,"campfire_choices":[{"floor":7,"key":"REST"},{"data":"Bouncing Flask","floor":10,"key":"SMITH"},{"data":"After Image","floor":13,"key":"SMITH"},{"data":"A Thousand Cuts","floor":15,"key":"SMITH"},{"data":"Footwork","floor":23,"key":"SMITH"},{"data":"Night Terror","floor":27,"key":"SMITH"},{"data":"Corpse Explosion","floor":29,"key":"SMITH"},{"data":"Neutralize","floor":32,"key":"SMITH"},{"floor":40,"key":"RECALL"},{"data":"Well Laid Plans","floor":44,"key":"SMITH"},{"data":"Catalyst","floor":49,"key":"SMITH"},{"data":"Ghostly","floor":52,"key":"SMITH"}],"neow_cost":"NONE","seed_source_timestamp":0,"circlet_count":0,"master_deck":["AscendersBane","Defend_G","Defend_G","Defend_G","Defend_G","Defend_G","Strike_G","Strike_G","Strike_G","Survivor","Neutralize+1","Flying Knee","PiercingWail","Bouncing Flask+1","A Thousand Cuts+1","Footwork+1","After Image+1","Backflip","Corpse Explosion+1","Dash","PiercingWail+1","PiercingWail","Night Terror+1","Dodge and Roll","Ghostly+1","Ghostly","Ghostly","Catalyst+1","Well Laid Plans+1","Crippling Poison+1","Backflip+1","Footwork"],"special_seed":0,"relics":["Ring of the Snake","Orichalcum","Centennial Puzzle","Bag of Marbles","Pocketwatch","Sozu","Happy Flower","Meat on the Bone","Paper Crane","Coffee Dripper","Bag of Preparation","Bottled Lightning","Bronze Scales","Vajra","MawBank","Gambling Chip","Lee\u0027s Waffle","Gremlin Horn","Dodecahedron"],"potions_floor_usage":[14,41,55],"damage_taken":[{"damage":0.0,"enemies":"Jaw Worm","floor":1.0,"turns":6.0},{"damage":0,"enemies":"Small Slimes","floor":4,"turns":4},{"damage":0,"enemies":"2 Louse","floor":5,"turns":2},{"damage":0,"enemies":"Blue Slaver","floor":6,"turns":3},{"damage":1,"enemies":"3 Louse","floor":8,"turns":3},{"damage":1,"enemies":"Exordium Wildlife","floor":11,"turns":3},{"damage":13,"enemies":"Lagavulin","floor":12,"turns":8},{"damage":8,"enemies":"Gremlin Nob","floor":14,"turns":4},{"damage":1,"enemies":"Hexaghost","floor":16,"turns":8},{"damage":1,"enemies":"Spheric Guardian","floor":18,"turns":4},{"damage":0,"enemies":"3 Byrds","floor":19,"turns":3},{"damage":0,"enemies":"3 Cultists","floor":20,"turns":2},{"damage":0,"enemies":"Snake Plant","floor":22,"turns":4},{"damage":6,"enemies":"Centurion and Healer","floor":24,"turns":5},{"damage":26,"enemies":"Book of Stabbing","floor":30,"turns":7},{"damage":0,"enemies":"Automaton","floor":33,"turns":10},{"damage":0,"enemies":"Orb Walker","floor":35,"turns":5},{"damage":0,"enemies":"3 Darklings","floor":41,"turns":2},{"damage":16,"enemies":"Nemesis","floor":45,"turns":9},{"damage":6,"enemies":"Giant Head","floor":47,"turns":12},{"damage":0,"enemies":"Jaw Worm Horde","floor":48,"turns":3},{"damage":1,"enemies":"Donu and Deca","floor":50,"turns":8},{"damage":0,"enemies":"Shield and Spear","floor":54,"turns":6},{"damage":14,"enemies":"The Heart","floor":55,"turns":12}],"seed_played":"8709875194792986524","potions_obtained":[{"floor":1,"key":"SmokeBomb"},{"floor":8,"key":"Energy Potion"},{"floor":14,"key":"SteroidPotion"}],"is_trial":false,"path_per_floor":["M","?","?","M","M","M","R","M","T","R","M","E","R","E","R","B",null,"M","M","M","$","M","R","M","?","T","R","?","R","E","?","R","B",null,"M","$","?","?","T","R","M","$","T","R","E","?","E","M","R","B",null,"R","$","E","B",null],"character_chosen":"THE_SILENT","items_purchased":["Catalyst","Well Laid Plans","Bag of Preparation","Bronze Scales","Gambling Chip","Lee\u0027s Waffle","Footwork","Gremlin Horn"],"campfire_rested":1,"item_purchase_floors":[36,36,36,42,53,53,53,53],"current_hp_per_floor":[59,64,29,29,29,29,50,49,49,49,48,35,35,27,27,26,60,59,59,59,59,59,59,53,53,53,53,53,53,39,35,35,35,35,35,35,35,35,35,35,35,35,35,35,19,19,25,25,25,24,32,32,42,42,28],"gold":78,"neow_bonus":"HUNDRED_GOLD","is_prod":false,"is_daily":false,"chose_seed":false,"campfire_upgraded":10,"win_rate":0,"timestamp":1548651076,"path_taken":["M","?","?","M","M","M","R","M","T","R","M","E","R","E","R","BOSS","M","M","M","$","M","R","M","?","T","R","?","R","E","?","R","BOSS","M","$","?","?","?","R","M","$","T","R","E","?","E","?","R","BOSS","R","$","E","BOSS"],"build_version":"2019-01-23","purchased_purges":4,"victory":true,"max_hp_per_floor":[66,71,71,71,71,71,71,71,71,71,71,71,71,71,71,71,71,71,71,71,71,71,71,71,71,71,71,71,71,71,35,35,35,35,35,35,35,35,35,35,35,35,35,35,35,35,35,35,35,35,35,35,42,42,42],"card_choices":[{"not_picked":["Catalyst","Outmaneuver"],"picked":"Flying Knee","floor":1},{"not_picked":["Blade Dance","Cloak And Dagger"],"picked":"Backstab","floor":4},{"not_picked":["Bane","Calculated Gamble"],"picked":"PiercingWail","floor":5},{"not_picked":["Deflect","Flechettes"],"picked":"Bouncing Flask","floor":6},{"not_picked":["Backstab","Slice"],"picked":"A Thousand Cuts","floor":8},{"not_picked":["Deadly Poison","Prepared"],"picked":"Footwork","floor":11},{"not_picked":["Sucker Punch","Cloak And Dagger"],"picked":"After Image","floor":12},{"not_picked":["Bane","Acrobatics"],"picked":"Backflip","floor":14},{"not_picked":["Burst","Grand Finale"],"picked":"Corpse Explosion","floor":16},{"not_picked":["Dagger Spray","Blade Dance","Accuracy"],"picked":"SKIP","floor":18},{"not_picked":["Dagger Throw","Underhanded Strike"],"picked":"Dash","floor":19},{"not_picked":["Bane+1","Tactician+1"],"picked":"PiercingWail+1","floor":20},{"not_picked":["Outmaneuver","Dagger Throw"],"picked":"PiercingWail","floor":22},{"not_picked":["Deadly Poison","Tactician"],"picked":"Night Terror","floor":24},{"not_picked":["Dagger Throw","Prepared"],"picked":"Dodge and Roll","floor":30},{"not_picked":["Calculated Gamble","Dodge and Roll+1","Choke"],"picked":"SKIP","floor":35},{"not_picked":["Distraction+1","Doppelganger","Phantasmal Killer"],"picked":"SKIP","floor":45},{"not_picked":["Slice","Blur"],"picked":"Crippling Poison+1","floor":47},{"not_picked":["Poisoned Stab","Dagger Spray"],"picked":"Backflip+1","floor":48},{"not_picked":["Backflip+1","Outmaneuver","Envenom"],"picked":"SKIP","floor":54}],"player_experience":1897053,"relics_obtained":[{"floor":9,"key":"Centennial Puzzle"},{"floor":12,"key":"Bag of Marbles"},{"floor":14,"key":"Pocketwatch"},{"floor":26,"key":"Happy Flower"},{"floor":30,"key":"Paper Crane"},{"floor":39,"key":"Bottled Lightning"},{"floor":45,"key":"Vajra"},{"floor":47,"key":"MawBank"},{"floor":54,"key":"Dodecahedron"}],"event_choices":[{"damage_healed":0,"gold_gain":0,"player_choice":"Donut","damage_taken":0,"max_hp_gain":5,"max_hp_loss":0,"event_name":"Big Fish","floor":2,"gold_loss":0},{"damage_healed":0,"gold_gain":0,"player_choice":"Success","damage_taken":35,"relics_obtained":["Orichalcum"],"max_hp_gain":0,"max_hp_loss":0,"event_name":"Scrap Ooze","floor":3,"gold_loss":0},{"damage_healed":0,"gold_gain":0,"player_choice":"Ignored","damage_taken":0,"max_hp_gain":0,"max_hp_loss":0,"event_name":"Vampires","floor":25,"gold_loss":0},{"damage_healed":0,"gold_gain":0,"player_choice":"Obtained Relic","damage_taken":0,"relics_obtained":["Meat on the Bone"],"max_hp_gain":0,"max_hp_loss":0,"event_name":"Addict","floor":28,"gold_loss":85},{"damage_healed":0,"gold_gain":0,"player_choice":"Became a Ghost","damage_taken":0,"max_hp_gain":0,"max_hp_loss":36,"event_name":"Ghosts","floor":31,"gold_loss":0,"cards_obtained":["Ghostly","Ghostly","Ghostly"]},{"damage_healed":0,"gold_gain":999,"player_choice":"Gold","damage_taken":0,"max_hp_gain":0,"max_hp_loss":0,"event_name":"MindBloom","floor":37,"gold_loss":0,"cards_obtained":["Normality","Normality"]},{"damage_healed":0,"gold_gain":0,"player_choice":"Ignored","damage_taken":0,"max_hp_gain":0,"max_hp_loss":0,"event_name":"Mysterious Sphere","floor":38,"gold_loss":0},{"cards_removed":["Backstab"],"damage_healed":0,"gold_gain":0,"player_choice":"Removed Attack","damage_taken":0,"max_hp_gain":0,"max_hp_loss":0,"event_name":"Falling","floor":46,"gold_loss":0}],"is_beta":true,"boss_relics":[{"not_picked":["Calling Bell","White Beast Statue"],"picked":"Sozu"},{"not_picked":["HoveringKite","Velvet Choker"],"picked":"Coffee Dripper"}],"items_purged_floors":[21,36,42,53],"is_endless":false,"potions_floor_spawned":[1,8,14,18,20,33,41,45,48],"ascension_level":15}