{"gold_per_floor":[119,139,150,150,28,63,63,90,90,15,15,15,15,26,26,100,100,100,100,100,32,0,0,0,0,0,0,0,0,0,0,0,0,0,0,0,0,0,0,0,0,0,0,0,0,0,0,0,0,0,0,0,0,0,0],"floor_reached":55,"playtime":2771,"items_purged":[],"score":1336,"play_id":"5a10fafe-8eb4-4c63-a8fa-b61a4d8b9dd8","local_time":"20190201212718","is_ascension_mode":true,"campfire_choices":[{"floor":7.0,"key":"REST"},{"data":"After Image","floor":11.0,"key":"SMITH"},{"data":"Neutralize","floor":13.0,"key":"SMITH"},{"data":"Dagger Spray","floor":15.0,"key":"SMITH"},{"data":"A Thousand Cuts","floor":23.0,"key":"SMITH"},{"floor":29.0,"key":"REST"},{"floor":32.0,"key":"REST"},{"floor":47.0,"key":"RECALL"},{"data":"Caltrops","floor":49.0,"key":"SMITH"},{"floor":52.0,"key":"REST"}],"neow_cost":"TEN_PERCENT_HP_LOSS","seed_source_timestamp":0,"circlet_count":0,"master_deck":["AscendersBane","Defend_G","Defend_G+1","Defend_G","Defend_G","Defend_G","Strike_G","Strike_G","Strike_G","Strike_G+1","Survivor","Neutralize+1","After Image+1","Dagger Spray+1","Dash","Well Laid Plans","Cloak And Dagger","Backflip","Backstab","A Thousand Cuts+1","Blur","Sucker Punch+1","Caltrops+1","Catalyst","Crippling Poison","Necronomicurse","Quick Slash","Burst","Leg Sweep","Acrobatics+1","Backflip+1","Writhe","Blade Dance","A Thousand Cuts","Skewer","Well Laid Plans+1","Cloak And Dagger"],"special_seed":0,"relics":["Ring of the Snake","Peace Pipe","Matryoshka","Vajra","Bird Faced Urn","Ectoplasm","Art of War","Ornamental Fan","Kunai","Necronomicon","Regal Pillow","Cursed Key","Centennial Puzzle","Letter Opener","Pen Nib","Shuriken"],"potions_floor_usage":[55,55],"damage_taken":[{"damage":0.0,"enemies":"Cultist","floor":1.0,"turns":5.0},{"damage":0.0,"enemies":"2 Louse","floor":2.0,"turns":3.0},{"damage":2.0,"enemies":"Jaw Worm","floor":3.0,"turns":7.0},{"damage":16.0,"enemies":"Lagavulin","floor":6.0,"turns":10.0},{"damage":20.0,"enemies":"Gremlin Nob","floor":8.0,"turns":5.0},{"damage":0.0,"enemies":"Blue Slaver","floor":14.0,"turns":4.0},{"damage":9.0,"enemies":"Hexaghost","floor":16.0,"turns":16.0},{"damage":0.0,"enemies":"Chosen","floor":18.0,"turns":6.0},{"damage":0.0,"enemies":"Spheric Guardian","floor":20.0,"turns":5.0},{"damage":4.0,"enemies":"Centurion and Healer","floor":24.0,"turns":7.0},{"damage":23.0,"enemies":"Slavers","floor":25.0,"turns":5.0},{"damage":2.0,"enemies":"Snake Plant","floor":27.0,"turns":7.0},{"damage":24.0,"enemies":"Book of Stabbing","floor":31.0,"turns":6.0},{"damage":31.0,"enemies":"Collector","floor":33.0,"turns":15.0},{"damage":4.0,"enemies":"Orb Walker","floor":35.0,"turns":5.0},{"damage":8.0,"enemies":"2 Orb Walkers","floor":37.0,"turns":4.0},{"damage":6.0,"enemies":"Nemesis","floor":40.0,"turns":9.0},{"damage":0.0,"enemies":"3 Shapes","floor":41.0,"turns":5.0},{"damage":8.0,"enemies":"3 Darklings","floor":44.0,"turns":4.0},{"damage":7.0,"enemies":"Reptomancer","floor":45.0,"turns":10.0},{"damage":0.0,"enemies":"Maw","floor":46.0,"turns":9.0},{"damage":10.0,"enemies":"Giant Head","floor":48.0,"turns":10.0},{"damage":60.0,"enemies":"Time Eater","floor":50.0,"turns":15.0},{"damage":23.0,"enemies":"Shield and Spear","floor":54.0,"turns":10.0},{"damage":55,"enemies":"The Heart","floor":55,"turns":8}],"seed_played":"74140858077157363","potions_obtained":[{"floor":3.0,"key":"SneckoOil"},{"floor":14.0,"key":"Swift Potion"},{"floor":33.0,"key":"SmokeBomb"},{"floor":35.0,"key":"LiquidBronze"},{"floor":40.0,"key":"FearPotion"},{"floor":54.0,"key":"Strength Potion"}],"is_trial":false,"path_per_floor":["M","M","M","?","$","E","R","E","T","?","R","$","R","M","R","B",null,"M","?","M","$","?","R","M","E","T","M","?","R","$","E","R","B",null,"M","$","?","?","?","E","M","?","T","M","E","M","R","E","R","B",null,"R","$","E","B"],"character_chosen":"THE_SILENT","items_purchased":["Well Laid Plans","Cloak And Dagger","Caltrops"],"campfire_rested":4,"item_purchase_floors":[5,5,21],"current_hp_per_floor":[59,59,57,39,39,23,41,21,21,21,21,21,21,25,25,20,50,56,40,46,46,46,46,50,35,35,39,18,37,37,21,55,32,57,59,59,55,50,50,52,60,60,60,56,57,62,62,52,52,4,48,62,62,45,0],"gold":0,"neow_bonus":"THREE_RARE_CARDS","is_prod":false,"is_daily":false,"chose_seed":false,"campfire_upgraded":5,"win_rate":0,"timestamp":1549074438,"path_taken":["M","M","?","?","$","E","R","E","T","?","R","?","R","M","R","BOSS","M","?","M","$","?","R","M","E","T","M","?","R","?","E","R","BOSS","M","$","?","?","?","E","M","?","T","?","E","M","R","E","R","BOSS","R","$","E","BOSS"],"build_version":"2019-01-23","purchased_purges":0,"victory":false,"max_hp_per_floor":[60,60,60,60,60,60,60,60,60,60,60,60,60,60,60,60,60,60,65,65,65,65,65,65,65,65,65,65,65,65,65,65,65,65,65,65,65,65,62,62,62,62,62,62,62,62,62,62,62,62,62,62,62,62,62],"card_choices":[{"not_picked":["Doppelganger","Tools of the Trade"],"picked":"After Image","floor":0.0},{"not_picked":["Outmaneuver","Concentrate"],"picked":"Dagger Spray","floor":1.0},{"not_picked":["Blade Dance","Expertise","Acrobatics"],"picked":"SKIP","floor":2.0},{"not_picked":["Sucker Punch","Dodge and Roll"],"picked":"Dash","floor":3.0},{"not_picked":["Underhanded Strike","Reflex"],"picked":"Backflip","floor":6.0},{"not_picked":["Tactician","Eviscerate","Cloak And Dagger"],"picked":"SKIP","floor":8.0},{"not_picked":["Dodge and Roll","Slice"],"picked":"Backstab","floor":14.0},{"not_picked":["Burst","Doppelganger"],"picked":"A Thousand Cuts","floor":16.0},{"not_picked":["Tactician","Dagger Throw"],"picked":"Blur","floor":18.0},{"not_picked":["Masterful Stab","Dash"],"picked":"Sucker Punch+1","floor":20.0},{"not_picked":["Expertise+1","Dagger Spray"],"picked":"Catalyst","floor":24.0},{"not_picked":["Slice","Prepared"],"picked":"Crippling Poison","floor":25.0},{"not_picked":["Slice","Underhanded Strike","Concentrate"],"picked":"SKIP","floor":27.0},{"not_picked":["Prepared","Slice"],"picked":"Quick Slash","floor":31.0},{"not_picked":["Venomology","Doppelganger"],"picked":"Burst","floor":33.0},{"not_picked":["Crippling Poison","Eviscerate+1"],"picked":"Leg Sweep","floor":35.0},{"not_picked":["Backstab","Deflect"],"picked":"Acrobatics+1","floor":40.0},{"not_picked":["Dodge and Roll","Slice"],"picked":"Backflip+1","floor":41.0},{"not_picked":["Dagger Throw","Deadly Poison"],"picked":"Blade Dance","floor":44.0},{"not_picked":["Sucker Punch","Quick Slash"],"picked":"A Thousand Cuts","floor":45.0},{"not_picked":["Cloak And Dagger","Expertise"],"picked":"Skewer","floor":46.0},{"not_picked":["Burst","Flechettes"],"picked":"Well Laid Plans+1","floor":48.0},{"not_picked":["Poisoned Stab","Dagger Throw"],"picked":"Cloak And Dagger","floor":54.0}],"player_experience":1924669,"relics_obtained":[{"floor":6.0,"key":"Peace Pipe"},{"floor":8.0,"key":"Matryoshka"},{"floor":9.0,"key":"Vajra"},{"floor":9.0,"key":"Bird Faced Urn"},{"floor":25.0,"key":"Art of War"},{"floor":26.0,"key":"Ornamental Fan"},{"floor":26.0,"key":"Kunai"},{"floor":28.0,"key":"Necronomicon"},{"floor":31.0,"key":"Regal Pillow"},{"floor":40.0,"key":"Centennial Puzzle"},{"floor":45.0,"key":"Letter Opener"},{"floor":48.0,"key":"Pen Nib"},{"floor":54.0,"key":"Shuriken"}],"event_choices":[{"damage_healed":0.0,"max_hp_gain":0.0,"max_hp_loss":0.0,"gold_gain":0.0,"event_name":"Shining Light","player_choice":"Entered Light","floor":4.0,"gold_loss":0.0,"damage_taken":18.0,"cards_upgraded":["Strike_G","Defend_G"]},{"cards_removed":["Strike_G"],"damage_healed":0.0,"max_hp_gain":0.0,"max_hp_loss":0.0,"gold_gain":0.0,"event_name":"The Cleric","player_choice":"Card Removal","floor":10.0,"gold_loss":75.0,"damage_taken":0.0},{"damage_healed":0.0,"max_hp_gain":5.0,"max_hp_loss":0.0,"gold_gain":0.0,"event_name":"Forgotten Altar","player_choice":"Shed Blood","floor":19.0,"gold_loss":0.0,"damage_taken":21.0},{"damage_healed":0.0,"max_hp_gain":0.0,"max_hp_loss":0.0,"gold_gain":0.0,"event_name":"Masked Bandits","player_choice":"Paid Fearfully","floor":22.0,"gold_loss":32.0,"damage_taken":0.0},{"damage_healed":0.0,"max_hp_gain":0.0,"max_hp_loss":0.0,"gold_gain":0.0,"event_name":"Cursed Tome","player_choice":"Obtained Book","floor":28.0,"gold_loss":0.0,"damage_taken":21.0},{"damage_healed":0.0,"max_hp_gain":0.0,"max_hp_loss":0.0,"gold_gain":0.0,"event_name":"Mysterious Sphere","player_choice":"Fight","floor":37.0,"gold_loss":0.0,"damage_taken":0.0},{"damage_healed":0.0,"max_hp_gain":0.0,"max_hp_loss":0.0,"gold_gain":0.0,"event_name":"SensoryStone","player_choice":"Memory 2","floor":38.0,"gold_loss":0.0,"damage_taken":5.0},{"damage_healed":0.0,"max_hp_gain":0.0,"max_hp_loss":3.0,"gold_gain":0.0,"event_name":"Winding Halls","player_choice":"Max HP","floor":39.0,"gold_loss":0.0,"damage_taken":0.0},{"damage_healed":0.0,"max_hp_gain":0.0,"max_hp_loss":0.0,"gold_gain":0.0,"event_name":"FaceTrader","player_choice":"Leave","floor":42.0,"gold_loss":0.0,"damage_taken":0.0}],"is_beta":true,"boss_relics":[{"not_picked":["Black Star","White Beast Statue"],"picked":"Ectoplasm"},{"not_picked":["Coffee Dripper","Lizard Tail"],"picked":"Cursed Key"}],"items_purged_floors":[],"is_endless":false,"potions_floor_spawned":[3,14,27,33,35,40,54],"killed_by":"The Heart","ascension_level":15}