{"gold_per_floor":[112,126,126,52,66,66,27,77,77,105,105,137,137,147,147,224,224,237,250,175,195,195,195,223,233,233,233,259,190,190,190,190,265,265,282,282,282,282,295,295],"floor_reached":40,"playtime":1409,"items_purged":["Strike_G"],"score":753,"play_id":"4df01b95-6151-4b79-a3f9-337fcb510128","local_time":"20190309001414","is_ascension_mode":true,"campfire_choices":[{"floor":6.0,"key":"REST"},{"floor":11.0,"key":"RECALL"},{"floor":13.0,"key":"REST"},{"floor":15.0,"key":"REST"},{"floor":23.0,"key":"REST"},{"floor":27.0,"key":"REST"},{"floor":32.0,"key":"REST"}],"neow_cost":"NONE","seed_source_timestamp":1681193232593587,"circlet_count":0,"master_deck":["AscendersBane","Defend_G","Defend_G","Defend_G","Defend_G","Defend_G","Strike_G","Survivor","Neutralize","Dagger Spray","Crippling Poison","Noxious Fumes","PiercingWail","Choke","Wraith Form v2","Bouncing Flask","PiercingWail","Bouncing Flask","Footwork","Well Laid Plans","Blade Dance","PiercingWail","A Thousand Cuts","Dodge and Roll","Catalyst","Necronomicurse","Adrenaline","Dodge and Roll+1","PanicButton"],"special_seed":0,"relics":["Fusion Hammer","Vajra","Ornamental Fan","Orrery","Oddly Smooth Stone","Pantograph","Anchor","Necronomicon","Runic Pyramid"],"potions_floor_usage":[33,40],"damage_taken":[{"damage":0.0,"enemies":"2 Louse","floor":1.0,"turns":3.0},{"damage":0.0,"enemies":"Cultist","floor":2.0,"turns":4.0},{"damage":7.0,"enemies":"Jaw Worm","floor":5.0,"turns":5.0},{"damage":24.0,"enemies":"Gremlin Nob","floor":10.0,"turns":5.0},{"damage":6.0,"enemies":"3 Sentries","floor":12.0,"turns":8.0},{"damage":3.0,"enemies":"Lots of Slimes","floor":14.0,"turns":3.0},{"damage":14.0,"enemies":"Hexaghost","floor":16.0,"turns":11.0},{"damage":3.0,"enemies":"Spheric Guardian","floor":18.0,"turns":4.0},{"damage":11.0,"enemies":"2 Thieves","floor":19.0,"turns":4.0},{"damage":5.0,"enemies":"Snake Plant","floor":21.0,"turns":5.0},{"damage":24.0,"enemies":"Book of Stabbing","floor":24.0,"turns":6.0},{"damage":2.0,"enemies":"Sentry and Sphere","floor":25.0,"turns":5.0},{"damage":13.0,"enemies":"Slavers","floor":28.0,"turns":7.0},{"damage":17.0,"enemies":"Colosseum Slavers","floor":31.0,"turns":7.0},{"damage":35,"enemies":"Automaton","floor":33,"turns":11},{"damage":24,"enemies":"3 Shapes","floor":35,"turns":4},{"damage":1,"enemies":"3 Darklings","floor":39,"turns":6},{"damage":33,"enemies":"Reptomancer","floor":40,"turns":2}],"seed_played":"-2870554836876071881","potions_obtained":[{"floor":12.0,"key":"SteroidPotion"},{"floor":14.0,"key":"Fruit Juice"},{"floor":18.0,"key":"Explosive Potion"},{"floor":28.0,"key":"Explosive Potion"},{"floor":35,"key":"LiquidBronze"},{"floor":39,"key":"PowerPotion"}],"is_trial":false,"path_per_floor":["M","M","?","$","M","R","$","?","T","E","R","E","R","M","R","B",null,"M","M","$","M","?","R","E","M","T","R","E","$","?","?","R","B",null,"M","?","?","?","M","E"],"character_chosen":"THE_SILENT","items_purchased":["Crippling Poison","Noxious Fumes","Catalyst"],"campfire_rested":6,"item_purchase_floors":[4,7,29],"current_hp_per_floor":[59,59,59,59,52,66,66,60,60,36,36,30,49,46,65,56,67,64,53,53,48,48,69,45,43,43,64,51,51,30,13,34,24,59,35,25,25,25,24,0],"gold":295,"neow_bonus":"BOSS_RELIC","is_prod":false,"is_daily":false,"chose_seed":false,"campfire_upgraded":0,"win_rate":0,"timestamp":1552108454,"path_taken":["M","M","?","?","M","R","$","?","T","E","R","E","R","M","R","BOSS","M","M","?","?","?","R","E","M","T","R","E","$","?","?","R","BOSS","M","?","?","?","M","E"],"build_version":"2019-02-06","purchased_purges":1,"victory":false,"max_hp_per_floor":[66,66,66,66,66,66,66,66,66,66,66,66,66,66,66,71,71,71,71,71,71,71,71,71,71,71,71,71,71,71,71,71,71,71,71,71,71,67,67,67],"card_choices":[{"not_picked":["Flying Knee","Sucker Punch","Blade Dance"],"picked":"SKIP","floor":1.0},{"not_picked":["Slice","Cloak And Dagger"],"picked":"Dagger Spray","floor":2.0},{"not_picked":["Tools of the Trade","Slice","Dodge and Roll"],"picked":"SKIP","floor":5.0},{"not_picked":["Dodge and Roll","Sucker Punch","Outmaneuver"],"picked":"SKIP","floor":10.0},{"not_picked":["Blade Dance","Deadly Poison"],"picked":"PiercingWail","floor":12.0},{"not_picked":["Prepared","Setup"],"picked":"Choke","floor":14.0},{"not_picked":["Glass Knife","Night Terror"],"picked":"Wraith Form v2","floor":16.0},{"not_picked":["Blur","Concentrate"],"picked":"Bouncing Flask","floor":17.0},{"not_picked":["Slice","Dodge and Roll"],"picked":"PiercingWail","floor":17.0},{"not_picked":["Endless Agony","Distraction"],"picked":"Bouncing Flask","floor":17.0},{"not_picked":["Dagger Throw","Bane"],"picked":"Footwork","floor":18.0},{"not_picked":["Backflip","Tactician"],"picked":"Well Laid Plans","floor":19.0},{"not_picked":["Dagger Spray","Bane","Sucker Punch"],"picked":"SKIP","floor":21.0},{"not_picked":["Deflect","Skewer"],"picked":"A Thousand Cuts","floor":24.0},{"not_picked":["Heel Hook","Dagger Throw","Flying Knee"],"picked":"SKIP","floor":25.0},{"not_picked":["Prepared","Cloak And Dagger","Dodge and Roll"],"picked":"SKIP","floor":28.0},{"not_picked":["Prepared","Cloak And Dagger"],"picked":"Dodge and Roll","floor":28.0},{"not_picked":["Burst","Night Terror"],"picked":"Adrenaline","floor":33},{"not_picked":["Eviscerate","Cloak And Dagger+1"],"picked":"Dodge and Roll+1","floor":35},{"not_picked":["Jack Of All Trades","Swift Strike"],"picked":"PanicButton","floor":36},{"not_picked":["Setup","Bouncing Flask","Poisoned Stab+1"],"picked":"SKIP","floor":39}],"player_experience":2130326,"relics_obtained":[{"floor":10.0,"key":"Vajra"},{"floor":12.0,"key":"Ornamental Fan"},{"floor":24.0,"key":"Oddly Smooth Stone"},{"floor":26.0,"key":"Pantograph"},{"floor":28.0,"key":"Anchor"},{"floor":30.0,"key":"Necronomicon"}],"event_choices":[{"cards_removed":["Strike_G"],"damage_healed":0.0,"max_hp_gain":0.0,"max_hp_loss":0.0,"gold_gain":0.0,"event_name":"Bonfire Elementals","player_choice":"Offered Basic","floor":3.0,"gold_loss":0.0,"damage_taken":0.0},{"damage_healed":0.0,"max_hp_gain":0.0,"max_hp_loss":0.0,"gold_gain":50.0,"event_name":"FaceTrader","player_choice":"Touch","floor":8.0,"gold_loss":0.0,"damage_taken":6.0},{"damage_healed":0.0,"max_hp_gain":0.0,"max_hp_loss":0.0,"gold_gain":0.0,"cards_transformed":["Strike_G","Strike_G"],"event_name":"Drug Dealer","player_choice":"Became Test Subject","floor":22.0,"gold_loss":0.0,"damage_taken":0.0,"cards_obtained":["Blade Dance","PiercingWail"]},{"damage_healed":0.0,"max_hp_gain":0.0,"max_hp_loss":0.0,"gold_gain":0.0,"event_name":"Cursed Tome","player_choice":"Obtained Book","floor":30.0,"gold_loss":0.0,"damage_taken":21.0},{"damage_healed":0.0,"max_hp_gain":0.0,"max_hp_loss":0.0,"gold_gain":0.0,"event_name":"Colosseum","player_choice":"Fight","floor":31.0,"gold_loss":0.0,"damage_taken":0.0},{"damage_healed":0.0,"max_hp_gain":0.0,"max_hp_loss":0.0,"gold_gain":0.0,"event_name":"Colosseum","player_choice":"Fled From Nobs","floor":31.0,"gold_loss":0.0,"damage_taken":0.0},{"damage_healed":0,"gold_gain":0,"player_choice":"Memory 3","damage_taken":10,"max_hp_gain":0,"max_hp_loss":0,"event_name":"SensoryStone","floor":36,"gold_loss":0},{"damage_healed":0,"gold_gain":0,"player_choice":"Ignored","damage_taken":0,"max_hp_gain":0,"max_hp_loss":0,"event_name":"Tomb of Lord Red Mask","floor":37,"gold_loss":0},{"damage_healed":0,"gold_gain":0,"player_choice":"Max HP","damage_taken":0,"max_hp_gain":0,"max_hp_loss":4,"event_name":"Winding Halls","floor":38,"gold_loss":0}],"is_beta":true,"boss_relics":[{"not_picked":["Lizard Tail","Ectoplasm"],"picked":"Orrery"},{"not_picked":["Sozu","White Beast Statue"],"picked":"Runic Pyramid"}],"items_purged_floors":[20],"is_endless":false,"potions_floor_spawned":[12,14,18,28,31,35,39],"killed_by":"Reptomancer","ascension_level":15}