{"gold_per_floor":[367,42,57,232,307,307,335,335,358,373,373,387,387,401,401,401],"floor_reached":16,"playtime":640,"items_purged":[],"score":130,"play_id":"c2c0133f-3ba9-409b-884c-31e6cbc1dfa8","local_time":"20190306065125","is_ascension_mode":true,"campfire_choices":[{"floor":6,"key":"REST"},{"floor":8,"key":"REST"},{"floor":15,"key":"REST"}],"neow_cost":"PERCENT_DAMAGE","seed_source_timestamp":329966905342769,"circlet_count":0,"master_deck":["Defend_G","Defend_G","Defend_G","Defend_G","Defend_G","Strike_G","Strike_G","Strike_G","Strike_G","Strike_G","Survivor","Neutralize","Accuracy","Transmutation","Accuracy","Terror","Dodge and Roll","Dodge and Roll","Noxious Fumes"],"relics":["Ring of the Snake","Membership Card","Centennial Puzzle","Smiling Mask"],"potions_floor_usage":[7,16],"damage_taken":[{"damage":1,"enemies":"2 Louse","floor":1,"turns":4},{"damage":4,"enemies":"Cultist","floor":3,"turns":5},{"damage":51,"enemies":"Gremlin Nob","floor":7,"turns":5},{"damage":10,"enemies":"Small Slimes","floor":10,"turns":5},{"damage":4,"enemies":"Looter","floor":12,"turns":4},{"damage":4,"enemies":"Blue Slaver","floor":14,"turns":5},{"damage":27,"enemies":"Slime Boss","floor":16,"turns":5}],"seed_played":"2793010349480617667","potions_obtained":[{"floor":1,"key":"Ancient Potion"},{"floor":10,"key":"Strength Potion"},{"floor":14,"key":"Swift Potion"}],"is_trial":false,"path_per_floor":["M","$","M","?","?","R","E","R","T","M","?","M","?","M","R","B"],"character_chosen":"THE_SILENT","items_purchased":["Membership Card","Accuracy","Transmutation"],"campfire_rested":3,"item_purchase_floors":[2,2,2],"current_hp_per_floor":[44,44,40,40,33,54,3,24,24,14,14,10,10,6,27,0],"gold":401,"neow_bonus":"TWO_FIFTY_GOLD","is_prod":false,"is_daily":false,"chose_seed":false,"campfire_upgraded":0,"win_rate":0,"timestamp":1551851485,"path_taken":["M","$","M","?","?","R","E","R","T","?","?","M","?","M","R","BOSS"],"build_version":"2019-01-23","purchased_purges":0,"victory":false,"max_hp_per_floor":[70,70,70,70,70,70,70,70,70,70,70,70,70,70,70,70],"card_choices":[{"not_picked":["Masterful Stab","Outmaneuver","Dagger Spray"],"picked":"SKIP","floor":1},{"not_picked":["Calculated Gamble","Dagger Spray"],"picked":"Accuracy","floor":3},{"not_picked":["Deadly Poison","Poisoned Stab"],"picked":"Terror","floor":7},{"not_picked":["Quick Slash","Crippling Poison"],"picked":"Dodge and Roll","floor":10},{"not_picked":["Flying Knee","Dagger Throw"],"picked":"Dodge and Roll","floor":12},{"not_picked":["Underhanded Strike","Backflip"],"picked":"Noxious Fumes","floor":14}],"player_experience":223136,"relics_obtained":[{"floor":7,"key":"Centennial Puzzle"},{"floor":9,"key":"Smiling Mask"}],"event_choices":[{"damage_healed":0,"gold_gain":175,"player_choice":"AGREE","damage_taken":0,"max_hp_gain":0,"max_hp_loss":0,"event_name":"Liars Game","floor":4,"gold_loss":0,"cards_obtained":["Doubt"]},{"damage_healed":0,"gold_gain":75,"player_choice":"Touch","damage_taken":7,"max_hp_gain":0,"max_hp_loss":0,"event_name":"FaceTrader","floor":5,"gold_loss":0},{"damage_healed":0,"gold_gain":0,"player_choice":"Ignored","damage_taken":0,"max_hp_gain":0,"max_hp_loss":0,"event_name":"Shining Light","floor":11,"gold_loss":0},{"cards_removed":["Doubt"],"damage_healed":0,"gold_gain":0,"player_choice":"Removed Curses","damage_taken":0,"max_hp_gain":0,"max_hp_loss":0,"event_name":"Fountain of Cleansing","floor":13,"gold_loss":0}],"is_beta":false,"boss_relics":[],"items_purged_floors":[],"is_endless":false,"potions_floor_spawned":[1,10,14],"killed_by":"Slime Boss","ascension_level":6}