{"gold_per_floor":[119,119,131,145,160,160,192,211,211,261,288,303,314,260,260,339,339,350,362,362,362,362,362,362,362,409,428,428],"floor_reached":28,"playtime":682,"items_purged":[],"score":403,"play_id":"2be25a49-81f6-40bd-8758-20db3bc2efb6","local_time":"20190307154429","is_ascension_mode":true,"campfire_choices":[{"data":"Zap","floor":6.0,"key":"SMITH"},{"floor":15.0,"key":"REST"},{"floor":23,"key":"REST"},{"data":"Beam Cell","floor":25,"key":"SMITH"}],"neow_cost":"NONE","seed_source_timestamp":1565020908614364,"circlet_count":0,"master_deck":["AscendersBane","Strike_B+1","Strike_B+1","Strike_B+1","Defend_B+1","Defend_B+1","Defend_B+1","Defend_B+1","Zap+1","Dualcast","Ball Lightning","Ball Lightning","Sweeping Beam","Static Discharge","Steam","Leap+1","Gash","Echo Form","Capacitor","Coolheaded","Beam Cell+1","Compile Driver","Steam+1","Conserve Battery","Coolheaded","Thunder Strike"],"special_seed":0,"relics":["Cracked Core","Boot","Girya","Cables","Bronze Scales","Orrery","War Paint"],"potions_floor_usage":[],"damage_taken":[{"damage":1.0,"enemies":"Jaw Worm","floor":1.0,"turns":4.0},{"damage":0.0,"enemies":"Cultist","floor":3.0,"turns":3.0},{"damage":1.0,"enemies":"2 Louse","floor":4.0,"turns":3.0},{"damage":2.0,"enemies":"Looter","floor":5.0,"turns":3.0},{"damage":32.0,"enemies":"Gremlin Nob","floor":7.0,"turns":4.0},{"damage":8.0,"enemies":"3 Louse","floor":8.0,"turns":3.0},{"damage":5.0,"enemies":"Lagavulin","floor":11.0,"turns":6.0},{"damage":3.0,"enemies":"Blue Slaver","floor":12.0,"turns":2.0},{"damage":1.0,"enemies":"Exordium Wildlife","floor":13.0,"turns":3.0},{"damage":13.0,"enemies":"Hexaghost","floor":16.0,"turns":7.0},{"damage":5.0,"enemies":"3 Byrds","floor":18.0,"turns":2.0},{"damage":10.0,"enemies":"Shell Parasite","floor":19.0,"turns":5.0},{"damage":23,"enemies":"Colosseum Slavers","floor":22,"turns":4},{"damage":21,"enemies":"Shelled Parasite and Fungi","floor":27,"turns":6},{"damage":21,"enemies":"Centurion and Healer","floor":28,"turns":2}],"seed_played":"-4951594816735825112","potions_obtained":[{"floor":1.0,"key":"SpeedPotion"},{"floor":7.0,"key":"EntropicBrew"},{"floor":11.0,"key":"Poison Potion"},{"floor":13.0,"key":"SkillPotion"},{"floor":27,"key":"Poison Potion"}],"is_trial":false,"path_per_floor":["M","?","M","M","M","R","E","M","T","?","E","M","M","?","R","B",null,"M","M","?","?","?","R","?","R","T","M","M"],"character_chosen":"DEFECT","items_purchased":[],"campfire_rested":2,"item_purchase_floors":[],"current_hp_per_floor":[63,56,56,55,53,53,21,13,13,13,8,5,4,4,25,12,56,51,41,41,41,18,39,39,39,39,18,0],"gold":428,"neow_bonus":"RANDOM_COMMON_RELIC","is_prod":false,"is_daily":false,"chose_seed":false,"campfire_upgraded":2,"win_rate":0,"timestamp":1551991469,"path_taken":["M","?","M","M","M","R","E","M","T","?","E","M","?","?","R","BOSS","M","M","?","?","?","R","?","R","T","M","M"],"build_version":"2019-02-06","purchased_purges":0,"victory":false,"max_hp_per_floor":[71,71,71,71,71,71,71,71,71,71,71,71,71,71,71,71,71,71,71,71,71,71,71,71,71,71,71,71],"card_choices":[{"not_picked":["Recycle","Beam Cell"],"picked":"Ball Lightning","floor":1.0},{"not_picked":["Redo","Blizzard","Compile Driver"],"picked":"SKIP","floor":3.0},{"not_picked":["Go for the Eyes","Force Field"],"picked":"Ball Lightning","floor":4.0},{"not_picked":["Leap","Hologram"],"picked":"Sweeping Beam","floor":5.0},{"not_picked":["Stack","Darkness"],"picked":"Static Discharge","floor":7.0},{"not_picked":["Reprogram","Darkness"],"picked":"Steam","floor":8.0},{"not_picked":["Double Energy","Turbo","Steam"],"picked":"SKIP","floor":11.0},{"not_picked":["Barrage","Beam Cell"],"picked":"Leap","floor":12.0},{"not_picked":["Lockon","Melter"],"picked":"Gash","floor":13.0},{"not_picked":["Reboot","Multi-Cast"],"picked":"Echo Form","floor":16.0},{"not_picked":["Sweeping Beam","Turbo"],"picked":"Capacitor","floor":17.0},{"not_picked":["Tempest","Beam Cell"],"picked":"Coolheaded","floor":17.0},{"not_picked":["Compile Driver","Rebound"],"picked":"Beam Cell","floor":17.0},{"not_picked":["Streamline","Doom and Gloom"],"picked":"Compile Driver","floor":17.0},{"not_picked":["Ball Lightning","Darkness"],"picked":"Steam","floor":17.0},{"not_picked":["White Noise","Barrage"],"picked":"Conserve Battery","floor":18.0},{"not_picked":["Scrape","Sweeping Beam"],"picked":"Coolheaded","floor":19.0},{"not_picked":["Rebound+1","Streamline"],"picked":"Thunder Strike","floor":27}],"player_experience":2115990,"relics_obtained":[{"floor":7.0,"key":"Girya"},{"floor":9.0,"key":"Cables"},{"floor":11.0,"key":"Bronze Scales"},{"floor":26,"key":"War Paint"}],"event_choices":[{"cards_removed":["Strike_B"],"damage_healed":0.0,"max_hp_gain":0.0,"max_hp_loss":0.0,"gold_gain":0.0,"event_name":"Golden Wing","player_choice":"Card Removal","floor":2.0,"gold_loss":0.0,"damage_taken":7.0},{"damage_healed":0.0,"max_hp_gain":0.0,"max_hp_loss":0.0,"gold_gain":50.0,"event_name":"Golden Shrine","player_choice":"Pray","floor":10.0,"gold_loss":0.0,"damage_taken":0.0},{"damage_healed":0.0,"max_hp_gain":0.0,"max_hp_loss":0.0,"gold_gain":0.0,"event_name":"World of Goop","player_choice":"Left Gold","floor":14.0,"gold_loss":54.0,"damage_taken":0.0},{"damage_healed":0.0,"max_hp_gain":0.0,"max_hp_loss":0.0,"gold_gain":0.0,"event_name":"Back to Basics","player_choice":"Simplicity","floor":20.0,"gold_loss":0.0,"damage_taken":0.0,"cards_upgraded":["Strike_B","Strike_B","Strike_B","Defend_B","Defend_B","Defend_B","Defend_B"]},{"damage_healed":0,"gold_gain":0,"player_choice":"Ignored","damage_taken":0,"max_hp_gain":0,"max_hp_loss":0,"event_name":"Cursed Tome","floor":21,"gold_loss":0},{"damage_healed":0,"gold_gain":0,"player_choice":"Fight","damage_taken":0,"max_hp_gain":0,"max_hp_loss":0,"event_name":"Colosseum","floor":22,"gold_loss":0},{"damage_healed":0,"gold_gain":0,"player_choice":"Fled From Nobs","damage_taken":0,"max_hp_gain":0,"max_hp_loss":0,"event_name":"Colosseum","floor":22,"gold_loss":0},{"damage_healed":0,"gold_gain":0,"player_choice":"Ignored","damage_taken":0,"max_hp_gain":0,"max_hp_loss":0,"event_name":"Vampires","floor":24,"gold_loss":0}],"is_beta":true,"boss_relics":[{"not_picked":["Lizard Tail","Calling Bell"],"picked":"Orrery"}],"items_purged_floors":[],"is_endless":false,"potions_floor_spawned":[1,7,11,13,22,27],"killed_by":"Centurion and Healer","ascension_level":15}