{"gold_per_floor":[119,41,61,61,61,87,87,107,107,107,117,21,38,99,99,194,194,207,207,224,224,239,239,239,154,154,172,182,198,123,148,148,250,250,261,261,21,21,21,21,38,50,50,50,99,112,122,122],"floor_reached":48,"playtime":2850,"items_purged":["Decay"],"score":507,"play_id":"27a10e13-2ab1-4f5f-8c79-16f04bbd32c3","local_time":"20190311224642","is_ascension_mode":false,"campfire_choices":[{"data":"Anger","floor":7,"key":"SMITH"},{"data":"Fire Breathing","floor":15,"key":"SMITH"},{"floor":23,"key":"REST"},{"floor":32,"key":"REST"},{"floor":40,"key":"REST"},{"data":"RitualDagger","floor":44,"key":"SMITH"}],"neow_cost":"NONE","seed_source_timestamp":115014209070666,"circlet_count":0,"master_deck":["Strike_R+1","Defend_R","Defend_R","Defend_R","Defend_R","Bash","Carnage","Infernal Blade+1","Anger+1","Cleave","Strike_R","Clothesline","Thunderclap","Fire Breathing+1","Flex","Impervious","Carnage+1","Sever Soul+1","Heavy Blade+1","Iron Wave+1","RitualDagger+1","Heavy Blade","Headbutt+1","Rage","Clash","Anger+1","Demon Form","Burning Pact+1","Chrysalis","Writhe","Blind","The Bomb","Flash of Steel","Metallicize","Heavy Blade","Uppercut","Parasite","Rampage+1","Inflame"],"relics":["Burning Blood","PreservedInsect","Ornamental Fan","Self Forming Clay","Red Skull","Astrolabe","Pen Nib","Letter Opener","Bag of Preparation","Runic Cube","Pear","Gambling Chip"],"potions_floor_usage":[33,33,33,45,45,48],"damage_taken":[{"damage":7,"enemies":"2 Louse","floor":1,"turns":3},{"damage":13,"enemies":"Jaw Worm","floor":3,"turns":3},{"damage":0,"enemies":"Gremlin Nob","floor":6,"turns":2},{"damage":0,"enemies":"Cultist","floor":8,"turns":2},{"damage":6,"enemies":"Exordium Thugs","floor":11,"turns":3},{"damage":11,"enemies":"3 Louse","floor":13,"turns":2},{"damage":43,"enemies":"Hexaghost","floor":16,"turns":8},{"damage":15,"enemies":"2 Thieves","floor":18,"turns":3},{"damage":30,"enemies":"3 Byrds","floor":20,"turns":5},{"damage":21,"enemies":"Snake Plant","floor":22,"turns":3},{"damage":10,"enemies":"Cultist and Chosen","floor":27,"turns":3},{"damage":8,"enemies":"3 Cultists","floor":28,"turns":5},{"damage":21,"enemies":"Snake Plant","floor":29,"turns":2},{"damage":34,"enemies":"Collector","floor":33,"turns":8},{"damage":38,"enemies":"3 Darklings","floor":35,"turns":5},{"damage":3,"enemies":"Orb Walker","floor":41,"turns":3},{"damage":37,"enemies":"4 Shapes","floor":42,"turns":4},{"damage":50,"enemies":"2 Orb Walkers","floor":45,"turns":4},{"damage":12,"enemies":"Writhing Mass","floor":46,"turns":4},{"damage":3,"enemies":"Sphere and 2 Shapes","floor":47,"turns":4},{"damage":13,"enemies":"Spire Growth","floor":48,"turns":2}],"seed_played":"101376678732442074","potions_obtained":[{"floor":1,"key":"SkillPotion"},{"floor":3,"key":"Swift Potion"},{"floor":11,"key":"FearPotion"},{"floor":13,"key":"Weak Potion"},{"floor":22,"key":"EssenceOfSteel"},{"floor":35,"key":"PowerPotion"},{"floor":41,"key":"Strength Potion"},{"floor":47,"key":"Dexterity Potion"}],"is_trial":false,"path_per_floor":["M","$","M","?","?","E","R","M","T","?","M","$","M","?","R","B",null,"M","?","M","?","M","R","?","?","T","M","M","M","?","T","R","B",null,"M","?","$","?","?","R","M","M","T","R","?","M","M","M"],"character_chosen":"IRONCLAD","items_purchased":["Infernal Blade","Thunderclap","Fire Breathing","Chrysalis"],"campfire_rested":3,"item_purchase_floors":[2,12,12,37],"current_hp_per_floor":[79,79,72,69,53,59,59,65,65,65,65,65,60,60,60,23,80,71,65,41,41,26,50,50,50,50,46,44,29,29,29,53,25,80,48,48,48,68,58,80,80,49,59,59,15,9,12,0],"gold":122,"neow_bonus":"RANDOM_COMMON_RELIC","is_prod":false,"is_daily":false,"chose_seed":false,"campfire_upgraded":3,"win_rate":0.0,"timestamp":1552369602,"path_taken":["M","$","M","?","?","E","R","M","T","?","?","?","M","?","R","BOSS","M","?","M","?","?","R","?","?","T","M","M","M","?","?","R","BOSS","M","?","?","?","?","R","?","M","T","R","?","M","M","M"],"build_version":"2019-01-23","purchased_purges":1,"victory":false,"max_hp_per_floor":[80,80,80,80,80,80,80,80,80,80,80,80,80,80,80,80,80,80,80,80,80,80,80,80,80,80,80,80,80,80,80,80,80,80,80,80,80,80,80,80,80,80,90,90,90,90,90,90],"card_choices":[{"not_picked":["Wild Strike","Shrug It Off"],"picked":"Carnage","floor":1},{"not_picked":["Searing Blow","Perfected Strike"],"picked":"Anger","floor":3},{"not_picked":["Warcry","Cleave"],"picked":"Ghostly Armor","floor":6},{"not_picked":["Headbutt","Pommel Strike"],"picked":"Cleave","floor":8},{"not_picked":["Sword Boomerang","Fiend Fire"],"picked":"Clothesline","floor":11},{"not_picked":["Combust","Pummel"],"picked":"Flex","floor":13},{"not_picked":["Brutality","Fiend Fire"],"picked":"Impervious","floor":16},{"not_picked":["Carnage","Havoc"],"picked":"Iron Wave+1","floor":18},{"not_picked":["Dropkick+1","Carnage"],"picked":"Heavy Blade","floor":20},{"not_picked":["Sentinel","Feel No Pain"],"picked":"Headbutt+1","floor":22},{"not_picked":["Bloodletting","Power Through"],"picked":"Rage","floor":27},{"not_picked":["Rage+1","Immolate"],"picked":"Clash","floor":28},{"not_picked":["Body Slam","Heavy Blade"],"picked":"Anger+1","floor":29},{"not_picked":["Dark Embrace","Fiend Fire"],"picked":"Demon Form","floor":33},{"not_picked":["Bloodletting","Iron Wave"],"picked":"Burning Pact+1","floor":35},{"not_picked":["Violence","Dark Shackles"],"picked":"Blind","floor":39},{"not_picked":["Swift Strike","Panacea"],"picked":"The Bomb","floor":39},{"not_picked":["Dark Shackles","Enlightenment"],"picked":"Flash of Steel","floor":39},{"not_picked":["Thunderclap","Flex"],"picked":"Metallicize","floor":41},{"not_picked":["True Grit","Sword Boomerang"],"picked":"Heavy Blade","floor":42},{"not_picked":["Pommel Strike","Warcry"],"picked":"Uppercut","floor":45},{"not_picked":["Warcry+1","Dropkick+1"],"picked":"Rampage+1","floor":46},{"not_picked":["Feed","Warcry"],"picked":"Inflame","floor":47}],"player_experience":28031,"relics_obtained":[{"floor":6,"key":"Self Forming Clay"},{"floor":9,"key":"Red Skull"},{"floor":26,"key":"Letter Opener"},{"floor":31,"key":"Bag of Preparation"},{"floor":43,"key":"Pear"},{"floor":45,"key":"Gambling Chip"}],"event_choices":[{"damage_healed":0,"gold_gain":0,"player_choice":"Success","damage_taken":3,"relics_obtained":["Ornamental Fan"],"max_hp_gain":0,"max_hp_loss":0,"event_name":"Scrap Ooze","floor":4,"gold_loss":0},{"damage_healed":0,"gold_gain":0,"player_choice":"Entered Light","damage_taken":16,"max_hp_gain":0,"max_hp_loss":0,"event_name":"Shining Light","floor":5,"gold_loss":0,"cards_upgraded":["Strike_R","Infernal Blade"]},{"cards_removed":["Ghostly Armor"],"damage_healed":0,"gold_gain":0,"player_choice":"Took Card","damage_taken":0,"max_hp_gain":0,"max_hp_loss":0,"event_name":"NoteForYourself","floor":10,"gold_loss":0,"cards_obtained":["Strike_R"]},{"damage_healed":0,"gold_gain":61,"player_choice":"Gained Gold","damage_taken":0,"max_hp_gain":0,"max_hp_loss":0,"event_name":"Golden Wing","floor":14,"gold_loss":0},{"damage_healed":0,"gold_gain":0,"player_choice":"Joined the Cult","damage_taken":6,"max_hp_gain":0,"max_hp_loss":0,"event_name":"Nest","floor":19,"gold_loss":0,"cards_obtained":["RitualDagger"]},{"damage_healed":0,"gold_gain":0,"player_choice":"Got Potions","damage_taken":0,"max_hp_gain":0,"max_hp_loss":0,"event_name":"Lab","floor":21,"gold_loss":0},{"damage_healed":0,"gold_gain":0,"player_choice":"Ignored","damage_taken":0,"max_hp_gain":0,"max_hp_loss":0,"event_name":"Vampires","floor":24,"gold_loss":0},{"damage_healed":0,"gold_gain":0,"player_choice":"Obtained Relic","damage_taken":0,"relics_obtained":["Pen Nib"],"max_hp_gain":0,"max_hp_loss":0,"event_name":"Addict","floor":25,"gold_loss":85},{"cards_removed":["Strike_R"],"damage_healed":0,"gold_gain":0,"player_choice":"Gave Gold","damage_taken":0,"max_hp_gain":0,"max_hp_loss":0,"event_name":"Beggar","floor":30,"gold_loss":75},{"damage_healed":0,"gold_gain":0,"player_choice":"Cursed","damage_taken":0,"max_hp_gain":0,"max_hp_loss":0,"event_name":"Wheel of Change","floor":36,"gold_loss":0,"cards_obtained":["Decay"]},{"damage_healed":20,"gold_gain":0,"player_choice":"Writhe","damage_taken":0,"max_hp_gain":0,"max_hp_loss":0,"event_name":"Winding Halls","floor":38,"gold_loss":0,"cards_obtained":["Writhe"]},{"damage_healed":0,"gold_gain":0,"player_choice":"Memory 3","damage_taken":10,"max_hp_gain":0,"max_hp_loss":0,"event_name":"SensoryStone","floor":39,"gold_loss":0},{"damage_healed":0,"gold_gain":0,"player_choice":"Fight","damage_taken":0,"max_hp_gain":0,"max_hp_loss":0,"event_name":"Mysterious Sphere","floor":45,"gold_loss":0}],"is_beta":false,"boss_relics":[{"not_picked":["Tiny House","Runic Pyramid"],"picked":"Astrolabe"},{"not_picked":["Runic Dome","Fusion Hammer"],"picked":"Runic Cube"}],"items_purged_floors":[37],"is_endless":false,"potions_floor_spawned":[1,3,11,13,18,20,22,35,41,47],"killed_by":"Spire Growth","ascension_level":0}