{"gold_per_floor":[110,110,110,30,30,68,68,93,119,119,137,151,195,216,216,312,312,326,351,31,46,64,64,78,101,147,183,32,55,55,55,55,55],"floor_reached":33,"playtime":1071,"items_purged":["Strike_R"],"score":532,"play_id":"4088c323-134f-41af-ac71-fc48976590a2","local_time":"20190223181403","is_ascension_mode":true,"campfire_choices":[{"data":"Inflame","floor":7,"key":"SMITH"},{"data":"Defend_R","floor":10,"key":"SMITH"},{"data":"Battle Trance","floor":15,"key":"SMITH"},{"floor":23,"key":"REST"},{"floor":30,"key":"REST"},{"floor":32,"key":"REST"}],"neow_cost":"NONE","seed_source_timestamp":536752449383091,"circlet_count":0,"master_deck":["AscendersBane","Defend_R+1","Defend_R","Defend_R","Defend_R","Bash+1","Inflame+1","Thunderclap+1","Twin Strike+1","Battle Trance+1","Whirlwind+1","Feel No Pain","Juggernaut","Brutality+1","True Grit+1","Wild Strike+1","Sword Boomerang+1","Disarm","True Grit","Glacier","Feed+1","PiercingWail","After Image"],"relics":["Burning Blood","NeowsBlessing","Golden Idol","Molten Egg 2","Anchor","Pantograph","Astrolabe","PrismaticShard","Ancient Tea Set","Happy Flower"],"potions_floor_usage":[16,16,27,27,33],"damage_taken":[{"damage":0,"enemies":"2 Louse","floor":1,"turns":1},{"damage":0,"enemies":"3 Sentries","floor":6,"turns":2},{"damage":0,"enemies":"Small Slimes","floor":8,"turns":1},{"damage":0,"enemies":"Cultist","floor":11,"turns":2},{"damage":0,"enemies":"3 Louse","floor":12,"turns":2},{"damage":17,"enemies":"Lagavulin","floor":13,"turns":6},{"damage":0,"enemies":"Large Slime","floor":14,"turns":3},{"damage":48,"enemies":"Hexaghost","floor":16,"turns":8},{"damage":3,"enemies":"Chosen","floor":18,"turns":4},{"damage":8,"enemies":"Spheric Guardian","floor":19,"turns":3},{"damage":17,"enemies":"3 Cultists","floor":21,"turns":3},{"damage":24,"enemies":"Snecko","floor":22,"turns":7},{"damage":8,"enemies":"Cultist and Chosen","floor":24,"turns":6},{"damage":32,"enemies":"3 Cultists","floor":25,"turns":6},{"damage":13,"enemies":"Gremlin Leader","floor":27,"turns":7},{"damage":10,"enemies":"Sentry and Sphere","floor":29,"turns":5},{"damage":95,"enemies":"Automaton","floor":33,"turns":10}],"seed_played":"-7135266600128371884","potions_obtained":[{"floor":6,"key":"SkillPotion"},{"floor":14,"key":"Fruit Juice"},{"floor":16,"key":"LiquidBronze"},{"floor":18,"key":"FairyPotion"},{"floor":24,"key":"Dexterity Potion"},{"floor":27,"key":"LiquidBronze"}],"is_trial":false,"path_per_floor":["M","?","?","$","?","E","R","M","T","R","M","M","E","M","R","B",null,"M","M","$","M","M","R","M","M","T","E","$","M","R","$","R","B"],"character_chosen":"IRONCLAD","items_purchased":["Inflame","PrismaticShard","True Grit","Happy Flower"],"campfire_rested":3,"item_purchase_floors":[4,20,20,28],"current_hp_per_floor":[74,74,68,68,68,68,68,68,68,68,68,68,57,63,63,31,63,66,64,64,53,35,56,54,32,32,25,25,25,49,49,73,0],"gold":55,"neow_bonus":"THREE_ENEMY_KILL","is_prod":false,"is_daily":false,"chose_seed":false,"campfire_upgraded":3,"win_rate":0,"timestamp":1550963643,"path_taken":["M","?","?","$","?","E","R","M","T","R","M","M","E","M","R","BOSS","M","M","$","M","M","R","M","M","T","E","$","M","R","?","R","BOSS"],"build_version":"2019-02-06","purchased_purges":1,"victory":false,"max_hp_per_floor":[75,75,68,68,68,68,68,68,68,68,68,68,68,68,68,73,73,73,73,73,73,73,73,73,77,77,77,77,81,81,81,81,81],"card_choices":[{"not_picked":["Heavy Blade","True Grit","Blood for Blood"],"picked":"SKIP","floor":1},{"not_picked":["Rage","Flex"],"picked":"Thunderclap","floor":6},{"not_picked":["Cleave+1","Iron Wave+1"],"picked":"Twin Strike+1","floor":8},{"not_picked":["Infernal Blade","Fire Breathing"],"picked":"Battle Trance","floor":11},{"not_picked":["Evolve","Ghostly Armor"],"picked":"Whirlwind+1","floor":12},{"not_picked":["Anger+1","Twin Strike+1"],"picked":"Feel No Pain","floor":13},{"not_picked":["Perfected Strike+1","Anger+1","Cleave+1"],"picked":"SKIP","floor":14},{"not_picked":["Immolate+1","Double Tap"],"picked":"Juggernaut","floor":16},{"not_picked":["Dropkick+1","Anger+1"],"picked":"Sword Boomerang+1","floor":18},{"not_picked":["Carnage+1","Flex"],"picked":"Disarm","floor":19},{"not_picked":["Redo","Anger+1"],"picked":"Glacier","floor":21},{"not_picked":["Jack Of All Trades","Clash+1"],"picked":"Feed+1","floor":22},{"not_picked":["Ghostly Armor","Redo"],"picked":"PiercingWail","floor":24},{"not_picked":["Sucker Punch+1","Redo","Poisoned Stab+1"],"picked":"SKIP","floor":25},{"not_picked":["Bouncing Flask","Consume"],"picked":"After Image","floor":27},{"not_picked":["Dagger Throw+1","Hologram","Deadly Poison"],"picked":"SKIP","floor":29}],"player_experience":2030603,"relics_obtained":[{"floor":6,"key":"Molten Egg 2"},{"floor":9,"key":"Anchor"},{"floor":13,"key":"Pantograph"},{"floor":27,"key":"Ancient Tea Set"}],"event_choices":[{"damage_healed":0,"gold_gain":0,"player_choice":"Grow","damage_taken":0,"max_hp_gain":0,"max_hp_loss":0,"event_name":"Living Wall","floor":2,"gold_loss":0,"cards_upgraded":["Bash"]},{"damage_healed":0,"gold_gain":0,"player_choice":"Lose Max HP","damage_taken":0,"relics_obtained":["Golden Idol"],"max_hp_gain":0,"max_hp_loss":7,"event_name":"Golden Idol","floor":3,"gold_loss":0},{"cards_removed":["Strike_R"],"damage_healed":0,"gold_gain":0,"player_choice":"Purged","damage_taken":0,"max_hp_gain":0,"max_hp_loss":0,"event_name":"Purifier","floor":5,"gold_loss":0}],"is_beta":true,"boss_relics":[{"not_picked":["Eternal Feather","Ectoplasm"],"picked":"Astrolabe"}],"items_purged_floors":[20],"is_endless":false,"potions_floor_spawned":[6,14,16,18,22,24,27],"killed_by":"Automaton","ascension_level":15}