{"path_per_floor":["M","$","?","?","$","E","R","$","T","M","R","E","?","T","R","B",null,"M","M","?"],"character_chosen":"THE_SILENT","items_purchased":["Bouncing Flask","Noxious Fumes"],"gold_per_floor":[109,109,109,109,3,30,30,30,82,96,96,121,121,121,121,226,226,237,253,253],"floor_reached":21,"campfire_rested":2,"playtime":999,"current_hp_per_floor":[70,70,63,63,63,28,28,28,35,28,51,33,26,26,49,14,77,54,22,6],"items_purged":[],"gold":253,"score":192,"play_id":"870bdb01-6613-4b70-bf8b-e5b9ef6c61f0","is_prod":false,"is_daily":false,"is_ascension_mode":true,"campfire_upgraded":1,"path_taken":["M","$","?","?","$","E","R","$","T","M","R","E","?","?","R","BOSS","M","M","?","?"],"build_version":"2018-02-15-PROD1","purchased_purges":0,"victory":false,"master_deck":["Defend_G","Defend_G","Defend_G","Defend_G","Defend_G","Strike_G","Strike_G","Strike_G","Strike_G","Survivor","Neutralize","Deadly Poison","Bouncing Flask","Noxious Fumes","Bullet Time+1","Poisoned Stab","Well Laid Plans","Venomology","Footwork"],"max_hp_per_floor":[70,70,70,70,70,70,70,70,77,77,77,77,77,77,77,77,77,77,77,77],"relics":["Ring of the Snake","Omamori","Bottled Flame","Strawberry","Gremlin Horn","Du-Vu Doll","Kunai","Sozu","Enchiridion"],"card_choices":[{"not_picked":["Bane","Flying Knee"],"picked":"Deadly Poison"},{"not_picked":["Caltrops","Calculated Gamble"],"picked":"Bullet Time"},{"not_picked":["Malaise","Flying Knee"],"picked":"Poisoned Stab"},{"not_picked":["Acrobatics","Finisher"],"picked":"Well Laid Plans"},{"not_picked":["Unload","A Thousand Cuts"],"picked":"Venomology"},{"not_picked":["Poisoned Stab","Expertise"],"picked":"Footwork"}],"player_experience":180224,"potions_floor_usage":[],"damage_taken":[{"damage":0,"enemies":"2 Louse","floor":1,"turns":3},{"damage":35,"enemies":"Gremlin Nob","floor":6,"turns":5},{"damage":7,"enemies":"Small Slimes","floor":10,"turns":4},{"damage":18,"enemies":"3 Sentries","floor":12,"turns":7},{"damage":35,"enemies":"Hexaghost","floor":16,"turns":9},{"damage":23,"enemies":"Shell Parasite","floor":18,"turns":5},{"damage":32,"enemies":"3 Byrds","floor":19,"turns":6},{"damage":8,"enemies":"Cultist and Chosen","floor":21,"turns":2}],"event_choices":[{"event_name":"Golden Wing","player_choice":"Card Removal","floor":3,"damage_taken":0},{"event_name":"Wheel of Change","player_choice":"Relic","floor":4,"damage_taken":0},{"event_name":"Scrap Ooze","player_choice":"success","floor":13,"damage_taken":7},{"event_name":"Cursed Tome","player_choice":"Obtained Book","floor":20,"damage_taken":0}],"boss_relics":[{"not_picked":["Snecko Eye","Ectoplasm"],"picked":"Sozu"}],"potions_floor_spawned":[10,12],"seed_played":"-3241054956924892645","killed_by":"Cultist and Chosen","ascension_level":1,"is_trial":false}