{"gold_per_floor":[116,127,52,52,66,101,101,132,132,158,83,99,127,145,145,219,219,207,207],"floor_reached":19,"playtime":810,"items_purged":["Strike_B"],"score":345,"play_id":"9b97a2c8-f14c-4d66-8bb7-c90b25348509","local_time":"20190311192342","is_ascension_mode":true,"campfire_choices":[{"data":"Streamline","floor":7,"key":"SMITH"},{"floor":15,"key":"REST"}],"neow_cost":"NONE","seed_source_timestamp":1920088043258565,"circlet_count":0,"master_deck":["AscendersBane","Strike_B","Strike_B","Strike_B","Defend_B","Defend_B","Defend_B","Defend_B","Zap","Dualcast","Cold Snap","Chill","Defragment+1","Streamline+1","Capacitor","Creative AI","Fission","Self Repair"],"relics":["Lizard Tail","Dream Catcher","Question Card","Art of War","Singing Bowl","Bottled Lightning","Runic Pyramid"],"potions_floor_usage":[8,14,16,19],"damage_taken":[{"damage":1,"enemies":"Cultist","floor":1,"turns":4},{"damage":0,"enemies":"Small Slimes","floor":2,"turns":3},{"damage":3,"enemies":"2 Louse","floor":5,"turns":4},{"damage":2,"enemies":"Lagavulin","floor":6,"turns":8},{"damage":17,"enemies":"3 Sentries","floor":8,"turns":14},{"damage":29,"enemies":"Gremlin Nob","floor":10,"turns":6},{"damage":0,"enemies":"Blue Slaver","floor":12,"turns":5},{"damage":20,"enemies":"3 Sentries","floor":13,"turns":9},{"damage":8,"enemies":"Exordium Wildlife","floor":14,"turns":5},{"damage":28,"enemies":"Slime Boss","floor":16,"turns":8},{"damage":18,"enemies":"2 Thieves","floor":18,"turns":4},{"damage":67,"enemies":"Colosseum Slavers","floor":19,"turns":4}],"seed_played":"4925406676638390947","potions_obtained":[{"floor":2,"key":"Regen Potion"},{"floor":12,"key":"Explosive Potion"},{"floor":14,"key":"AttackPotion"},{"floor":18,"key":"GamblersBrew"}],"is_trial":false,"path_per_floor":["M","M","$","?","M","E","R","E","T","E","$","M","E","M","R","B",null,"M","?"],"character_chosen":"DEFECT","items_purchased":["Defragment"],"campfire_rested":1,"item_purchase_floors":[3],"current_hp_per_floor":[63,63,63,63,60,58,58,56,56,27,27,27,9,3,27,38,67,49,0],"gold":207,"neow_bonus":"BOSS_RELIC","is_prod":false,"is_daily":false,"chose_seed":false,"campfire_upgraded":1,"win_rate":0,"timestamp":1552346622,"path_taken":["M","M","?","?","?","E","R","E","T","E","$","M","E","M","R","BOSS","M","?"],"build_version":"2019-02-06","purchased_purges":1,"victory":false,"max_hp_per_floor":[71,71,71,71,71,71,71,71,71,71,71,71,73,75,77,77,77,77,77],"card_choices":[{"not_picked":["Hologram","Blizzard"],"picked":"Cold Snap","floor":1},{"not_picked":["Steam","Steam Power"],"picked":"Chill","floor":2},{"not_picked":["Steam Power","Go for the Eyes"],"picked":"Streamline","floor":5},{"not_picked":["Reboot","Tempest","Steam Power"],"picked":"SKIP","floor":6},{"not_picked":["Chill","Lockon","Go for the Eyes"],"picked":"SKIP","floor":8},{"not_picked":["Recycle","Chill","Static Discharge"],"picked":"Capacitor","floor":10},{"not_picked":["Redo","Static Discharge","Barrage"],"picked":"Creative AI","floor":12},{"not_picked":["Rainbow","Hello World","Cold Snap","FTL"],"picked":"Singing Bowl","floor":13},{"not_picked":["Loop","Rebound","Redo","Sweeping Beam"],"picked":"Singing Bowl","floor":14},{"not_picked":["Barrage","Cold Snap","Hologram","FTL"],"picked":"Singing Bowl","floor":15},{"not_picked":["Core Surge","Hyperbeam","Buffer"],"picked":"Fission","floor":16},{"not_picked":["Consume","Coolheaded+1","Reinforced Body"],"picked":"Self Repair","floor":18}],"player_experience":2154338,"relics_obtained":[{"floor":6,"key":"Dream Catcher"},{"floor":8,"key":"Question Card"},{"floor":9,"key":"Art of War"},{"floor":10,"key":"Singing Bowl"},{"floor":13,"key":"Bottled Lightning"}],"event_choices":[{"damage_healed":0,"gold_gain":0,"player_choice":"Upgraded","damage_taken":0,"max_hp_gain":0,"max_hp_loss":0,"event_name":"Upgrade Shrine","floor":4,"gold_loss":0,"cards_upgraded":["Defragment"]},{"damage_healed":0,"gold_gain":0,"player_choice":"Fight","damage_taken":0,"max_hp_gain":0,"max_hp_loss":0,"event_name":"Colosseum","floor":19,"gold_loss":0}],"is_beta":true,"boss_relics":[{"not_picked":["Calling Bell","Fusion Hammer"],"picked":"Runic Pyramid"}],"items_purged_floors":[11],"is_endless":false,"potions_floor_spawned":[2,12,13,14,18],"killed_by":"Colosseum Slavers","ascension_level":15}