{"gold_per_floor":[119,194,119,119,129,129,139,139,166,47,47,67,77,77,77,176,176,187,127,143,154,154,189,189,214,239,257,257],"floor_reached":28,"playtime":1015,"items_purged":["Strike_G"],"score":328,"play_id":"58ec556c-546f-4b7b-9c5d-5b576452822d","local_time":"20190307235859","is_ascension_mode":true,"campfire_choices":[{"data":"Deadly Poison","floor":6,"key":"SMITH"},{"data":"Noxious Fumes","floor":11,"key":"SMITH"},{"floor":15,"key":"REST"},{"floor":24,"key":"REST"}],"neow_cost":"NONE","seed_source_timestamp":14561126717714,"circlet_count":0,"master_deck":["Defend_G","Defend_G","Defend_G","Defend_G","Survivor","Neutralize","Bane","Deadly Poison+1","Noxious Fumes+1","Backflip","Leg Sweep","Leg Sweep","Doppelganger","PiercingWail","Caltrops","Flechettes","Footwork","Deadly Poison","Cloak And Dagger+1","Leg Sweep+1"],"relics":["Ring of the Serpent","NeowsBlessing","Bronze Scales","Vajra","Sundial","Dream Catcher"],"potions_floor_usage":[23,23,27],"damage_taken":[{"damage":0,"enemies":"Small Slimes","floor":1,"turns":1},{"damage":0,"enemies":"Jaw Worm","floor":5,"turns":1},{"damage":0,"enemies":"2 Louse","floor":7,"turns":1},{"damage":24,"enemies":"Gremlin Gang","floor":12,"turns":3},{"damage":5,"enemies":"Large Slime","floor":13,"turns":6},{"damage":0,"enemies":"Hexaghost","floor":16,"turns":8},{"damage":0,"enemies":"Spheric Guardian","floor":18,"turns":3},{"damage":7,"enemies":"Shell Parasite","floor":20,"turns":5},{"damage":4,"enemies":"Snecko","floor":21,"turns":4},{"damage":44,"enemies":"Gremlin Leader","floor":23,"turns":5},{"damage":12,"enemies":"Book of Stabbing","floor":25,"turns":8},{"damage":1,"enemies":"Snake Plant","floor":27,"turns":4},{"damage":28,"enemies":"Masked Bandits","floor":28,"turns":3}],"seed_played":"5908713364979491797","potions_obtained":[{"floor":16,"key":"Energy Potion"},{"floor":21,"key":"Explosive Potion"},{"floor":25,"key":"Block Potion"}],"is_trial":false,"path_per_floor":["M","?","$","?","M","R","M","?","T","$","R","M","M","?","R","B",null,"M","?","M","M","?","E","R","E","T","M","?"],"character_chosen":"THE_SILENT","items_purchased":["Noxious Fumes","Backflip"],"campfire_rested":2,"item_purchase_floors":[10,10],"current_hp_per_floor":[70,59,59,59,59,59,59,59,59,59,59,35,30,23,44,44,70,70,70,63,59,59,15,36,24,24,23,0],"gold":257,"neow_bonus":"THREE_ENEMY_KILL","is_prod":false,"is_daily":false,"chose_seed":false,"campfire_upgraded":2,"win_rate":0,"timestamp":1551970739,"path_taken":["M","?","$","?","M","R","M","?","T","$","R","M","?","?","R","BOSS","M","?","?","M","?","E","R","E","T","M","?"],"build_version":"2019-01-23","purchased_purges":1,"victory":false,"max_hp_per_floor":[70,70,70,70,70,70,70,70,70,70,70,70,70,70,70,70,70,70,70,70,70,70,70,70,70,70,70,70],"card_choices":[{"not_picked":["Prepared","Underhanded Strike","Outmaneuver"],"picked":"SKIP","floor":1},{"not_picked":["Outmaneuver","Dagger Spray"],"picked":"Deadly Poison","floor":5},{"not_picked":["Acrobatics","Dagger Spray","Quick Slash"],"picked":"SKIP","floor":7},{"not_picked":["Predator","Finisher"],"picked":"Leg Sweep","floor":12},{"not_picked":["Reflex","Setup"],"picked":"Leg Sweep","floor":13},{"not_picked":["Phantasmal Killer","Storm of Steel"],"picked":"Doppelganger","floor":16},{"not_picked":["Dodge and Roll","Poisoned Stab+1"],"picked":"PiercingWail","floor":18},{"not_picked":["Expertise+1","Dodge and Roll+1"],"picked":"Footwork","floor":20},{"not_picked":["Blade Dance","All Out Attack"],"picked":"Deadly Poison","floor":21},{"not_picked":["Accuracy+1","Heel Hook"],"picked":"Cloak And Dagger+1","floor":23},{"not_picked":["Deflect+1","Underhanded Strike"],"picked":"Leg Sweep+1","floor":25},{"not_picked":["Acrobatics","Accuracy+1","Quick Slash"],"picked":"SKIP","floor":27}],"player_experience":201064,"relics_obtained":[{"floor":9,"key":"Bronze Scales"},{"floor":23,"key":"Vajra"},{"floor":25,"key":"Sundial"},{"floor":26,"key":"Dream Catcher"}],"event_choices":[{"damage_healed":0,"gold_gain":75,"player_choice":"Gather Gold","damage_taken":11,"max_hp_gain":0,"max_hp_loss":0,"event_name":"World of Goop","floor":2,"gold_loss":0},{"damage_healed":0,"gold_gain":0,"cards_transformed":["Strike_G"],"player_choice":"Change","damage_taken":0,"max_hp_gain":0,"max_hp_loss":0,"event_name":"Living Wall","floor":4,"gold_loss":0,"cards_obtained":["Bane"]},{"damage_healed":0,"gold_gain":0,"player_choice":"Bought 0 Potions","damage_taken":0,"max_hp_gain":0,"max_hp_loss":0,"event_name":"The Woman in Blue","floor":8,"gold_loss":0},{"cards_removed":["Strike_G"],"damage_healed":0,"gold_gain":0,"player_choice":"Card Removal","damage_taken":7,"max_hp_gain":0,"max_hp_loss":0,"event_name":"Golden Wing","floor":14,"gold_loss":0},{"damage_healed":0,"gold_gain":0,"cards_transformed":["Strike_G","Strike_G"],"player_choice":"Transformed Cards","damage_taken":0,"max_hp_gain":0,"max_hp_loss":0,"event_name":"Designer","floor":19,"gold_loss":60,"cards_obtained":["Caltrops","Flechettes"]},{"cards_removed":["Defend_G"],"damage_healed":0,"gold_gain":0,"player_choice":"Elegance","damage_taken":0,"max_hp_gain":0,"max_hp_loss":0,"event_name":"Back to Basics","floor":22,"gold_loss":0},{"damage_healed":0,"gold_gain":0,"player_choice":"Fought Bandits","damage_taken":0,"max_hp_gain":0,"max_hp_loss":0,"event_name":"Masked Bandits","floor":28,"gold_loss":0}],"is_beta":false,"boss_relics":[{"not_picked":["Calling Bell","Ectoplasm"],"picked":"Ring of the Serpent"}],"items_purged_floors":[3],"is_endless":false,"potions_floor_spawned":[16,21,25],"killed_by":"Masked Bandits","ascension_level":2}