{"gold_per_floor":[359,359,183,183,194,194,144,144,144,319,343,372,391,66,66,168,168,182,107,123,123,71,71,105,105,105,105,123,123,192,211,211,316,316,327,377,138,154,204,239,239,289,313,331,179,193,203,264,264,264],"floor_reached":51,"playtime":2126,"items_purged":["Pain","Doubt","Strike_R","Body Slam+1"],"score":793,"play_id":"0de2666f-567d-4e42-8e33-e47c481b5900","local_time":"20190313015915","is_ascension_mode":false,"campfire_choices":[{"data":"Armaments","floor":6.0,"key":"SMITH"},{"data":"Shrug It Off","floor":15.0,"key":"SMITH"},{"data":"Shrug It Off","floor":23.0,"key":"SMITH"},{"data":"Bash","floor":27.0,"key":"SMITH"},{"floor":32.0,"key":"REST"},{"floor":41.0,"key":"REST"},{"floor":49.0,"key":"REST"}],"neow_cost":"CURSE","seed_source_timestamp":32929665769870,"circlet_count":0,"master_deck":["Strike_R+1","Strike_R+1","Strike_R+1","Bash+1","Perfected Strike+1","Pommel Strike","Armaments+1","Headbutt","Shrug It Off+1","Twin Strike","Wild Strike","Wild Strike+1","Shrug It Off+1","Twin Strike","Perfected Strike+1","Havoc+1","Flex+1","True Grit+1","Twin Strike+1","Pommel Strike","Shrug It Off+1","Warcry+1"],"special_seed":0,"relics":["Burning Blood","Matryoshka","Centennial Puzzle","Vajra","Odd Mushroom","Bag of Preparation","Toy Ornithopter","Empty Cage","Toxic Egg 2","PreservedInsect","Meat on the Bone","SsserpentHead","Fusion Hammer","Tiny Chest","Paper Frog","StoneCalendar","Whetstone"],"potions_floor_usage":[50,50,50,50,50,50],"damage_taken":[{"damage":10.0,"enemies":"Small Slimes","floor":1.0,"turns":4.0},{"damage":5.0,"enemies":"2 Louse","floor":5.0,"turns":2.0},{"damage":13.0,"enemies":"The Mushroom Lair","floor":11.0,"turns":4.0},{"damage":23.0,"enemies":"Gremlin Nob","floor":12.0,"turns":4.0},{"damage":0.0,"enemies":"Cultist","floor":13.0,"turns":2.0},{"damage":19.0,"enemies":"Hexaghost","floor":16.0,"turns":6.0},{"damage":15.0,"enemies":"Shell Parasite","floor":18.0,"turns":4.0},{"damage":20.0,"enemies":"2 Thieves","floor":20.0,"turns":3.0},{"damage":40.0,"enemies":"Gremlin Leader","floor":24.0,"turns":4.0},{"damage":10.0,"enemies":"Cultist and Chosen","floor":28.0,"turns":4.0},{"damage":34.0,"enemies":"Centurion and Healer","floor":30.0,"turns":4.0},{"damage":15.0,"enemies":"Snecko","floor":31.0,"turns":3.0},{"damage":83.0,"enemies":"Champ","floor":33.0,"turns":7.0},{"damage":0.0,"enemies":"Orb Walker","floor":35.0,"turns":2.0},{"damage":4.0,"enemies":"3 Shapes","floor":38.0,"turns":2.0},{"damage":57.0,"enemies":"Reptomancer","floor":40.0,"turns":3.0},{"damage":18.0,"enemies":"Writhing Mass","floor":44.0,"turns":3.0},{"damage":7.0,"enemies":"Transient","floor":46.0,"turns":5.0},{"damage":21.0,"enemies":"Spire Growth","floor":47.0,"turns":3.0},{"damage":39.0,"enemies":"Maw","floor":48.0,"turns":6.0},{"damage":75,"enemies":"Donu and Deca","floor":50,"turns":10}],"seed_played":"-6536297998352363186","potions_obtained":[{"floor":1.0,"key":"Energy Potion"},{"floor":12.0,"key":"EntropicBrew"},{"floor":16.0,"key":"FearPotion"},{"floor":24.0,"key":"BloodPotion"},{"floor":30.0,"key":"Swift Potion"},{"floor":31.0,"key":"Regen Potion"},{"floor":33.0,"key":"EntropicBrew"},{"floor":38.0,"key":"SteroidPotion"},{"floor":40.0,"key":"Energy Potion"},{"floor":44.0,"key":"Regen Potion"},{"floor":47.0,"key":"EssenceOfSteel"}],"is_trial":false,"path_per_floor":["M","?","$","?","M","R","?","T","T","?","?","E","M","$","R","B",null,"M","?","M","?","$","R","E","$","T","R","M","?","M","M","R","B",null,"M","?","$","M","T","E","R","?","T","M","$","M","M","M","R","B",null],"character_chosen":"IRONCLAD","items_purchased":["Pommel Strike","Armaments","Wild Strike","Toy Ornithopter","Twin Strike","Tiny Chest","Shrug It Off+1"],"campfire_rested":3,"item_purchase_floors":[3,3,14,14,22,37,45],"current_hp_per_floor":[76,60,60,60,61,61,61,61,61,61,54,37,43,43,43,50,80,71,71,57,57,57,57,23,23,23,23,44,44,28,36,60,20,80,80,80,80,80,80,41,65,65,65,58,58,77,62,41,65,38],"gold":264,"neow_bonus":"TWO_FIFTY_GOLD","is_prod":false,"is_daily":false,"chose_seed":false,"campfire_upgraded":4,"win_rate":0,"timestamp":1552409955,"path_taken":["M","?","$","?","?","R","?","?","T","?","?","E","M","?","R","BOSS","M","?","M","?","$","R","E","$","T","R","?","?","?","M","R","BOSS","M","?","$","M","?","E","R","?","T","M","?","M","M","?","R","BOSS"],"build_version":"2019-01-23","purchased_purges":4,"victory":true,"max_hp_per_floor":[80,80,80,80,80,80,80,80,80,80,80,80,80,80,80,80,80,80,80,80,80,80,80,80,80,80,80,80,80,80,80,80,80,80,80,80,80,80,80,80,80,80,80,80,80,80,80,80,80,80],"card_choices":[{"not_picked":["Clash","Sword Boomerang"],"picked":"Perfected Strike","floor":1.0},{"not_picked":["Seeing Red","Armaments"],"picked":"Headbutt","floor":5.0},{"not_picked":["Hemokinesis","Heavy Blade"],"picked":"Shrug It Off","floor":12.0},{"not_picked":["Warcry","Rage"],"picked":"Twin Strike","floor":13.0},{"not_picked":["Sword Boomerang+1","Searing Blow"],"picked":"Wild Strike+1","floor":18.0},{"not_picked":["Warcry","Dual Wield+1"],"picked":"Shrug It Off","floor":20.0},{"not_picked":["Inflame","Shockwave+1"],"picked":"Perfected Strike+1","floor":24.0},{"not_picked":["Metallicize","Second Wind+1","Clash"],"picked":"SKIP","floor":28.0},{"not_picked":["Armaments+1","Seeing Red+1"],"picked":"Havoc+1","floor":30.0},{"not_picked":["Dual Wield+1","Clothesline"],"picked":"Body Slam+1","floor":31.0},{"not_picked":["Cleave+1","Armaments+1"],"picked":"Flex+1","floor":35.0},{"not_picked":["Sword Boomerang","Heavy Blade"],"picked":"True Grit+1","floor":38.0},{"not_picked":["True Grit+1","Armaments+1"],"picked":"Twin Strike+1","floor":40.0},{"not_picked":["Corruption","True Grit+1"],"picked":"Pommel Strike","floor":44.0},{"not_picked":["Intimidate+1","Cleave"],"picked":"Warcry+1","floor":46.0},{"not_picked":["Flame Barrier+1","Iron Wave","Corruption+1"],"picked":"SKIP","floor":47.0},{"not_picked":["Fire Breathing","Anger+1","Body Slam"],"picked":"SKIP","floor":48.0}],"player_experience":340963,"relics_obtained":[{"floor":8.0,"key":"Matryoshka"},{"floor":9.0,"key":"Centennial Puzzle"},{"floor":9.0,"key":"Vajra"},{"floor":11.0,"key":"Odd Mushroom"},{"floor":12.0,"key":"Bag of Preparation"},{"floor":24.0,"key":"Toxic Egg 2"},{"floor":26.0,"key":"PreservedInsect"},{"floor":26.0,"key":"Meat on the Bone"},{"floor":39.0,"key":"Paper Frog"},{"floor":40.0,"key":"StoneCalendar"},{"floor":43.0,"key":"Whetstone"}],"event_choices":[{"damage_healed":0.0,"max_hp_gain":0.0,"max_hp_loss":0.0,"gold_gain":0.0,"event_name":"Shining Light","player_choice":"Entered Light","floor":2.0,"gold_loss":0.0,"damage_taken":16.0,"cards_upgraded":["Strike_R","Perfected Strike"]},{"cards_removed":["Defend_R"],"damage_healed":0.0,"max_hp_gain":0.0,"max_hp_loss":0.0,"gold_gain":0.0,"event_name":"Purifier","player_choice":"Purged","floor":4.0,"gold_loss":0.0,"damage_taken":0.0},{"cards_removed":["Defend_R"],"damage_healed":0.0,"max_hp_gain":0.0,"max_hp_loss":0.0,"gold_gain":0.0,"event_name":"The Cleric","player_choice":"Card Removal","floor":7.0,"gold_loss":50.0,"damage_taken":0.0},{"damage_healed":0.0,"max_hp_gain":0.0,"max_hp_loss":0.0,"gold_gain":175.0,"event_name":"Liars Game","player_choice":"AGREE","floor":10.0,"gold_loss":0.0,"damage_taken":0.0,"cards_obtained":["Doubt"]},{"damage_healed":0.0,"max_hp_gain":0.0,"max_hp_loss":0.0,"gold_gain":0.0,"event_name":"Mushrooms","player_choice":"Fought Mushrooms","floor":11.0,"gold_loss":0.0,"damage_taken":0.0},{"cards_removed":["Strike_R"],"damage_healed":0.0,"max_hp_gain":0.0,"max_hp_loss":0.0,"gold_gain":0.0,"event_name":"Beggar","player_choice":"Gave Gold","floor":19.0,"gold_loss":75.0,"damage_taken":0.0},{"damage_healed":0.0,"max_hp_gain":0.0,"max_hp_loss":0.0,"gold_gain":0.0,"event_name":"Transmorgrifier","player_choice":"Ignored","floor":21.0,"gold_loss":0.0,"damage_taken":0.0},{"damage_healed":0.0,"max_hp_gain":0.0,"max_hp_loss":0.0,"gold_gain":0.0,"event_name":"FaceTrader","player_choice":"Trade","floor":29.0,"gold_loss":0.0,"damage_taken":0.0,"relics_obtained":["SsserpentHead"]},{"damage_healed":0.0,"max_hp_gain":0.0,"max_hp_loss":0.0,"gold_gain":0.0,"event_name":"Tomb of Lord Red Mask","player_choice":"Ignored","floor":36.0,"gold_loss":0.0,"damage_taken":0.0},{"damage_healed":0.0,"max_hp_gain":0.0,"max_hp_loss":0.0,"gold_gain":0.0,"event_name":"SensoryStone","player_choice":"Memory 1","floor":42.0,"gold_loss":0.0,"damage_taken":0.0}],"is_beta":false,"boss_relics":[{"not_picked":["Busted Crown","Astrolabe"],"picked":"Empty Cage"},{"not_picked":["Coffee Dripper","Sozu"],"picked":"Fusion Hammer"}],"items_purged_floors":[3,14,37,45],"is_endless":false,"potions_floor_spawned":[1,12,16,24,30,31,33,38,40,44,47],"ascension_level":0}