{"gold_per_floor":[114,39,53,128,128,160,160,160,160,176,176,187,187,203,203,303,303,303],"floor_reached":18,"playtime":718,"items_purged":[],"score":200,"play_id":"834b80ca-7683-42e9-96c7-a42c89402ce6","local_time":"20190314005447","is_ascension_mode":true,"campfire_choices":[{"data":"Barricade","floor":7,"key":"SMITH"},{"floor":11,"key":"REST"},{"floor":13,"key":"REST"},{"data":"Shrug It Off","floor":15,"key":"SMITH"}],"neow_cost":"NONE","seed_source_timestamp":47721566597456,"circlet_count":0,"master_deck":["Strike_R","Strike_R","Strike_R","Strike_R","Strike_R","Defend_R","Defend_R","Defend_R","Defend_R","Bash","Searing Blow","Barricade+1","Headbutt","Battle Trance","Cleave","Shrug It Off+1","Shrug It Off"],"relics":["Burning Blood","Orichalcum","Art of War","Singing Bowl","Runic Cube"],"potions_floor_usage":[3,6,10,16],"damage_taken":[{"damage":6,"enemies":"2 Louse","floor":1,"turns":4},{"damage":0,"enemies":"Small Slimes","floor":3,"turns":5},{"damage":56,"enemies":"Lagavulin","floor":6,"turns":9},{"damage":4,"enemies":"Cultist","floor":10,"turns":5},{"damage":12,"enemies":"Looter","floor":12,"turns":3},{"damage":18,"enemies":"Large Slime","floor":14,"turns":9},{"damage":40,"enemies":"Slime Boss","floor":16,"turns":16},{"damage":7,"enemies":"3 Byrds","floor":18,"turns":3}],"seed_played":"8947320553329049086","potions_obtained":[{"floor":1,"key":"Weak Potion"},{"floor":3,"key":"Regen Potion"},{"floor":6,"key":"SneckoOil"},{"floor":12,"key":"SteroidPotion"}],"is_trial":false,"path_per_floor":["M","$","M","?","?","E","R","?","T","M","R","M","R","M","R","B",null,"M"],"character_chosen":"IRONCLAD","items_purchased":["Barricade"],"campfire_rested":2,"item_purchase_floors":[2],"current_hp_per_floor":[88,88,88,77,52,17,17,17,17,19,45,39,65,53,53,21,73,66],"gold":303,"neow_bonus":"TEN_PERCENT_HP_BONUS","is_prod":false,"is_daily":false,"chose_seed":false,"campfire_upgraded":2,"win_rate":0,"timestamp":1552550087,"path_taken":["M","$","M","?","?","E","R","?","T","?","R","M","R","M","R","BOSS","M"],"build_version":"2019-01-23","purchased_purges":0,"victory":false,"max_hp_per_floor":[88,88,88,88,88,88,88,88,88,88,88,88,88,88,88,90,90,90],"card_choices":[{"not_picked":["Intimidate","Warcry"],"picked":"Searing Blow","floor":1},{"not_picked":["Hemokinesis","Clash"],"picked":"Headbutt","floor":3},{"not_picked":["Perfected Strike","Disarm"],"picked":"Battle Trance","floor":6},{"not_picked":["Blood for Blood","Dropkick"],"picked":"Cleave","floor":10},{"not_picked":["Perfected Strike","Anger"],"picked":"Shrug It Off","floor":12},{"not_picked":["Feed","Feel No Pain"],"picked":"Shrug It Off","floor":14},{"not_picked":["Bludgeon","Berserk","Offering"],"picked":"Singing Bowl","floor":16}],"player_experience":430378,"relics_obtained":[{"floor":6,"key":"Art of War"},{"floor":9,"key":"Singing Bowl"}],"event_choices":[{"damage_healed":0,"gold_gain":75,"player_choice":"Gather Gold","damage_taken":11,"max_hp_gain":0,"max_hp_loss":0,"event_name":"World of Goop","floor":4,"gold_loss":0},{"damage_healed":0,"gold_gain":0,"player_choice":"Success","damage_taken":25,"relics_obtained":["Orichalcum"],"max_hp_gain":0,"max_hp_loss":0,"event_name":"Scrap Ooze","floor":5,"gold_loss":0},{"damage_healed":0,"gold_gain":0,"player_choice":"Bought 0 Potions","damage_taken":0,"max_hp_gain":0,"max_hp_loss":0,"event_name":"The Woman in Blue","floor":8,"gold_loss":0}],"is_beta":false,"boss_relics":[{"not_picked":["Tiny House","Busted Crown"],"picked":"Runic Cube"}],"items_purged_floors":[],"is_endless":false,"potions_floor_spawned":[1,3,6,12],"killed_by":"3 Byrds","ascension_level":5}