{"gold_per_floor":[118,118,118,128,128,156,156,186,232,249,249,275,285,299,299,376,376,331,331,331,209,209,209,209,209,209,209,209,209,43,43,43,43,43,43,43,43,43,43,43],"floor_reached":40,"playtime":2521,"items_purged":["Strike_R","Strike_R"],"score":824,"play_id":"2ac2f870-6fca-456d-9720-e9083852d69f","local_time":"20190226225035","is_ascension_mode":true,"campfire_choices":[{"data":"Bash","floor":7,"key":"SMITH"},{"data":"Inflame","floor":11,"key":"SMITH"},{"floor":15,"key":"DIG"},{"floor":24,"key":"REST"},{"floor":27,"key":"DIG"},{"data":"Armaments","floor":32,"key":"SMITH"}],"neow_cost":"NONE","seed_source_timestamp":811107656322309,"circlet_count":0,"master_deck":["AscendersBane","Strike_R","Strike_R","Strike_R","Defend_R","Defend_R","Defend_R","Defend_R","Bash+1","Pommel Strike","True Grit","Anger","Headbutt","Inflame+1","Barricade","Shrug It Off","Disarm","Juggernaut","Shrug It Off","Armaments+1","Corruption","Impervious","Entrench","Parasite","True Grit"],"relics":["Burning Blood","Juzu Bracelet","Dodecahedron","Meat on the Bone","Lantern","Shovel","Centennial Puzzle","Ectoplasm","Nloth\u0027s Gift","Smiling Mask","Singing Bowl","Pantograph","Art of War","Runic Cube"],"potions_floor_usage":[8,16,18,23,37,40],"damage_taken":[{"damage":0,"enemies":"Small Slimes","floor":1,"turns":1},{"damage":0,"enemies":"2 Louse","floor":4,"turns":1},{"damage":0,"enemies":"Gremlin Nob","floor":6,"turns":1},{"damage":15,"enemies":"Lagavulin","floor":8,"turns":7},{"damage":0,"enemies":"Cultist","floor":10,"turns":2},{"damage":29,"enemies":"Gremlin Nob","floor":12,"turns":4},{"damage":9,"enemies":"2 Fungi Beasts","floor":13,"turns":4},{"damage":0,"enemies":"Large Slime","floor":14,"turns":3},{"damage":33,"enemies":"Slime Boss","floor":16,"turns":8},{"damage":14,"enemies":"2 Thieves","floor":18,"turns":4},{"damage":4,"enemies":"Spheric Guardian","floor":20,"turns":3},{"damage":7,"enemies":"Chosen and Byrds","floor":22,"turns":5},{"damage":51,"enemies":"Slavers","floor":23,"turns":9},{"damage":39,"enemies":"Book of Stabbing","floor":28,"turns":6},{"damage":14,"enemies":"Centurion and Healer","floor":29,"turns":5},{"damage":50,"enemies":"Champ","floor":33,"turns":26},{"damage":21,"enemies":"Orb Walker","floor":35,"turns":5},{"damage":19,"enemies":"3 Shapes","floor":36,"turns":4},{"damage":44,"enemies":"Spire Growth","floor":37,"turns":6},{"damage":17,"enemies":"Writhing Mass","floor":39,"turns":9},{"damage":27,"enemies":"Reptomancer","floor":40,"turns":3}],"seed_played":"3330223128340211935","potions_obtained":[{"floor":4,"key":"Weak Potion"},{"floor":6,"key":"Ancient Potion"},{"floor":12,"key":"Block Potion"},{"floor":13,"key":"PowerPotion"},{"floor":18,"key":"GamblersBrew"},{"floor":29,"key":"Energy Potion"},{"floor":35,"key":"EssenceOfSteel"},{"floor":39,"key":"Ancient Potion"}],"is_trial":false,"path_per_floor":["M","$","?","M","?","E","R","E","T","M","R","E","M","M","R","B",null,"M","?","M","$","M","E","R","?","T","R","E","M","$","?","R","B",null,"M","M","M","?","M","E"],"character_chosen":"IRONCLAD","items_purchased":["Shrug It Off","Armaments","Corruption"],"campfire_rested":1,"item_purchase_floors":[21,30,30],"current_hp_per_floor":[74,74,63,69,69,75,75,66,66,72,72,49,46,52,52,37,66,58,58,60,60,59,26,48,48,48,48,29,33,33,33,33,26,64,51,50,26,26,27,0],"gold":43,"neow_bonus":"THREE_ENEMY_KILL","is_prod":false,"is_daily":false,"chose_seed":false,"campfire_upgraded":3,"win_rate":0,"timestamp":1551239435,"path_taken":["M","$","?","M","?","E","R","E","T","M","R","E","M","M","R","BOSS","M","?","M","$","M","E","R","?","T","R","E","M","$","?","R","BOSS","M","M","M","?","M","E"],"build_version":"2019-02-06","purchased_purges":2,"victory":false,"max_hp_per_floor":[75,75,75,75,75,75,75,75,75,75,75,75,75,75,75,75,75,75,75,75,75,75,75,75,75,75,75,77,77,77,77,77,77,77,79,79,81,81,81,81],"card_choices":[{"not_picked":["Perfected Strike","Corruption"],"picked":"Pommel Strike","floor":1},{"not_picked":["Thunderclap","Sentinel"],"picked":"True Grit","floor":4},{"not_picked":["Dark Embrace","Cleave"],"picked":"Anger","floor":6},{"not_picked":["Twin Strike","Clash"],"picked":"Headbutt","floor":8},{"not_picked":["Twin Strike","Entrench"],"picked":"Inflame","floor":10},{"not_picked":["Power Through","Sever Soul","Reckless Charge"],"picked":"SKIP","floor":12},{"not_picked":["Iron Wave","Warcry","Perfected Strike"],"picked":"SKIP","floor":13},{"not_picked":["Havoc","Rupture","Double Tap"],"picked":"SKIP","floor":14},{"not_picked":["Brutality","Dark Embrace"],"picked":"Barricade","floor":16},{"not_picked":["Twin Strike","Anger","Flex"],"picked":"SKIP","floor":18},{"not_picked":["Whirlwind","Cleave","Hemokinesis+1"],"picked":"SKIP","floor":20},{"not_picked":["Cleave+1","Havoc"],"picked":"Disarm","floor":22},{"not_picked":["Headbutt","Cleave"],"picked":"Juggernaut","floor":23},{"not_picked":["Double Tap","Flex","Dark Embrace"],"picked":"Singing Bowl","floor":28},{"not_picked":["Headbutt","Armaments"],"picked":"Shrug It Off","floor":29},{"not_picked":["Double Tap","Juggernaut"],"picked":"Impervious","floor":33},{"not_picked":["True Grit","Wild Strike","Twin Strike"],"picked":"Singing Bowl","floor":35},{"not_picked":["Flame Barrier","Pummel+1"],"picked":"Entrench","floor":36},{"not_picked":["Evolve","Wild Strike","Rage"],"picked":"Singing Bowl","floor":37},{"not_picked":["Rampage","Armaments+1"],"picked":"True Grit","floor":39}],"player_experience":2047814,"relics_obtained":[{"floor":6,"key":"Dodecahedron"},{"floor":8,"key":"Meat on the Bone"},{"floor":9,"key":"Lantern"},{"floor":12,"key":"Shovel"},{"floor":15,"key":"Centennial Puzzle"},{"floor":23,"key":"Smiling Mask"},{"floor":26,"key":"Singing Bowl"},{"floor":27,"key":"Pantograph"},{"floor":28,"key":"Art of War"}],"event_choices":[{"damage_healed":0,"gold_gain":0,"player_choice":"Success","damage_taken":11,"relics_obtained":["Juzu Bracelet"],"max_hp_gain":0,"max_hp_loss":0,"event_name":"Scrap Ooze","floor":3,"gold_loss":0},{"damage_healed":0,"gold_gain":0,"player_choice":"Ignored","damage_taken":0,"max_hp_gain":0,"max_hp_loss":0,"event_name":"Liars Game","floor":5,"gold_loss":0},{"damage_healed":0,"gold_gain":0,"player_choice":"Traded Relic","damage_taken":0,"relics_obtained":["Nloth\u0027s Gift"],"max_hp_gain":0,"max_hp_loss":0,"event_name":"N\u0027loth","floor":19,"relics_lost":["NeowsBlessing"],"gold_loss":0},{"damage_healed":0,"gold_gain":50,"player_choice":"Stole From Cult","damage_taken":0,"max_hp_gain":0,"max_hp_loss":0,"event_name":"Nest","floor":25,"gold_loss":0},{"damage_healed":0,"gold_gain":0,"player_choice":"Ignored","damage_taken":0,"max_hp_gain":0,"max_hp_loss":0,"event_name":"Beggar","floor":31,"gold_loss":0},{"damage_healed":0,"gold_gain":0,"player_choice":"Leave","damage_taken":0,"max_hp_gain":0,"max_hp_loss":0,"event_name":"FaceTrader","floor":38,"gold_loss":0}],"is_beta":true,"boss_relics":[{"not_picked":["Coffee Dripper","Astrolabe"],"picked":"Ectoplasm"},{"not_picked":["Eternal Feather","Tiny House"],"picked":"Runic Cube"}],"items_purged_floors":[21,30],"is_endless":false,"potions_floor_spawned":[4,6,12,13,18,29,35,39],"killed_by":"Reptomancer","ascension_level":15}