{"gold_per_floor":[117,192,192,204,59,91,91,110,110,25,25,1,11,28,28,132,132,148,164,79,29,29,29,39,138,163,175,175,175,175,175,175,175],"floor_reached":33,"playtime":1052,"items_purged":["Strike_G","Strike_G","Strike_G"],"score":322,"play_id":"ca601a60-4285-486d-9b64-06d2251f6f72","local_time":"20190313003945","is_ascension_mode":true,"campfire_choices":[{"data":"Neutralize","floor":7,"key":"SMITH"},{"data":"Footwork","floor":11,"key":"SMITH"},{"data":"Dagger Spray","floor":15,"key":"SMITH"},{"data":"Glass Knife","floor":23,"key":"SMITH"},{"data":"Bouncing Flask","floor":28,"key":"SMITH"},{"data":"Deadly Poison","floor":30,"key":"SMITH"},{"floor":32,"key":"REST"}],"neow_cost":"NONE","seed_source_timestamp":122440267612025,"circlet_count":0,"master_deck":["Defend_G","Defend_G","Defend_G","Defend_G","Defend_G","Strike_G","Strike_G","Survivor","Neutralize+1","Bouncing Flask+1","Deadly Poison+1","Dash","Quick Slash","Footwork+1","Backflip","Predator","Dagger Spray+1","Glass Knife+1","Decay","Backflip"],"relics":["Ring of the Snake","NeowsBlessing","Darkstone Periapt","Smiling Mask","Busted Crown","Snake Skull","Omamori","Bottled Lightning"],"potions_floor_usage":[13,18,19],"damage_taken":[{"damage":0,"enemies":"Cultist","floor":1,"turns":1},{"damage":0,"enemies":"2 Louse","floor":4,"turns":1},{"damage":0,"enemies":"3 Sentries","floor":6,"turns":2},{"damage":0,"enemies":"Jaw Worm","floor":8,"turns":3},{"damage":0,"enemies":"3 Louse","floor":13,"turns":2},{"damage":0,"enemies":"2 Fungi Beasts","floor":14,"turns":4},{"damage":10,"enemies":"The Guardian","floor":16,"turns":9},{"damage":0,"enemies":"Chosen","floor":18,"turns":4},{"damage":1,"enemies":"Spheric Guardian","floor":19,"turns":4},{"damage":21,"enemies":"Snake Plant","floor":24,"turns":3},{"damage":0,"enemies":"Centurion and Healer","floor":27,"turns":7},{"damage":84,"enemies":"Collector","floor":33,"turns":7}],"seed_played":"6437020713901434888","potions_obtained":[{"floor":1,"key":"Explosive Potion"},{"floor":16,"key":"GhostInAJar"},{"floor":18,"key":"Block Potion"}],"is_trial":false,"path_per_floor":["M","?","?","M","$","E","R","M","T","$","R","$","M","M","R","B",null,"M","M","?","$","?","R","M","?","T","M","R","?","R","T","R","B"],"character_chosen":"THE_SILENT","items_purchased":["Dash","Footwork","Backflip"],"campfire_rested":1,"item_purchase_floors":[5,10,12],"current_hp_per_floor":[70,59,59,59,59,59,59,59,59,59,59,59,59,59,59,49,70,70,69,69,69,75,75,54,54,54,54,54,54,54,54,76,0],"gold":175,"neow_bonus":"THREE_ENEMY_KILL","is_prod":false,"is_daily":false,"chose_seed":false,"campfire_upgraded":6,"win_rate":0,"timestamp":1552462785,"path_taken":["M","?","?","M","$","E","R","M","T","$","R","?","M","M","R","BOSS","M","M","?","$","?","R","M","?","T","?","R","?","R","?","R","BOSS"],"build_version":"2019-01-23","purchased_purges":3,"victory":false,"max_hp_per_floor":[70,70,70,70,70,70,70,70,70,70,70,70,70,70,70,70,70,70,70,70,70,76,76,76,76,76,76,76,76,76,76,76,76],"card_choices":[{"not_picked":["Endless Agony","Expertise"],"picked":"Bouncing Flask","floor":1},{"not_picked":["Terror","Underhanded Strike"],"picked":"Deadly Poison","floor":4},{"not_picked":["Caltrops","Blade Dance"],"picked":"Quick Slash","floor":6},{"not_picked":["Bouncing Flask","Deadly Poison","Acrobatics"],"picked":"SKIP","floor":8},{"not_picked":["Dagger Throw","Flying Knee"],"picked":"Predator","floor":13},{"not_picked":["Backflip","Riddle With Holes"],"picked":"Dagger Spray","floor":14},{"not_picked":["Unload","Phantasmal Killer"],"picked":"Glass Knife","floor":16},{"not_picked":["PiercingWail"],"picked":"SKIP","floor":18},{"not_picked":["Quick Slash"],"picked":"SKIP","floor":19},{"not_picked":["Prepared"],"picked":"SKIP","floor":24},{"not_picked":[],"picked":"Backflip","floor":27}],"player_experience":413097,"relics_obtained":[{"floor":6,"key":"Darkstone Periapt"},{"floor":9,"key":"Smiling Mask"},{"floor":26,"key":"Omamori"},{"floor":31,"key":"Bottled Lightning"}],"event_choices":[{"damage_healed":0,"gold_gain":75,"player_choice":"Gather Gold","damage_taken":11,"max_hp_gain":0,"max_hp_loss":0,"event_name":"World of Goop","floor":2,"gold_loss":0},{"damage_healed":0,"gold_gain":0,"player_choice":"Ignored","damage_taken":0,"max_hp_gain":0,"max_hp_loss":0,"event_name":"Shining Light","floor":3,"gold_loss":0},{"damage_healed":0,"gold_gain":0,"player_choice":"Obtained Relic","damage_taken":0,"relics_obtained":["Snake Skull"],"max_hp_gain":0,"max_hp_loss":0,"event_name":"Addict","floor":20,"gold_loss":85},{"damage_healed":0,"gold_gain":0,"player_choice":"Smashed Altar","damage_taken":0,"max_hp_gain":0,"max_hp_loss":0,"event_name":"Forgotten Altar","floor":22,"gold_loss":0,"cards_obtained":["Decay"]},{"damage_healed":0,"gold_gain":99,"player_choice":"Stole From Cult","damage_taken":0,"max_hp_gain":0,"max_hp_loss":0,"event_name":"Nest","floor":25,"gold_loss":0},{"damage_healed":0,"gold_gain":0,"player_choice":"Ignored","damage_taken":0,"max_hp_gain":0,"max_hp_loss":0,"event_name":"Ghosts","floor":29,"gold_loss":0}],"is_beta":false,"boss_relics":[{"not_picked":["Coffee Dripper","WristBlade"],"picked":"Busted Crown"}],"items_purged_floors":[5,10,21],"is_endless":false,"potions_floor_spawned":[1,16,18],"killed_by":"Collector","ascension_level":4}