{"gold_per_floor":[19,19,19,37,52,87,87,121,148,148,159,176,187,204,204,204],"floor_reached":16,"playtime":563,"items_purged":[],"score":200,"play_id":"6adc168b-ec53-4c2c-a933-de124a105ae1","local_time":"20190120193339","is_ascension_mode":true,"campfire_choices":[{"floor":7,"key":"REST"},{"data":"Neutralize","floor":10,"key":"SMITH"},{"data":"Dagger Spray","floor":15,"key":"SMITH"}],"neow_cost":"NO_GOLD","seed_source_timestamp":987810767427514,"circlet_count":0,"master_deck":["AscendersBane","Defend_G","Defend_G","Defend_G","Defend_G","Defend_G","Strike_G","Strike_G","Strike_G","Strike_G","Strike_G","Survivor","Neutralize+1","Adrenaline","Predator","Dodge and Roll","Terror","Quick Slash","Dagger Spray+1"],"relics":["Ring of the Snake","Juzu Bracelet","Oddly Smooth Stone","Bronze Scales","Strawberry"],"potions_floor_usage":[6,8,16,16],"damage_taken":[{"damage":0,"enemies":"2 Louse","floor":1,"turns":3},{"damage":7,"enemies":"Small Slimes","floor":4,"turns":5},{"damage":0,"enemies":"Cultist","floor":5,"turns":3},{"damage":21,"enemies":"3 Sentries","floor":6,"turns":10},{"damage":16,"enemies":"Lagavulin","floor":8,"turns":7},{"damage":2,"enemies":"Blue Slaver","floor":11,"turns":3},{"damage":0,"enemies":"2 Fungi Beasts","floor":12,"turns":3},{"damage":0,"enemies":"Exordium Wildlife","floor":13,"turns":2},{"damage":4,"enemies":"Red Slaver","floor":14,"turns":2},{"damage":53,"enemies":"Slime Boss","floor":16,"turns":8}],"seed_played":"6383493651978246742","potions_obtained":[{"floor":4,"key":"AttackPotion"},{"floor":6,"key":"Explosive Potion"},{"floor":8,"key":"Regen Potion"},{"floor":13,"key":"LiquidBronze"}],"is_trial":false,"path_per_floor":["M","?","?","M","M","E","R","E","T","R","M","M","M","M","R","B"],"character_chosen":"THE_SILENT","items_purchased":[],"campfire_rested":1,"item_purchase_floors":[],"current_hp_per_floor":[59,48,48,41,41,20,39,23,30,30,28,28,28,24,24,0],"gold":204,"neow_bonus":"THREE_RARE_CARDS","is_prod":false,"is_daily":false,"chose_seed":false,"campfire_upgraded":2,"win_rate":0,"timestamp":1548030819,"path_taken":["M","?","?","M","M","E","R","E","T","R","M","M","M","M","R","BOSS"],"build_version":"2019-01-19","purchased_purges":0,"victory":false,"max_hp_per_floor":[66,66,66,66,66,66,66,66,73,73,73,73,73,73,73,73],"card_choices":[{"not_picked":["Malaise","Unload"],"picked":"Adrenaline","floor":0},{"not_picked":["PiercingWail","Backflip"],"picked":"Predator","floor":1},{"not_picked":["Deflect","Underhanded Strike"],"picked":"Dodge and Roll","floor":4},{"not_picked":["Backflip","Riddle With Holes"],"picked":"Terror","floor":5},{"not_picked":["Calculated Gamble","Setup"],"picked":"Quick Slash","floor":6},{"not_picked":["Acrobatics","All Out Attack","Terror"],"picked":"SKIP","floor":8},{"not_picked":["Poisoned Stab","Calculated Gamble","Outmaneuver"],"picked":"SKIP","floor":11},{"not_picked":["Flying Knee","Dodge and Roll"],"picked":"Dagger Spray","floor":12},{"not_picked":["Dagger Spray","Masterful Stab","Heel Hook"],"picked":"SKIP","floor":13},{"not_picked":["Underhanded Strike","Tactician","Sucker Punch"],"picked":"SKIP","floor":14}],"player_experience":1854298,"relics_obtained":[{"floor":6,"key":"Oddly Smooth Stone"},{"floor":8,"key":"Bronze Scales"},{"floor":9,"key":"Strawberry"}],"event_choices":[{"damage_healed":0,"gold_gain":0,"player_choice":"Success","damage_taken":11,"relics_obtained":["Juzu Bracelet"],"max_hp_gain":0,"max_hp_loss":0,"event_name":"Scrap Ooze","floor":2,"gold_loss":0},{"damage_healed":0,"gold_gain":0,"player_choice":"Ignored","damage_taken":0,"max_hp_gain":0,"max_hp_loss":0,"event_name":"Golden Idol","floor":3,"gold_loss":0}],"is_beta":true,"boss_relics":[],"items_purged_floors":[],"is_endless":false,"potions_floor_spawned":[4,6,8,13],"killed_by":"Slime Boss","ascension_level":15}