{"gold_per_floor":[116,131,148,50,69,97,97,130,130,130,161,161,32,63,63,166,166,183,383,125,125,145,145,244,262,262,292,292,143,173,23,23,119,119,133,133,150,3,3,35,50,63,63,63,63,63,75,85,85,85],"floor_reached":50,"playtime":2424,"items_purged":["Strike_R","Strike_R","Strike_R","Strike_R"],"score":676,"play_id":"5c253bf6-9593-491d-a8d8-9c33042c7102","local_time":"20190314013522","is_ascension_mode":true,"campfire_choices":[{"data":"Bash","floor":7,"key":"SMITH"},{"data":"Iron Wave","floor":10,"key":"SMITH"},{"floor":12,"key":"REST"},{"data":"Body Slam","floor":15,"key":"SMITH"},{"data":"True Grit","floor":23,"key":"SMITH"},{"data":"Whirlwind","floor":28,"key":"SMITH"},{"data":"Pommel Strike","floor":32,"key":"SMITH"},{"data":"Double Tap","floor":44,"key":"SMITH"},{"data":"Twin Strike","floor":46,"key":"SMITH"},{"floor":49,"key":"REST"}],"neow_cost":"TEN_PERCENT_HP_LOSS","seed_source_timestamp":48448617162575,"circlet_count":0,"master_deck":["Defend_R","Defend_R","Defend_R","Defend_R","Bash+1","Iron Wave+1","Headbutt+1","Twin Strike+1","Shrug It Off","Clothesline","Iron Wave+1","Pommel Strike+1","Body Slam+1","Juggernaut+1","True Grit+1","Whirlwind+1","Ghostly Armor","Inflame+1","Thunderclap+1","Double Tap+1","Twin Strike+1","Writhe","Whirlwind+1","Parasite"],"relics":["Burning Blood","Thread and Needle","Dream Catcher","Du-Vu Doll","Frozen Egg 2","Mercury Hourglass","Anchor","Sozu","Enchiridion","Molten Egg 2","Red Mask","Strawberry","Busted Crown","Whetstone","Regal Pillow","Bottled Lightning"],"potions_floor_usage":[6,6,11],"damage_taken":[{"damage":0,"enemies":"2 Louse","floor":1,"turns":3},{"damage":0,"enemies":"Cultist","floor":2,"turns":4},{"damage":0,"enemies":"Small Slimes","floor":3,"turns":4},{"damage":2,"enemies":"Looter","floor":5,"turns":3},{"damage":6,"enemies":"3 Sentries","floor":6,"turns":10},{"damage":20,"enemies":"Lagavulin","floor":8,"turns":7},{"damage":17,"enemies":"Gremlin Nob","floor":11,"turns":4},{"damage":16,"enemies":"Lagavulin","floor":14,"turns":5},{"damage":38,"enemies":"The Guardian","floor":16,"turns":13},{"damage":0,"enemies":"Chosen","floor":18,"turns":3},{"damage":0,"enemies":"3 Byrds","floor":22,"turns":4},{"damage":0,"enemies":"Centurion and Healer","floor":25,"turns":5},{"damage":2,"enemies":"Masked Bandits","floor":27,"turns":3},{"damage":0,"enemies":"Gremlin Leader","floor":30,"turns":3},{"damage":1,"enemies":"Champ","floor":33,"turns":8},{"damage":10,"enemies":"3 Darklings","floor":35,"turns":4},{"damage":0,"enemies":"Orb Walker","floor":37,"turns":2},{"damage":21,"enemies":"Giant Head","floor":40,"turns":7},{"damage":0,"enemies":"3 Darklings","floor":41,"turns":2},{"damage":0,"enemies":"Jaw Worm Horde","floor":42,"turns":2},{"damage":27,"enemies":"Writhing Mass","floor":47,"turns":3},{"damage":0,"enemies":"Maw","floor":48,"turns":6},{"damage":83,"enemies":"Time Eater","floor":50,"turns":7}],"seed_played":"-3812985003589564933","potions_obtained":[{"floor":1,"key":"SpeedPotion"},{"floor":3,"key":"LiquidBronze"},{"floor":8,"key":"Strength Potion"}],"is_trial":false,"path_per_floor":["M","M","M","$","M","E","R","E","T","R","E","R","$","E","R","B",null,"M","?","$","?","M","R","?","M","T","?","R","$","E","$","R","B",null,"M","?","M","$","?","E","M","M","T","R","$","R","M","M","R","B"],"character_chosen":"IRONCLAD","items_purchased":["Twin Strike","Shrug It Off","Body Slam","Whirlwind","Ghostly Armor","Thunderclap+1","Whetstone"],"campfire_rested":2,"item_purchase_floors":[4,4,13,20,20,29,38],"current_hp_per_floor":[72,72,72,72,72,72,72,58,58,58,47,68,68,58,58,26,61,67,67,67,51,57,57,57,63,63,67,67,67,79,79,79,79,79,75,75,79,79,79,64,70,76,76,76,76,76,55,61,79,0],"gold":85,"neow_bonus":"ONE_RARE_RELIC","is_prod":false,"is_daily":false,"chose_seed":false,"campfire_upgraded":8,"win_rate":0,"timestamp":1552552522,"path_taken":["M","M","M","$","M","E","R","E","T","R","E","R","$","E","R","BOSS","M","?","?","?","M","R","?","M","T","?","R","$","E","$","R","BOSS","M","?","M","$","?","E","M","M","T","R","?","R","?","M","R","BOSS"],"build_version":"2019-01-23","purchased_purges":4,"victory":false,"max_hp_per_floor":[72,72,72,72,72,72,72,72,72,72,72,72,72,72,72,72,72,72,72,72,72,72,72,72,72,72,72,72,72,79,79,79,79,79,79,79,79,79,79,79,79,79,79,79,79,79,79,79,79,79],"card_choices":[{"not_picked":["Ghostly Armor","Shockwave"],"picked":"Iron Wave","floor":1},{"not_picked":["Pummel","Wild Strike","Searing Blow"],"picked":"SKIP","floor":2},{"not_picked":["Havoc","Flex"],"picked":"Headbutt","floor":3},{"not_picked":["Entrench","Combust","Anger"],"picked":"SKIP","floor":5},{"not_picked":["Sentinel","Perfected Strike"],"picked":"Clothesline","floor":6},{"not_picked":["Entrench","Evolve"],"picked":"Iron Wave","floor":8},{"not_picked":["Havoc","Sword Boomerang","Headbutt"],"picked":"SKIP","floor":11},{"not_picked":["Sword Boomerang","Impervious"],"picked":"Pommel Strike","floor":12},{"not_picked":["Seeing Red","Exhume","Havoc"],"picked":"SKIP","floor":14},{"not_picked":["Feed","Double Tap"],"picked":"Juggernaut+1","floor":16},{"not_picked":["Anger","Headbutt"],"picked":"True Grit","floor":18},{"not_picked":["Cleave+1","Iron Wave","Fire Breathing+1"],"picked":"SKIP","floor":22},{"not_picked":["True Grit","Warcry+1","Clash"],"picked":"SKIP","floor":25},{"not_picked":["Anger+1","Thunderclap+1"],"picked":"Inflame+1","floor":27},{"not_picked":["Thunderclap+1","Anger+1","Twin Strike+1"],"picked":"SKIP","floor":30},{"not_picked":["Berserk+1","Bludgeon+1"],"picked":"Double Tap","floor":33},{"not_picked":[],"picked":"Twin Strike+1","floor":35},{"not_picked":["Havoc"],"picked":"SKIP","floor":37},{"not_picked":["Wild Strike+1"],"picked":"SKIP","floor":40},{"not_picked":["Corruption+1"],"picked":"SKIP","floor":41},{"not_picked":[],"picked":"Whirlwind+1","floor":42},{"not_picked":["Uppercut+1"],"picked":"SKIP","floor":47},{"not_picked":["Headbutt+1"],"picked":"SKIP","floor":48}],"player_experience":431096,"relics_obtained":[{"floor":6,"key":"Dream Catcher"},{"floor":8,"key":"Du-Vu Doll"},{"floor":9,"key":"Frozen Egg 2"},{"floor":11,"key":"Mercury Hourglass"},{"floor":14,"key":"Anchor"},{"floor":21,"key":"Enchiridion"},{"floor":26,"key":"Molten Egg 2"},{"floor":27,"key":"Red Mask"},{"floor":30,"key":"Strawberry"},{"floor":40,"key":"Regal Pillow"},{"floor":43,"key":"Bottled Lightning"}],"event_choices":[{"damage_healed":0,"gold_gain":250,"player_choice":"Bet on Owner","damage_taken":0,"max_hp_gain":0,"max_hp_loss":0,"event_name":"The Joust","floor":19,"gold_loss":50},{"damage_healed":0,"gold_gain":0,"player_choice":"Obtained Book","damage_taken":16,"max_hp_gain":0,"max_hp_loss":0,"event_name":"Cursed Tome","floor":21,"gold_loss":0},{"damage_healed":0,"gold_gain":99,"player_choice":"Stole From Cult","damage_taken":0,"max_hp_gain":0,"max_hp_loss":0,"event_name":"Nest","floor":24,"gold_loss":0},{"damage_healed":0,"gold_gain":0,"player_choice":"Fought Bandits","damage_taken":0,"max_hp_gain":0,"max_hp_loss":0,"event_name":"Masked Bandits","floor":27,"gold_loss":0},{"cards_removed":["Strike_R"],"damage_healed":0,"gold_gain":0,"player_choice":"Removed Attack","damage_taken":0,"max_hp_gain":0,"max_hp_loss":0,"event_name":"Falling","floor":36,"gold_loss":0},{"damage_healed":20,"gold_gain":0,"player_choice":"Writhe","damage_taken":0,"max_hp_gain":0,"max_hp_loss":0,"event_name":"Winding Halls","floor":39,"gold_loss":0,"cards_obtained":["Writhe"]}],"is_beta":false,"boss_relics":[{"not_picked":["Cursed Key","Ectoplasm"],"picked":"Sozu"},{"not_picked":["Black Star","Lizard Tail"],"picked":"Busted Crown"}],"items_purged_floors":[13,20,29,31],"is_endless":false,"potions_floor_spawned":[1,3,8,25,30,35,41,47],"killed_by":"Time Eater","ascension_level":5}