{"gold_per_floor":[119,19,19,19,38,38,73,73,73,86,99,99,115,132,132,233,283,265,265,277,277],"floor_reached":21,"playtime":1093,"items_purged":["Strike_R"],"score":226,"play_id":"8577249b-bb4e-4b58-bfb0-e36a26a618d6","local_time":"20190313171620","is_ascension_mode":true,"campfire_choices":[{"data":"True Grit","floor":6,"key":"SMITH"},{"floor":8,"key":"REST"},{"data":"Disarm","floor":15,"key":"SMITH"}],"neow_cost":"NONE","seed_source_timestamp":19839938784876,"circlet_count":0,"master_deck":["Strike_R","Strike_R","Strike_R","Strike_R","Defend_R","Defend_R","Defend_R","Defend_R","Bash","Iron Wave","True Grit+1","Flex","Offering","Heavy Blade+1","Barricade","Pommel Strike","Disarm+1","Feed","Whirlwind"],"relics":["Burning Blood","Dream Catcher","Orichalcum","Dodecahedron","GremlinMask","Tiny House"],"potions_floor_usage":[16,18,18,20,21],"damage_taken":[{"damage":0,"enemies":"Small Slimes","floor":1,"turns":4},{"damage":12,"enemies":"2 Louse","floor":5,"turns":3},{"damage":50,"enemies":"3 Sentries","floor":7,"turns":12},{"damage":1,"enemies":"Cultist","floor":10,"turns":3},{"damage":3,"enemies":"Blue Slaver","floor":11,"turns":4},{"damage":15,"enemies":"Red Slaver","floor":13,"turns":6},{"damage":10,"enemies":"Looter","floor":14,"turns":4},{"damage":37,"enemies":"Hexaghost","floor":16,"turns":16},{"damage":30,"enemies":"2 Thieves","floor":18,"turns":4},{"damage":20,"enemies":"Shell Parasite","floor":20,"turns":10},{"damage":11,"enemies":"Chosen and Byrds","floor":21,"turns":8}],"seed_played":"-2518233355254898896","potions_obtained":[{"floor":11,"key":"SteroidPotion"},{"floor":13,"key":"Explosive Potion"},{"floor":17,"key":"Poison Potion"},{"floor":18,"key":"Explosive Potion"},{"floor":20,"key":"Energy Potion"}],"is_trial":false,"path_per_floor":["M","$","?","?","M","R","E","R","T","M","M","?","M","M","R","B",null,"M","?","M","M"],"character_chosen":"IRONCLAD","items_purchased":["True Grit"],"campfire_rested":1,"item_purchase_floors":[2],"current_hp_per_floor":[80,80,80,80,74,74,30,54,54,59,62,62,53,49,49,18,70,46,38,27,19],"gold":277,"neow_bonus":"RANDOM_COMMON_RELIC","is_prod":false,"is_daily":false,"chose_seed":false,"campfire_upgraded":2,"win_rate":0,"timestamp":1552522580,"path_taken":["M","$","?","?","M","R","E","R","T","M","M","?","?","M","R","BOSS","M","?","?","M"],"build_version":"2019-01-23","purchased_purges":1,"victory":false,"max_hp_per_floor":[80,80,80,80,80,80,80,80,80,80,80,80,80,80,80,80,85,85,85,88,91],"card_choices":[{"not_picked":["Twin Strike","Warcry"],"picked":"Iron Wave","floor":1},{"not_picked":["Power Through","Bloodletting"],"picked":"Flex","floor":5},{"not_picked":["Fire Breathing","Intimidate","Hemokinesis"],"picked":"SKIP","floor":7},{"not_picked":["Armaments","Reckless Charge"],"picked":"Offering","floor":8},{"not_picked":["Armaments","True Grit"],"picked":"Heavy Blade","floor":10},{"not_picked":["Anger","Sentinel"],"picked":"Barricade","floor":11},{"not_picked":["Headbutt","Iron Wave"],"picked":"Pommel Strike","floor":13},{"not_picked":["True Grit","Intimidate"],"picked":"Disarm","floor":14},{"not_picked":["Immolate","Berserk"],"picked":"Feed","floor":16},{"not_picked":["Iron Wave","Armaments","Cleave"],"picked":"SKIP","floor":18},{"not_picked":["Spot Weakness","Double Tap"],"picked":"Whirlwind","floor":20}],"player_experience":427394,"relics_obtained":[{"floor":7,"key":"Orichalcum"},{"floor":9,"key":"Dodecahedron"}],"event_choices":[{"damage_healed":0,"gold_gain":0,"player_choice":"Leave","damage_taken":0,"max_hp_gain":0,"max_hp_loss":0,"event_name":"The Cleric","floor":3,"gold_loss":0},{"damage_healed":0,"gold_gain":0,"player_choice":"Ignored","damage_taken":0,"max_hp_gain":0,"max_hp_loss":0,"event_name":"Liars Game","floor":4,"gold_loss":0},{"damage_healed":0,"gold_gain":0,"player_choice":"Trade","damage_taken":0,"relics_obtained":["GremlinMask"],"max_hp_gain":0,"max_hp_loss":0,"event_name":"FaceTrader","floor":12,"gold_loss":0},{"damage_healed":0,"gold_gain":0,"player_choice":"","damage_taken":8,"max_hp_gain":0,"max_hp_loss":0,"event_name":"Knowing Skull","floor":19,"potions_obtained":[],"gold_loss":0,"cards_obtained":[]}],"is_beta":false,"boss_relics":[{"not_picked":["Eternal Feather","Runic Pyramid"],"picked":"Tiny House"}],"items_purged_floors":[2],"is_endless":false,"potions_floor_spawned":[11,13,18,20],"killed_by":"Chosen and Byrds","ascension_level":5}