{"gold_per_floor":[148,101,111,122,135,135,164,164,164,182,182,182,203,167,167,167],"floor_reached":16,"playtime":1386,"items_purged":[],"score":102,"play_id":"e5c0c10a-00a5-49cc-825b-fc1f96e90757","local_time":"20190314190510","is_ascension_mode":false,"campfire_choices":[{"data":"True Grit","floor":6,"key":"SMITH"},{"floor":8,"key":"REST"},{"data":"Flex","floor":11,"key":"SMITH"},{"floor":15,"key":"REST"}],"neow_cost":"NONE","seed_source_timestamp":8227749841975,"circlet_count":0,"master_deck":["Strike_R","Strike_R","Strike_R","Strike_R","Strike_R","Defend_R","Defend_R","Defend_R","Defend_R","Bash","True Grit+1","Shrug It Off","Dual Wield","Burning Pact","Flex+1","Injury","Rage"],"relics":["Burning Blood","Tiny Chest","Gremlin Horn","Turnip","Golden Idol"],"potions_floor_usage":[5,16],"damage_taken":[{"damage":6,"enemies":"Cultist","floor":1,"turns":3},{"damage":3,"enemies":"Jaw Worm","floor":3,"turns":3},{"damage":4,"enemies":"2 Louse","floor":4,"turns":3},{"damage":16,"enemies":"Exordium Thugs","floor":5,"turns":5},{"damage":30,"enemies":"Gremlin Nob","floor":7,"turns":5},{"damage":15,"enemies":"Blue Slaver","floor":10,"turns":4},{"damage":11,"enemies":"Red Slaver","floor":13,"turns":6},{"damage":80,"enemies":"The Guardian","floor":16,"turns":23}],"seed_played":"1601372687007969303","potions_obtained":[{"floor":4,"key":"SteroidPotion"},{"floor":5,"key":"GamblersBrew"},{"floor":7,"key":"PowerPotion"}],"is_trial":false,"path_per_floor":["M","?","$"],"character_chosen":"IRONCLAD","items_purchased":["Shrug It Off","Rage"],"campfire_rested":2,"item_purchase_floors":[2,14],"current_hp_per_floor":[80,80,80,80,70,70,46,70,70,61,61,61,56,56,80,0],"gold":167,"neow_bonus":"RANDOM_COMMON_RELIC","is_prod":false,"is_daily":false,"chose_seed":false,"campfire_upgraded":2,"win_rate":0.0,"timestamp":1552586710,"path_taken":["M","$","M","M","M","R","E","R","T","?","R","?","M","?","R","BOSS"],"build_version":"2019-01-23","purchased_purges":0,"victory":false,"max_hp_per_floor":[80,80,80,80,80,80,80,80,80,80,80,80,80,80,80,80],"card_choices":[{"not_picked":["Perfected Strike","Fire Breathing"],"picked":"True Grit","floor":1},{"not_picked":["Havoc","Wild Strike","Cleave"],"picked":"SKIP","floor":3},{"not_picked":["True Grit","Twin Strike"],"picked":"Dual Wield","floor":4},{"not_picked":["True Grit","Berserk"],"picked":"Burning Pact","floor":5},{"not_picked":["Clothesline","Sentinel"],"picked":"Flex","floor":7},{"not_picked":["Headbutt","Seeing Red","Ghostly Armor"],"picked":"SKIP","floor":10},{"not_picked":["Blood for Blood","Heavy Blade","Shockwave"],"picked":"SKIP","floor":13}],"player_experience":76377,"relics_obtained":[{"floor":7,"key":"Gremlin Horn"},{"floor":9,"key":"Turnip"}],"event_choices":[{"damage_healed":0,"gold_gain":0,"player_choice":"Take Wound","damage_taken":0,"relics_obtained":["Golden Idol"],"max_hp_gain":0,"max_hp_loss":0,"event_name":"Golden Idol","floor":12,"gold_loss":0,"cards_obtained":["Injury"]}],"is_beta":false,"boss_relics":[],"items_purged_floors":[],"is_endless":false,"potions_floor_spawned":[4,5,7],"killed_by":"The Guardian","ascension_level":0}