{"path_per_floor":["M","?","?","?","M","E","R","M","T","E","M","$","?","M","R","B",null,"M","M","$","M","M","R","?","R","T","M","R","M","E","$","R","B",null,"M","$","?","?","M","E","R","E","T","E","M","?","R","M","R","B"],"character_chosen":"IRONCLAD","items_purchased":["Frozen Egg 2","Strength Potion","Regen Potion","Feel No Pain","Shrug It Off","Feel No Pain","Regal Pillow"],"gold_per_floor":[118,118,118,293,312,344,344,362,362,396,408,56,56,75,75,173,203,213,225,63,74,87,87,87,87,162,175,175,186,216,41,41,145,145,161,17,117,0,10,39,39,72,96,131,149,149,149,160,160,160],"floor_reached":51,"campfire_rested":3,"playtime":4593,"current_hp_per_floor":[77,70,70,70,66,49,49,50,50,39,36,36,36,41,41,25,71,45,32,32,32,39,39,39,65,65,91,91,80,64,64,64,35,77,76,76,76,76,31,32,74,55,55,74,58,58,94,94,94,78],"items_purged":["Normality","Doubt"],"gold":160,"score":942,"play_id":"095872c9-2493-4ce6-bcb1-5b86d5592103","is_prod":false,"is_daily":false,"is_ascension_mode":true,"campfire_upgraded":6,"path_taken":["M","?","?","?","M","E","R","M","T","E","M","$","?","M","R","BOSS","M","M","$","M","M","R","?","R","T","M","R","M","E","$","R","BOSS","M","?","?","?","M","E","R","E","T","E","M","?","R","M","R","BOSS"],"build_version":"2018-02-15-PROD1","purchased_purges":2,"victory":true,"master_deck":["Strike_R","Strike_R","Strike_R","Strike_R","Defend_R","Defend_R","Defend_R","Defend_R","Bash","Cleave","Offering+1","Seeing Red+1","Flex+1","Inflame+1","Shockwave+1","Barricade+1","Rage+1","Shrug It Off+1","Feel No Pain+1","Shrug It Off","Shrug It Off","True Grit+1","Heavy Blade+1","Dark Embrace+1","Warcry+1","Feel No Pain+1","Brutality+1","Battle Trance+1","Corruption+1","Bloodletting+1"],"max_hp_per_floor":[80,80,80,80,80,80,80,80,80,80,80,80,80,80,80,80,85,85,85,85,85,88,88,88,88,88,91,91,91,91,91,91,91,91,91,91,91,91,91,91,91,91,91,94,94,94,94,94,94,97],"relics":["Burning Blood","Bag of Marbles","Dead Branch","Magic Flower","Frozen Egg 2","Ornamental Fan","Tiny House","Meat on the Bone","Molten Egg 2","Cursed Key","Regal Pillow","Red Mask","Girya","Omamori","Ancient Tea Set","Du-Vu Doll"],"card_choices":[{"not_picked":["Reckless Charge","Anger"],"picked":"Cleave"},{"not_picked":["Heavy Blade","Clothesline"],"picked":"Seeing Red"},{"not_picked":["Sever Soul","Carnage"],"picked":"Flex"},{"not_picked":["Rampage","Heavy Blade"],"picked":"Inflame"},{"not_picked":["Headbutt","Dual Wield"],"picked":"Shockwave"},{"not_picked":["Impervious","Bludgeon"],"picked":"Barricade"},{"not_picked":["Havoc","Flex"],"picked":"Rage"},{"not_picked":["Clothesline","Cleave"],"picked":"Shrug It Off"},{"not_picked":["Body Slam","Uppercut"],"picked":"Shrug It Off"},{"not_picked":["Headbutt","Intimidate"],"picked":"True Grit"},{"not_picked":["Body Slam","Clash"],"picked":"Heavy Blade"},{"not_picked":["Iron Wave","Inflame"],"picked":"Dark Embrace"},{"not_picked":["Dual Wield","Carnage"],"picked":"Warcry"},{"not_picked":["Bludgeon","Feed"],"picked":"Brutality"},{"not_picked":["Sword Boomerang","Cleave"],"picked":"Battle Trance"},{"not_picked":["Perfected Strike","Iron Wave"],"picked":"Corruption"},{"not_picked":["Twin Strike","Heavy Blade"],"picked":"Bloodletting"}],"player_experience":172691,"potions_floor_usage":[16,16,22,33,33,40,40,40,50],"damage_taken":[{"damage":1.0,"enemies":"Small Slimes","floor":1.0,"turns":4.0},{"damage":10.0,"enemies":"2 Louse","floor":5.0,"turns":3.0},{"damage":23.0,"enemies":"Gremlin Nob","floor":6.0,"turns":4.0},{"damage":5.0,"enemies":"Cultist","floor":8.0,"turns":3.0},{"damage":17.0,"enemies":"3 Sentries","floor":10.0,"turns":4.0},{"damage":12.0,"enemies":"Blue Slaver","floor":11.0,"turns":2.0},{"damage":4.0,"enemies":"Looter","floor":14.0,"turns":1.0},{"damage":50,"enemies":"The Guardian","floor":16,"turns":10},{"damage":35,"enemies":"Spheric Guardian","floor":18,"turns":5},{"damage":22,"enemies":"Shell Parasite","floor":19,"turns":6},{"damage":9,"enemies":"Chosen and Byrds","floor":21,"turns":8},{"damage":7,"enemies":"Snake Plant","floor":22,"turns":6},{"damage":4,"enemies":"Cultist and Chosen","floor":27,"turns":7},{"damage":20,"enemies":"Snecko","floor":29,"turns":8},{"damage":43,"enemies":"Book of Stabbing","floor":30,"turns":8},{"damage":56,"enemies":"Automaton","floor":33,"turns":12},{"damage":10,"enemies":"3 Shapes","floor":35,"turns":7},{"damage":72,"enemies":"3 Darklings","floor":39,"turns":6},{"damage":26,"enemies":"2 Orb Walkers","floor":40,"turns":4},{"damage":28,"enemies":"Giant Head","floor":42,"turns":7},{"damage":18,"enemies":"2 Orb Walkers","floor":44,"turns":6},{"damage":25,"enemies":"Sphere and 2 Shapes","floor":45,"turns":7},{"damage":9,"enemies":"Maw","floor":48,"turns":2},{"damage":53,"enemies":"Awakened One","floor":50,"turns":9}],"event_choices":[{"event_name":"Golden Wing","player_choice":"Card Removal","floor":2.0,"damage_taken":0.0},{"event_name":"Match and Keep!","player_choice":"1 cards matched","floor":3.0,"damage_taken":0.0},{"event_name":"Liars Game","player_choice":"agreed","floor":4.0,"damage_taken":0.0},{"event_name":"Accursed Blacksmith","player_choice":"Rummage","floor":13.0,"damage_taken":0.0},{"event_name":"Drug Dealer","player_choice":"Ignored","floor":24,"damage_taken":0},{"event_name":"Golden Shrine","player_choice":"Pray","floor":37,"damage_taken":0},{"event_name":"Tomb of Lord Red Mask","player_choice":"Paid","floor":38,"damage_taken":0},{"event_name":"Mysterious Sphere","player_choice":"Ignore","floor":46,"damage_taken":0}],"boss_relics":[{"not_picked":["Ectoplasm","White Beast Statue"],"picked":"Tiny House"},{"not_picked":["Question Card","Philosopher\u0027s Stone"],"picked":"Cursed Key"}],"potions_floor_spawned":[1,6,16,19,22,29,30,33,35,39,45],"seed_played":"-125644603176773776","ascension_level":9,"is_trial":false}