{"gold_per_floor":[118,137,212,212,223,253,253,270,270,301,301,316,316,327,327,405,405,386,386,386,200,215,215,243,260,283,297,31,0,0,12,12,89,89,101,111,111,122,132,132],"floor_reached":40,"playtime":1573,"items_purged":["Decay","Strike_B+1"],"score":779,"play_id":"02b4dc56-12c0-40c5-a10c-9711eba788c2","local_time":"20190312224921","is_ascension_mode":true,"campfire_choices":[{"floor":7.0,"key":"REST"},{"data":"Darkness","floor":11.0,"key":"SMITH"},{"data":"Darkness","floor":15.0,"key":"SMITH"},{"data":"Chaos","floor":23.0,"key":"SMITH"},{"floor":32.0,"key":"REST"}],"neow_cost":"NONE","seed_source_timestamp":2018036929515309,"circlet_count":0,"master_deck":["AscendersBane","Strike_B+1","Strike_B+1","Defend_B+1","Defend_B+1","Defend_B+1","Defend_B+1","Zap+1","Dualcast+1","FTL","Glacier","Gash","Hologram","Darkness+1","Conserve Battery","Darkness+1","Echo Form","Chill+1","Chaos+1","Undo","Cold Snap","Undo","Leap+1","Coolheaded","Coolheaded+1"],"special_seed":0,"relics":["Cracked Core","Calipers","Bottled Lightning","The Courier","Inserter","War Paint","Shuriken","DataDisk","ClockworkSouvenir","Cursed Key"],"potions_floor_usage":[40],"damage_taken":[{"damage":7.0,"enemies":"Jaw Worm","floor":1.0,"turns":3.0},{"damage":1.0,"enemies":"Small Slimes","floor":2.0,"turns":3.0},{"damage":0.0,"enemies":"2 Louse","floor":5.0,"turns":2.0},{"damage":28.0,"enemies":"Gremlin Nob","floor":6.0,"turns":5.0},{"damage":0.0,"enemies":"Exordium Wildlife","floor":8.0,"turns":4.0},{"damage":14.0,"enemies":"Lagavulin","floor":10.0,"turns":8.0},{"damage":0.0,"enemies":"Blue Slaver","floor":12.0,"turns":4.0},{"damage":0.0,"enemies":"Large Slime","floor":14.0,"turns":5.0},{"damage":6.0,"enemies":"The Guardian","floor":16.0,"turns":10.0},{"damage":11.0,"enemies":"2 Thieves","floor":18.0,"turns":4.0},{"damage":0.0,"enemies":"Chosen","floor":22.0,"turns":8.0},{"damage":11.0,"enemies":"Book of Stabbing","floor":24.0,"turns":5.0},{"damage":23.0,"enemies":"Shelled Parasite and Fungi","floor":25.0,"turns":5.0},{"damage":11.0,"enemies":"Centurion and Healer","floor":27.0,"turns":6.0},{"damage":0.0,"enemies":"Snake Plant","floor":31.0,"turns":6.0},{"damage":2.0,"enemies":"Champ","floor":33.0,"turns":7.0},{"damage":0.0,"enemies":"3 Shapes","floor":35.0,"turns":7.0},{"damage":14.0,"enemies":"Orb Walker","floor":36.0,"turns":5.0},{"damage":34,"enemies":"Transient","floor":38,"turns":5},{"damage":11,"enemies":"Jaw Worm Horde","floor":39,"turns":8},{"damage":13,"enemies":"Giant Head","floor":40,"turns":6}],"seed_played":"-5647968299949557104","potions_obtained":[{"floor":5.0,"key":"Ancient Potion"},{"floor":6.0,"key":"Weak Potion"},{"floor":10.0,"key":"Poison Potion"},{"floor":16.0,"key":"PowerPotion"},{"floor":22.0,"key":"Energy Potion"},{"floor":24.0,"key":"PowerPotion"},{"floor":39,"key":"EssenceOfSteel"}],"is_trial":false,"path_per_floor":["M","M","?","?","M","E","R","M","T","E","R","M","?","M","R","B",null,"M","?","?","$","M","R","E","M","T","M","$","?","$","M","R","B",null,"M","M","?","M","M","E"],"character_chosen":"DEFECT","items_purchased":["War Paint","ClockworkSouvenir","Undo"],"campfire_rested":2,"item_purchase_floors":[21,28,28],"current_hp_per_floor":[64,63,52,52,52,24,47,47,47,33,33,33,26,26,26,20,64,53,53,53,53,53,53,42,19,19,8,8,8,8,8,31,29,66,66,52,52,18,7,0],"gold":132,"neow_bonus":"TEN_PERCENT_HP_BONUS","is_prod":false,"is_daily":false,"chose_seed":false,"campfire_upgraded":3,"win_rate":0,"timestamp":1552445361,"path_taken":["M","M","?","?","M","E","R","M","T","E","R","M","?","M","R","BOSS","M","?","?","$","M","R","E","M","T","M","$","?","?","M","R","BOSS","M","M","?","M","M","E"],"build_version":"2019-02-06","purchased_purges":2,"victory":false,"max_hp_per_floor":[78,78,78,78,78,78,78,78,78,78,78,78,78,78,78,78,78,78,78,78,78,78,78,78,78,78,78,78,78,78,78,78,78,78,78,78,78,78,78,78],"card_choices":[{"not_picked":["Gash","Conserve Battery"],"picked":"FTL","floor":1.0},{"not_picked":["Skim","Blizzard"],"picked":"Glacier","floor":2.0},{"not_picked":["Go for the Eyes","Tempest"],"picked":"Gash","floor":5.0},{"not_picked":["Hello World","Reboot"],"picked":"Hologram","floor":6.0},{"not_picked":["Streamline","Hologram"],"picked":"Darkness","floor":8.0},{"not_picked":["Redo","Cold Snap"],"picked":"Conserve Battery","floor":10.0},{"not_picked":["BootSequence","Chaos"],"picked":"Darkness","floor":12.0},{"not_picked":["Leap","Conserve Battery","Blizzard"],"picked":"SKIP","floor":14.0},{"not_picked":["Meteor Strike","Hyperbeam"],"picked":"Echo Form","floor":16.0},{"not_picked":["Stack+1","Blizzard"],"picked":"Chill","floor":18.0},{"not_picked":["Steam","Leap+1"],"picked":"Chaos","floor":22.0},{"not_picked":["Leap","Machine Learning","Rebound"],"picked":"SKIP","floor":24.0},{"not_picked":["Turbo","Conserve Battery"],"picked":"Undo","floor":25.0},{"not_picked":["Compile Driver","Turbo"],"picked":"Cold Snap","floor":27.0},{"not_picked":["Chill","Redo"],"picked":"Leap+1","floor":31.0},{"not_picked":["Sweeping Beam","Hologram+1","Ball Lightning+1"],"picked":"SKIP","floor":35.0},{"not_picked":["Conserve Battery","Chill","Doom and Gloom"],"picked":"SKIP","floor":36.0},{"not_picked":["BootSequence+1","Doom and Gloom"],"picked":"Coolheaded","floor":38},{"not_picked":["Barrage+1","Ball Lightning"],"picked":"Coolheaded+1","floor":39}],"player_experience":2156155,"relics_obtained":[{"floor":6.0,"key":"Calipers"},{"floor":9.0,"key":"Bottled Lightning"},{"floor":10.0,"key":"The Courier"},{"floor":24.0,"key":"Shuriken"},{"floor":26.0,"key":"DataDisk"}],"event_choices":[{"damage_healed":0.0,"max_hp_gain":0.0,"max_hp_loss":0.0,"gold_gain":75.0,"event_name":"World of Goop","player_choice":"Gather Gold","floor":3.0,"gold_loss":0.0,"damage_taken":11.0},{"damage_healed":0.0,"max_hp_gain":0.0,"max_hp_loss":0.0,"gold_gain":0.0,"event_name":"Living Wall","player_choice":"Grow","floor":4.0,"gold_loss":0.0,"damage_taken":0.0,"cards_upgraded":["Zap"]},{"cards_removed":["Strike_B"],"damage_healed":0.0,"max_hp_gain":0.0,"max_hp_loss":0.0,"gold_gain":0.0,"event_name":"Golden Wing","player_choice":"Card Removal","floor":13.0,"gold_loss":0.0,"damage_taken":7.0},{"damage_healed":0.0,"max_hp_gain":0.0,"max_hp_loss":0.0,"gold_gain":0.0,"event_name":"Back to Basics","player_choice":"Simplicity","floor":19.0,"gold_loss":0.0,"damage_taken":0.0,"cards_upgraded":["Strike_B","Strike_B","Strike_B","Defend_B","Defend_B","Defend_B","Defend_B"]},{"damage_healed":0.0,"max_hp_gain":0.0,"max_hp_loss":0.0,"gold_gain":0.0,"event_name":"Forgotten Altar","player_choice":"Smashed Altar","floor":20.0,"gold_loss":0.0,"damage_taken":0.0,"cards_obtained":["Decay"]},{"damage_healed":0.0,"max_hp_gain":0.0,"max_hp_loss":0.0,"gold_gain":0.0,"event_name":"Masked Bandits","player_choice":"Paid Fearfully","floor":29.0,"gold_loss":31.0,"damage_taken":0.0},{"damage_healed":0,"gold_gain":0,"player_choice":"Memory 1","damage_taken":0,"max_hp_gain":0,"max_hp_loss":0,"event_name":"SensoryStone","floor":37,"gold_loss":0}],"is_beta":true,"boss_relics":[{"not_picked":["Runic Dome","Ectoplasm"],"picked":"Inserter"},{"not_picked":["Coffee Dripper","Snecko Eye"],"picked":"Cursed Key"}],"items_purged_floors":[21,28],"is_endless":false,"potions_floor_spawned":[5,6,10,14,16,22,24,27,39],"killed_by":"Giant Head","ascension_level":15}