{"gold_per_floor":[109,109,109,109,384,410,410,440,440,164,174,188,222,232,232,308,308,326,376,394,408,419,419,432,432,432,322,322,336,410,155,155,232,232,248,263,33,33,50,50,79,92,92,92,92,102,102,132,132,132,132,132,47,73,73],"floor_reached":55,"playtime":2330,"items_purged":["Regret","Strike_R"],"score":1329,"play_id":"0026a243-69ca-4a34-8d3f-a4e81862726e","local_time":"20190114190012","is_ascension_mode":true,"campfire_choices":[{"data":"Bash","floor":7.0,"key":"SMITH"},{"data":"Armaments","floor":15.0,"key":"SMITH"},{"floor":23.0,"key":"REST"},{"data":"Disarm","floor":25.0,"key":"SMITH"},{"floor":28.0,"key":"REST"},{"data":"True Grit","floor":32.0,"key":"SMITH"},{"floor":40.0,"key":"RECALL"},{"data":"Shockwave","floor":44.0,"key":"SMITH"},{"floor":49,"key":"REST"},{"data":"Spot Weakness","floor":52,"key":"SMITH"}],"neow_cost":"NONE","seed_source_timestamp":465559994925976,"circlet_count":0,"master_deck":["AscendersBane","Strike_R","Strike_R","Defend_R","Defend_R","Defend_R","Defend_R+1","Bash+1","Clothesline","Combust","Armaments+1","Twin Strike","Rupture","Cleave","Dark Embrace+1","Shrug It Off+1","Shrug It Off","Disarm+1","Pommel Strike+1","Shockwave+1","True Grit+1","Rampage","Ghostly Armor","Exhume","Pommel Strike+1","Corruption","Spot Weakness+1","Shrug It Off","Feel No Pain+1","Dark Shackles","Inflame+1"],"special_seed":0,"relics":["Burning Blood","NeowsBlessing","Mummified Hand","Matryoshka","Art of War","Strawberry","Champion Belt","Orichalcum","Lantern","Velvet Choker","Happy Flower","War Paint","Ornamental Fan","Snecko Eye","Vajra","Bag of Marbles","Boot","Mango"],"potions_floor_usage":[50,55],"damage_taken":[{"damage":0.0,"enemies":"Jaw Worm","floor":1.0,"turns":1.0},{"damage":0.0,"enemies":"Gremlin Nob","floor":6.0,"turns":1.0},{"damage":0.0,"enemies":"Lagavulin","floor":8.0,"turns":2.0},{"damage":3.0,"enemies":"2 Louse","floor":11.0,"turns":3.0},{"damage":3.0,"enemies":"Cultist","floor":12.0,"turns":3.0},{"damage":23.0,"enemies":"3 Sentries","floor":13.0,"turns":6.0},{"damage":9.0,"enemies":"Blue Slaver","floor":14.0,"turns":5.0},{"damage":30.0,"enemies":"Slime Boss","floor":16.0,"turns":8.0},{"damage":14.0,"enemies":"3 Byrds","floor":18.0,"turns":4.0},{"damage":24.0,"enemies":"Shell Parasite","floor":20.0,"turns":5.0},{"damage":17.0,"enemies":"Snecko","floor":21.0,"turns":4.0},{"damage":36.0,"enemies":"Snake Plant","floor":22.0,"turns":6.0},{"damage":14.0,"enemies":"Centurion and Healer","floor":24.0,"turns":6.0},{"damage":10.0,"enemies":"Chosen and Byrds","floor":29.0,"turns":5.0},{"damage":51.0,"enemies":"Automaton","floor":33.0,"turns":11.0},{"damage":3.0,"enemies":"3 Shapes","floor":35.0,"turns":4.0},{"damage":12.0,"enemies":"3 Darklings","floor":36.0,"turns":4.0},{"damage":5.0,"enemies":"Transient","floor":39.0,"turns":5.0},{"damage":17.0,"enemies":"Giant Head","floor":41.0,"turns":7.0},{"damage":5.0,"enemies":"4 Shapes","floor":42.0,"turns":4.0},{"damage":14,"enemies":"Jaw Worm Horde","floor":46,"turns":4},{"damage":13,"enemies":"Reptomancer","floor":48,"turns":6},{"damage":8,"enemies":"Time Eater","floor":50,"turns":10},{"damage":25,"enemies":"Shield and Spear","floor":54,"turns":5},{"damage":78,"enemies":"The Heart","floor":55,"turns":8}],"seed_played":"-2543303897025015787","potions_obtained":[{"floor":1.0,"key":"SkillPotion"},{"floor":16.0,"key":"Explosive Potion"},{"floor":18.0,"key":"Fruit Juice"},{"floor":21.0,"key":"Regen Potion"},{"floor":24.0,"key":"Strength Potion"},{"floor":33.0,"key":"SkillPotion"},{"floor":35.0,"key":"Ancient Potion"}],"is_trial":false,"path_per_floor":["M","?","?","?","?","E","R","E","T","$","M","M","E","M","R","B",null,"M","?","M","M","M","R","M","R","T","?","R","M","T","$","R","B",null,"M","M","$","?","M","R","E","M","T","R","?","M","?","E","R","B",null,"R","$","E","B"],"character_chosen":"IRONCLAD","items_purchased":["Orichalcum","Energy Potion","True Grit","Rampage","Ghostly Armor","Vajra","Corruption","Dark Shackles"],"campfire_rested":3,"item_purchase_floors":[10,10,31,31,31,37,37,53],"current_hp_per_floor":[74,69,74,67,67,73,73,79,86,86,87,87,70,67,67,43,76,68,68,50,39,24,50,47,47,47,47,74,70,70,70,70,25,75,78,72,72,72,73,73,62,63,63,63,63,55,55,48,74,72,83,83,83,78,0],"gold":73,"neow_bonus":"THREE_ENEMY_KILL","is_prod":false,"is_daily":false,"chose_seed":false,"campfire_upgraded":6,"win_rate":0,"timestamp":1547510412,"path_taken":["M","?","?","?","?","E","R","E","T","$","M","M","E","M","R","BOSS","M","?","M","M","M","R","M","R","T","?","R","?","?","$","R","BOSS","M","M","$","?","M","R","E","M","T","R","?","M","?","E","R","BOSS","R","$","E","BOSS"],"build_version":"2019-01-10","purchased_purges":2,"victory":false,"max_hp_per_floor":[75,75,80,80,80,80,80,80,87,87,87,87,87,87,87,87,87,87,87,87,87,87,87,92,92,92,92,92,92,92,92,92,92,92,92,92,92,87,87,87,87,87,87,87,87,87,87,87,87,87,87,87,87,101,101],"card_choices":[{"not_picked":["Bloodletting","Heavy Blade"],"picked":"Clothesline","floor":1.0},{"not_picked":["Flex","Heavy Blade"],"picked":"Combust","floor":6.0},{"not_picked":["Double Tap","Sword Boomerang"],"picked":"Armaments","floor":8.0},{"not_picked":["Feel No Pain","Fire Breathing","Blood for Blood"],"picked":"SKIP","floor":11.0},{"not_picked":["Entrench","Flex"],"picked":"Twin Strike","floor":12.0},{"not_picked":["Armaments","Clothesline"],"picked":"Rupture","floor":13.0},{"not_picked":["Warcry","Clash"],"picked":"Cleave","floor":14.0},{"not_picked":["Berserk","Exhume"],"picked":"Dark Embrace","floor":16.0},{"not_picked":["Havoc","Sword Boomerang"],"picked":"Shrug It Off","floor":18.0},{"not_picked":["Wild Strike","Dual Wield","Warcry"],"picked":"SKIP","floor":20.0},{"not_picked":["Headbutt","Heavy Blade"],"picked":"Shrug It Off","floor":21.0},{"not_picked":["Intimidate","Wild Strike+1"],"picked":"Disarm","floor":22.0},{"not_picked":["Body Slam+1","Shrug It Off"],"picked":"Pommel Strike+1","floor":24.0},{"not_picked":["Armaments+1","Dark Embrace"],"picked":"Shockwave","floor":29.0},{"not_picked":["Bludgeon","Berserk"],"picked":"Exhume","floor":33.0},{"not_picked":["Armaments","Clash","Dual Wield"],"picked":"SKIP","floor":35.0},{"not_picked":["Heavy Blade","Flex"],"picked":"Pommel Strike+1","floor":36.0},{"not_picked":["Warcry+1","Clothesline"],"picked":"Spot Weakness","floor":39.0},{"not_picked":["Flex","Searing Blow","Armaments+1"],"picked":"SKIP","floor":41.0},{"not_picked":["Intimidate","Ghostly Armor","Wild Strike"],"picked":"SKIP","floor":42.0},{"not_picked":["Anger","Iron Wave"],"picked":"Shrug It Off","floor":46},{"not_picked":["True Grit+1","Dropkick"],"picked":"Feel No Pain+1","floor":48},{"not_picked":["Clash+1","Rampage"],"picked":"Inflame+1","floor":54}],"player_experience":1836836,"relics_obtained":[{"floor":6.0,"key":"Matryoshka"},{"floor":8.0,"key":"Art of War"},{"floor":9.0,"key":"Strawberry"},{"floor":9.0,"key":"Champion Belt"},{"floor":13.0,"key":"Lantern"},{"floor":26.0,"key":"Happy Flower"},{"floor":26.0,"key":"War Paint"},{"floor":30.0,"key":"Ornamental Fan"},{"floor":41.0,"key":"Bag of Marbles"},{"floor":48,"key":"Boot"},{"floor":54,"key":"Mango"}],"event_choices":[{"damage_healed":0.0,"max_hp_gain":0.0,"max_hp_loss":0.0,"gold_gain":0.0,"event_name":"Scrap Ooze","player_choice":"Success","floor":2.0,"gold_loss":0.0,"damage_taken":5.0,"relics_obtained":["Mummified Hand"]},{"damage_healed":0.0,"max_hp_gain":5.0,"max_hp_loss":0.0,"gold_gain":0.0,"event_name":"Big Fish","player_choice":"Donut","floor":3.0,"gold_loss":0.0,"damage_taken":0.0},{"cards_removed":["Strike_R"],"damage_healed":0.0,"max_hp_gain":0.0,"max_hp_loss":0.0,"gold_gain":0.0,"event_name":"Golden Wing","player_choice":"Card Removal","floor":4.0,"gold_loss":0.0,"damage_taken":7.0},{"damage_healed":0.0,"max_hp_gain":0.0,"max_hp_loss":0.0,"gold_gain":275.0,"event_name":"Golden Shrine","player_choice":"Desecrate","floor":5.0,"gold_loss":0.0,"damage_taken":0.0,"cards_obtained":["Regret"]},{"damage_healed":0.0,"max_hp_gain":0.0,"max_hp_loss":0.0,"gold_gain":50.0,"event_name":"Nest","player_choice":"Stole From Cult","floor":19.0,"gold_loss":0.0,"damage_taken":0.0},{"cards_removed":["Strike_R"],"damage_healed":0.0,"max_hp_gain":0.0,"max_hp_loss":0.0,"gold_gain":0.0,"event_name":"Designer","player_choice":"Upgrade and Remove","floor":27.0,"gold_loss":110.0,"damage_taken":0.0,"cards_upgraded":["Dark Embrace"]},{"damage_healed":0.0,"max_hp_gain":0.0,"max_hp_loss":5.0,"gold_gain":0.0,"event_name":"Winding Halls","player_choice":"Max HP","floor":38.0,"gold_loss":0.0,"damage_taken":0.0},{"damage_healed":0,"gold_gain":0,"player_choice":"Memory 1","damage_taken":0,"max_hp_gain":0,"max_hp_loss":0,"event_name":"SensoryStone","floor":45,"gold_loss":0},{"damage_healed":0,"gold_gain":0,"player_choice":"Ignored","damage_taken":0,"max_hp_gain":0,"max_hp_loss":0,"event_name":"Tomb of Lord Red Mask","floor":47,"gold_loss":0}],"is_beta":true,"boss_relics":[{"not_picked":["Runic Pyramid","Mark of Pain"],"picked":"Velvet Choker"},{"not_picked":["Sozu","Cursed Key"],"picked":"Snecko Eye"}],"items_purged_floors":[10,31],"is_endless":false,"potions_floor_spawned":[1,12,16,18,21,24,33,35,42,46],"killed_by":"The Heart","ascension_level":15}