{"gold_per_floor":[118,118,118,137,147,147,182,182,182,182,196,196,196,220,220,310,310,335,348,69,83,8,8,39,39,92,111,147,147,185,198,198,291,291,315,84,98,98,98,131,31,31,31,31,31,31,72,72,72,72,72,72,72,107,107],"floor_reached":55,"playtime":1642,"items_purged":["Anger","Carnage"],"score":1345,"play_id":"b60a4781-2f44-4b19-b433-7c9d9aab7cdf","local_time":"20190121211328","is_ascension_mode":true,"campfire_choices":[{"data":"Bash","floor":6.0,"key":"SMITH"},{"floor":8.0,"key":"REST"},{"data":"Carnage","floor":10.0,"key":"SMITH"},{"data":"Sword Boomerang","floor":12.0,"key":"SMITH"},{"data":"Shockwave","floor":15.0,"key":"SMITH"},{"data":"Whirlwind","floor":23,"key":"SMITH"},{"data":"Feel No Pain","floor":25,"key":"SMITH"},{"floor":29,"key":"REST"},{"data":"Demon Form","floor":32,"key":"SMITH"},{"floor":42,"key":"RECALL"},{"floor":46,"key":"REST"},{"data":"Limit Break","floor":49,"key":"SMITH"},{"data":"Impervious","floor":52,"key":"SMITH"}],"neow_cost":"NONE","seed_source_timestamp":1079114795578475,"circlet_count":0,"master_deck":["AscendersBane","Armaments+1","Sword Boomerang+1","Shrug It Off","Carnage+1","Shockwave+1","Reaper","Pommel Strike","Whirlwind+1","Feed","Spot Weakness","Feel No Pain+1","Demon Form+1","Limit Break+1","Impervious+1","Double Tap","Power Through","Headbutt","Reckless Charge","Twin Strike","Shrug It Off+1","Master of Strategy","Dark Shackles","Shrug It Off","Burning Pact"],"special_seed":0,"relics":["Burning Blood","Paper Frog","Bag of Marbles","Golden Idol","Sozu","Ancient Tea Set","Tiny Chest","Sundial","Bottled Lightning","Pandora\u0027s Box","Vajra","Bottled Tornado","Regal Pillow","Oddly Smooth Stone","Kunai"],"potions_floor_usage":[16,30],"damage_taken":[{"damage":12.0,"enemies":"Small Slimes","floor":1.0,"turns":6.0},{"damage":12.0,"enemies":"Jaw Worm","floor":4.0,"turns":4.0},{"damage":1.0,"enemies":"2 Louse","floor":5.0,"turns":4.0},{"damage":65.0,"enemies":"3 Sentries","floor":7.0,"turns":13.0},{"damage":0.0,"enemies":"Large Slime","floor":11.0,"turns":2.0},{"damage":0.0,"enemies":"2 Fungi Beasts","floor":14.0,"turns":3.0},{"damage":43,"enemies":"Slime Boss","floor":16,"turns":11},{"damage":6,"enemies":"3 Byrds","floor":18,"turns":5},{"damage":7,"enemies":"Chosen","floor":19,"turns":3},{"damage":37,"enemies":"Shelled Parasite and Fungi","floor":21,"turns":7},{"damage":35,"enemies":"Book of Stabbing","floor":24,"turns":5},{"damage":12,"enemies":"Centurion and Healer","floor":27,"turns":8},{"damage":28,"enemies":"Slavers","floor":28,"turns":8},{"damage":31,"enemies":"Gremlin Leader","floor":30,"turns":8},{"damage":23,"enemies":"Snake Plant","floor":31,"turns":4},{"damage":13,"enemies":"Champ","floor":33,"turns":8},{"damage":24,"enemies":"3 Darklings","floor":35,"turns":10},{"damage":34,"enemies":"3 Shapes","floor":37,"turns":6},{"damage":72,"enemies":"Nemesis","floor":40,"turns":11},{"damage":32,"enemies":"Reptomancer","floor":47,"turns":5},{"damage":39,"enemies":"Time Eater","floor":50,"turns":6},{"damage":45,"enemies":"Shield and Spear","floor":54,"turns":5},{"damage":95,"enemies":"The Heart","floor":55,"turns":3}],"seed_played":"2983948867665037019","potions_obtained":[{"floor":7.0,"key":"GamblersBrew"},{"floor":16,"key":"Fire Potion"}],"is_trial":false,"path_per_floor":["?","?","?","?","?","?","T"],"character_chosen":"IRONCLAD","items_purchased":["Whirlwind","Feed","Spot Weakness","Vajra"],"campfire_rested":3,"item_purchase_floors":[20,20,20,36],"current_hp_per_floor":[69,69,69,63,68,68,9,33,33,33,39,39,39,45,45,8,58,67,73,73,60,60,60,45,45,45,56,38,63,69,65,65,88,88,92,92,95,95,95,60,60,60,60,60,50,77,55,55,55,67,90,90,90,94,0],"gold":107,"neow_bonus":"TEN_PERCENT_HP_BONUS","is_prod":false,"is_daily":false,"chose_seed":false,"campfire_upgraded":9,"win_rate":0,"timestamp":1548123208,"path_taken":["M","?","$","M","M","R","E","R","T","R","M","R","?","M","R","BOSS","M","M","$","M","?","R","E","R","T","M","E","R","E","M","R","BOSS","M","$","M","?","$","E","$","R","T","?","?","R","E","?","R","BOSS","R","$","E","BOSS"],"build_version":"2019-01-20","purchased_purges":2,"victory":false,"max_hp_per_floor":[82,82,82,82,82,82,82,82,82,82,82,82,74,74,74,74,74,74,74,74,78,78,78,78,78,78,81,85,85,85,88,88,88,88,92,92,95,95,95,95,95,95,95,90,90,90,94,94,94,97,97,97,97,97,97],"card_choices":[{"not_picked":["Heavy Blade","Burning Pact"],"picked":"Armaments","floor":1.0},{"not_picked":["Rage","Rupture"],"picked":"Sword Boomerang","floor":4.0},{"not_picked":["Cleave","Havoc"],"picked":"Shrug It Off","floor":5.0},{"not_picked":["Spot Weakness","Clothesline"],"picked":"Carnage","floor":7.0},{"not_picked":["Wild Strike","Bloodletting","Flex"],"picked":"SKIP","floor":11.0},{"not_picked":["Ghostly Armor","Battle Trance"],"picked":"Shockwave","floor":14.0},{"not_picked":["Double Tap","Impervious"],"picked":"Reaper","floor":16},{"not_picked":["Cleave","Rampage"],"picked":"Pommel Strike","floor":18},{"not_picked":["Uppercut","Entrench","Rampage"],"picked":"SKIP","floor":19},{"not_picked":["Armaments","Rage","Heavy Blade"],"picked":"SKIP","floor":21},{"not_picked":["Havoc","Heavy Blade"],"picked":"Feel No Pain","floor":24},{"not_picked":["Twin Strike","Warcry","Infernal Blade"],"picked":"SKIP","floor":27},{"not_picked":["Seeing Red","Perfected Strike","Body Slam"],"picked":"SKIP","floor":28},{"not_picked":["Disarm+1","Rampage"],"picked":"Demon Form","floor":30},{"not_picked":["Power Through","Perfected Strike","Fire Breathing+1"],"picked":"SKIP","floor":31},{"not_picked":["Berserk","Barricade"],"picked":"Limit Break","floor":33},{"not_picked":["Clash","Fire Breathing","Bloodletting"],"picked":"SKIP","floor":35},{"not_picked":["Heavy Blade","Dropkick"],"picked":"Shrug It Off+1","floor":37},{"not_picked":["Anger","Dual Wield","Intimidate"],"picked":"SKIP","floor":40},{"not_picked":["Thinking Ahead","Jack Of All Trades"],"picked":"Master of Strategy","floor":45},{"not_picked":["Dramatic Entrance","Jack Of All Trades"],"picked":"Dark Shackles","floor":45},{"not_picked":["Double Tap","Body Slam+1"],"picked":"Shrug It Off","floor":47},{"not_picked":["Spot Weakness","Hemokinesis"],"picked":"Burning Pact","floor":54}],"player_experience":1867171,"relics_obtained":[{"floor":7.0,"key":"Paper Frog"},{"floor":9.0,"key":"Bag of Marbles"},{"floor":24,"key":"Ancient Tea Set"},{"floor":26,"key":"Tiny Chest"},{"floor":28,"key":"Sundial"},{"floor":30,"key":"Bottled Lightning"},{"floor":40,"key":"Bottled Tornado"},{"floor":47,"key":"Regal Pillow"},{"floor":48,"key":"Oddly Smooth Stone"},{"floor":54,"key":"Kunai"}],"event_choices":[{"damage_healed":0.0,"max_hp_gain":0.0,"max_hp_loss":0.0,"gold_gain":0.0,"event_name":"Living Wall","player_choice":"Grow","floor":2.0,"gold_loss":0.0,"damage_taken":0.0,"cards_upgraded":["Armaments"]},{"damage_healed":0.0,"max_hp_gain":0.0,"max_hp_loss":8.0,"gold_gain":0.0,"event_name":"Golden Idol","player_choice":"Lose Max HP","floor":13.0,"gold_loss":0.0,"damage_taken":0.0,"relics_obtained":["Golden Idol"]},{"cards_removed":["Strike_R"],"damage_healed":0,"gold_gain":0,"player_choice":"Gave Gold","damage_taken":0,"max_hp_gain":0,"max_hp_loss":0,"event_name":"Beggar","floor":22,"gold_loss":75},{"cards_removed":["Bash"],"damage_healed":0,"gold_gain":0,"player_choice":"Removed Attack","damage_taken":0,"max_hp_gain":0,"max_hp_loss":0,"event_name":"Falling","floor":38,"gold_loss":0},{"damage_healed":0,"gold_gain":0,"player_choice":"Max HP","damage_taken":0,"max_hp_gain":0,"max_hp_loss":5,"event_name":"Winding Halls","floor":44,"gold_loss":0},{"damage_healed":0,"gold_gain":0,"player_choice":"Memory 3","damage_taken":10,"max_hp_gain":0,"max_hp_loss":0,"event_name":"SensoryStone","floor":45,"gold_loss":0}],"is_beta":true,"boss_relics":[{"not_picked":["White Beast Statue","Philosopher\u0027s Stone"],"picked":"Sozu"},{"not_picked":["Lizard Tail","Black Star"],"picked":"Pandora\u0027s Box"}],"items_purged_floors":[36,41],"is_endless":false,"potions_floor_spawned":[7,16,21,30,31,35,37,47],"killed_by":"The Heart","ascension_level":15}