{"gold_per_floor":[13,24,35,35,35,70,70,80,80,80,99,39,114,145,145,145],"floor_reached":16,"playtime":384,"items_purged":["Strike_R"],"score":193,"play_id":"dd926e9f-9610-4824-bc7e-682909960a6d","local_time":"20190206200335","is_ascension_mode":true,"campfire_choices":[{"data":"Hemokinesis","floor":7,"key":"SMITH"},{"data":"Whirlwind","floor":10,"key":"SMITH"},{"data":"Bash","floor":15,"key":"SMITH"}],"neow_cost":"NO_GOLD","seed_source_timestamp":2458683374187832,"circlet_count":0,"master_deck":["AscendersBane","Strike_R","Strike_R","Strike_R","Strike_R","Defend_R","Defend_R","Defend_R","Defend_R","Bash+1","Hemokinesis+1","Whirlwind+1","Shrug It Off","Impervious"],"relics":["Burning Blood","Ornamental Fan","The Courier","Singing Bowl","Letter Opener","Ginger"],"potions_floor_usage":[16,16],"damage_taken":[{"damage":8,"enemies":"Jaw Worm","floor":1,"turns":5},{"damage":13,"enemies":"Small Slimes","floor":2,"turns":4},{"damage":9,"enemies":"Cultist","floor":3,"turns":3},{"damage":33,"enemies":"3 Sentries","floor":6,"turns":7},{"damage":15,"enemies":"Exordium Thugs","floor":8,"turns":4},{"damage":0,"enemies":"Exordium Wildlife","floor":11,"turns":2},{"damage":19,"enemies":"Lagavulin","floor":14,"turns":6},{"damage":29,"enemies":"Hexaghost","floor":16,"turns":9}],"seed_played":"-2231597057733632824","potions_obtained":[{"floor":3,"key":"BloodPotion"},{"floor":8,"key":"AttackPotion"},{"floor":11,"key":"Block Potion"}],"is_trial":false,"path_per_floor":["M","M","M","?","?","E","R","M","T","R","M","$","T","E","R","B"],"character_chosen":"IRONCLAD","items_purchased":[],"campfire_rested":0,"item_purchase_floors":[],"current_hp_per_floor":[80,73,70,70,70,43,43,34,34,34,40,40,40,29,29,0],"gold":145,"neow_bonus":"TWENTY_PERCENT_HP_BONUS","is_prod":false,"is_daily":false,"chose_seed":false,"campfire_upgraded":3,"win_rate":0,"timestamp":1549501415,"path_taken":["M","M","M","?","?","E","R","?","T","R","M","?","?","E","R","BOSS"],"build_version":"2019-01-23","purchased_purges":1,"victory":false,"max_hp_per_floor":[89,89,89,89,89,89,89,89,89,89,89,89,89,91,91,91],"card_choices":[{"not_picked":["Body Slam","Shrug It Off"],"picked":"Hemokinesis","floor":1},{"not_picked":["Pummel","Hemokinesis"],"picked":"Whirlwind","floor":2},{"not_picked":["Dropkick","Iron Wave","Hemokinesis"],"picked":"SKIP","floor":3},{"not_picked":["Havoc","Body Slam","Whirlwind"],"picked":"SKIP","floor":6},{"not_picked":["Pommel Strike","Sword Boomerang"],"picked":"Shrug It Off","floor":8},{"not_picked":["Spot Weakness","Searing Blow"],"picked":"Impervious","floor":11},{"not_picked":["Havoc","Rage","Body Slam"],"picked":"Singing Bowl","floor":14}],"player_experience":1952370,"relics_obtained":[{"floor":6,"key":"The Courier"},{"floor":9,"key":"Singing Bowl"},{"floor":13,"key":"Letter Opener"},{"floor":14,"key":"Ginger"}],"event_choices":[{"damage_healed":0,"gold_gain":0,"player_choice":"Leave","damage_taken":0,"max_hp_gain":0,"max_hp_loss":0,"event_name":"The Cleric","floor":4,"gold_loss":0},{"damage_healed":0,"gold_gain":0,"player_choice":"Gave Potion","damage_taken":0,"relics_obtained":["Ornamental Fan"],"max_hp_gain":0,"max_hp_loss":0,"event_name":"WeMeetAgain","floor":5,"gold_loss":0}],"is_beta":true,"boss_relics":[],"items_purged_floors":[12],"is_endless":false,"potions_floor_spawned":[3,8,11],"killed_by":"Hexaghost","ascension_level":15}