{"gold_per_floor":[115,16,16,91,107,134,134,147,147,147,38,38,103,43,43,117,117,117,42,42,42,42,42,42,42,42,42,42,42,42,42,42,42],"floor_reached":33,"playtime":909,"items_purged":["Regret","Strike_R"],"score":464,"play_id":"fbaa4a90-898f-4f7d-8a32-2947efde7fd4","local_time":"20190225000345","is_ascension_mode":true,"campfire_choices":[{"floor":7,"key":"REST"},{"floor":10,"key":"REST"},{"data":"Whirlwind","floor":12,"key":"SMITH"},{"floor":15,"key":"REST"},{"floor":23,"key":"REST"},{"floor":29,"key":"REST"},{"data":"Shockwave","floor":32,"key":"SMITH"}],"neow_cost":"NONE","seed_source_timestamp":644190199937983,"circlet_count":0,"master_deck":["AscendersBane","Strike_R","Strike_R","Strike_R","Strike_R","Defend_R","Defend_R","Defend_R","Defend_R","Bash","Pommel Strike","Whirlwind+1","Limit Break","Shrug It Off","Shockwave+1","Feed","Headbutt","Shrug It Off","Disarm+1","Carnage+1"],"special_seed":0,"relics":["Calling Bell","Happy Flower","The Courier","Incense Burner","Art of War","Sundial","Omamori","Ectoplasm","FaceOfCleric","Mercury Hourglass","Molten Egg 2"],"potions_floor_usage":[6,16,16,25,28,33],"damage_taken":[{"damage":14.0,"enemies":"Jaw Worm","floor":1.0,"turns":3.0},{"damage":7.0,"enemies":"2 Louse","floor":5.0,"turns":4.0},{"damage":26,"enemies":"Lagavulin","floor":6,"turns":6},{"damage":8,"enemies":"Small Slimes","floor":8,"turns":3},{"damage":15,"enemies":"3 Sentries","floor":13,"turns":4},{"damage":20,"enemies":"Slime Boss","floor":16,"turns":11},{"damage":6,"enemies":"3 Byrds","floor":18,"turns":5},{"damage":25,"enemies":"Spheric Guardian","floor":21,"turns":4},{"damage":0,"enemies":"Centurion and Healer","floor":22,"turns":5},{"damage":21,"enemies":"Snake Plant","floor":24,"turns":5},{"damage":5,"enemies":"Snecko","floor":25,"turns":5},{"damage":33,"enemies":"Slavers","floor":27,"turns":5},{"damage":14,"enemies":"Centurion and Healer","floor":28,"turns":4},{"damage":0,"enemies":"Sentry and Sphere","floor":30,"turns":3},{"damage":65,"enemies":"Champ","floor":33,"turns":12}],"seed_played":"-6301544875502909026","potions_obtained":[{"floor":1.0,"key":"SkillPotion"},{"floor":13,"key":"AttackPotion"},{"floor":24,"key":"Regen Potion"},{"floor":27,"key":"BloodPotion"},{"floor":30,"key":"EssenceOfSteel"}],"is_trial":false,"path_per_floor":["M","$","?","?","M","E","R","M","T","R","$","R","?","$","R","B",null,"M","?","?","M","M","R","M","M","T","E","M","R","M","?","R","B"],"character_chosen":"IRONCLAD","items_purchased":["Pommel Strike","Shockwave","Regen Potion"],"campfire_rested":5,"item_purchase_floors":[2,11,14],"current_hp_per_floor":[54,54,47,36,29,3,25,17,17,39,39,39,24,24,46,41,67,64,64,64,43,47,71,51,64,64,32,27,54,58,58,58,0],"gold":42,"neow_bonus":"BOSS_RELIC","is_prod":false,"is_daily":false,"chose_seed":false,"campfire_upgraded":2,"win_rate":0,"timestamp":1551071025,"path_taken":["M","$","?","?","M","E","R","M","T","R","$","R","?","?","R","BOSS","M","?","?","M","M","R","M","?","T","E","M","R","M","?","R","BOSS"],"build_version":"2019-02-06","purchased_purges":2,"victory":false,"max_hp_per_floor":[75,75,75,75,75,75,75,75,75,75,75,75,75,75,75,75,75,78,75,75,79,83,83,84,88,88,89,90,90,94,94,94,94],"card_choices":[{"not_picked":["Warcry","Fire Breathing","Burning Pact"],"picked":"SKIP","floor":1.0},{"not_picked":["Power Through","Dropkick"],"picked":"Whirlwind","floor":5.0},{"not_picked":["Flex","Havoc"],"picked":"Limit Break","floor":6},{"not_picked":["Anger","Twin Strike"],"picked":"Shrug It Off","floor":8},{"not_picked":["Limit Break","Barricade"],"picked":"Feed","floor":16},{"not_picked":["Pommel Strike","Corruption"],"picked":"Headbutt","floor":18},{"not_picked":["Clash","Havoc+1","Seeing Red"],"picked":"SKIP","floor":21},{"not_picked":["Warcry","Limit Break"],"picked":"Shrug It Off","floor":22},{"not_picked":["Pommel Strike","Havoc","Twin Strike"],"picked":"SKIP","floor":24},{"not_picked":["Shrug It Off","Perfected Strike"],"picked":"Disarm+1","floor":25},{"not_picked":["Heavy Blade","Iron Wave"],"picked":"Carnage","floor":27},{"not_picked":["Heavy Blade+1","Thunderclap+1","Havoc"],"picked":"SKIP","floor":28},{"not_picked":["Bloodletting+1","Brutality","Reckless Charge+1"],"picked":"SKIP","floor":30}],"player_experience":2037684,"relics_obtained":[{"floor":0.0,"key":"Happy Flower"},{"floor":0.0,"key":"The Courier"},{"floor":0.0,"key":"Incense Burner"},{"floor":6,"key":"Art of War"},{"floor":9,"key":"Sundial"},{"floor":13,"key":"Omamori"},{"floor":26,"key":"Mercury Hourglass"},{"floor":27,"key":"Molten Egg 2"}],"event_choices":[{"cards_removed":["Decay"],"damage_healed":0.0,"max_hp_gain":0.0,"max_hp_loss":0.0,"gold_gain":0.0,"event_name":"Golden Wing","player_choice":"Card Removal","floor":3.0,"gold_loss":0.0,"damage_taken":7.0},{"damage_healed":0.0,"max_hp_gain":0.0,"max_hp_loss":0.0,"gold_gain":75.0,"event_name":"World of Goop","player_choice":"Gather Gold","floor":4.0,"gold_loss":0.0,"damage_taken":11.0},{"damage_healed":0,"gold_gain":0,"player_choice":"Searched \u00271\u0027 times","damage_taken":0,"max_hp_gain":0,"max_hp_loss":0,"event_name":"Dead Adventurer","floor":13,"gold_loss":0},{"cards_removed":["Parasite"],"damage_healed":0,"gold_gain":0,"player_choice":"Gave Gold","damage_taken":0,"max_hp_gain":0,"max_hp_loss":0,"event_name":"Beggar","floor":19,"gold_loss":75},{"damage_healed":0,"gold_gain":0,"player_choice":"Trade","damage_taken":0,"relics_obtained":["FaceOfCleric"],"max_hp_gain":0,"max_hp_loss":0,"event_name":"FaceTrader","floor":20,"gold_loss":0},{"damage_healed":0,"gold_gain":0,"player_choice":"Ignored","damage_taken":0,"max_hp_gain":0,"max_hp_loss":0,"event_name":"Ghosts","floor":31,"gold_loss":0}],"is_beta":true,"boss_relics":[{"not_picked":["Eternal Feather","Astrolabe"],"picked":"Ectoplasm"}],"items_purged_floors":[2,11],"is_endless":false,"potions_floor_spawned":[1,13,24,27,30],"killed_by":"Champ","ascension_level":15}