{"gold_per_floor":[110,126,126,41,59,71,71,71,71,71,87,119,5,5,5,101,101,114,134,234,509,509],"floor_reached":22,"playtime":1090,"items_purged":[],"score":184,"play_id":"a9e20eff-912f-4cc4-a8b0-f897a3f04642","local_time":"20190314152751","is_ascension_mode":false,"campfire_choices":[{"data":"Zap","floor":8,"key":"SMITH"},{"floor":10,"key":"REST"},{"floor":15,"key":"REST"}],"neow_cost":"TEN_PERCENT_HP_LOSS","seed_source_timestamp":73362842769263,"circlet_count":0,"master_deck":["Strike_B","Strike_B","Strike_B","Strike_B+1","Defend_B","Defend_B+1","Defend_B","Defend_B","Zap+1","Dualcast","Rebound","Beam Cell","Self Repair","Ball Lightning","Ball Lightning","Defragment+1","Steam","Self Repair","Lockon","Static Discharge","Electrodynamics","Conserve Battery+1","Loop+1","Go for the Eyes","Regret"],"relics":["Cracked Core","Gambling Chip","Bottled Lightning","Darkstone Periapt","Inserter","WingedGreaves","Bottled Flame"],"potions_floor_usage":[12,16,16,16,16,16,16,20,20,20,20,20],"damage_taken":[{"damage":7,"enemies":"2 Louse","floor":1,"turns":2},{"damage":2,"enemies":"Small Slimes","floor":2,"turns":3},{"damage":0,"enemies":"Cultist","floor":5,"turns":2},{"damage":17,"enemies":"Exordium Thugs","floor":6,"turns":4},{"damage":16,"enemies":"Lots of Slimes","floor":11,"turns":2},{"damage":18,"enemies":"Lagavulin","floor":12,"turns":3},{"damage":40,"enemies":"Hexaghost","floor":16,"turns":5},{"damage":10,"enemies":"Chosen","floor":18,"turns":3},{"damage":24,"enemies":"2 Thieves","floor":19,"turns":3},{"damage":15,"enemies":"Colosseum Slavers","floor":20,"turns":3},{"damage":46,"enemies":"Colosseum Nobs","floor":20,"turns":4},{"damage":25,"enemies":"3 Cultists","floor":22,"turns":4}],"seed_played":"-6639472652836308757","potions_obtained":[{"floor":2,"key":"FearPotion"},{"floor":12,"key":"SkillPotion"},{"floor":14,"key":"EntropicBrew"},{"floor":14,"key":"Explosive Potion"},{"floor":16,"key":"EntropicBrew"},{"floor":19,"key":"Strength Potion"}],"is_trial":false,"path_per_floor":["M","M","?","$","M","M","?","R","T","R","M","E","$","?","R","B",null,"M","M","?","?","M"],"character_chosen":"DEFECT","items_purchased":["Self Repair","Ball Lightning","Lockon","Static Discharge"],"campfire_rested":2,"item_purchase_floors":[4,4,13,13],"current_hp_per_floor":[61,59,45,45,45,35,35,35,35,55,39,28,28,28,48,22,68,65,55,8,14,0],"gold":509,"neow_bonus":"ONE_RARE_RELIC","is_prod":false,"is_daily":false,"chose_seed":false,"campfire_upgraded":1,"win_rate":0.0,"timestamp":1552602471,"path_taken":["M","M","?","$","M","M","?","R","T","R","?","E","$","?","R","BOSS","M","?","?","?","?"],"build_version":"2019-01-23","purchased_purges":0,"victory":false,"max_hp_per_floor":[68,68,68,68,68,68,68,68,68,68,68,68,68,68,68,68,68,68,68,68,74,74],"card_choices":[{"not_picked":["Stack","Steam"],"picked":"Rebound","floor":1},{"not_picked":["Hologram","Redo"],"picked":"Beam Cell","floor":2},{"not_picked":["Skim","Steam"],"picked":"Ball Lightning","floor":5},{"not_picked":["Barrage","Redo"],"picked":"Defragment","floor":6},{"not_picked":["Streamline","Doom and Gloom"],"picked":"Steam","floor":11},{"not_picked":["Meteor Strike","Stack"],"picked":"Self Repair","floor":12},{"not_picked":["Thunder Strike","Seek"],"picked":"Electrodynamics","floor":16},{"not_picked":["Streamline+1","Ball Lightning"],"picked":"Conserve Battery+1","floor":18},{"not_picked":["Skim","Streamline+1"],"picked":"Loop+1","floor":19},{"not_picked":["Loop","Coolheaded"],"picked":"Go for the Eyes","floor":20}],"player_experience":83780,"relics_obtained":[{"floor":9,"key":"Bottled Lightning"},{"floor":12,"key":"Darkstone Periapt"},{"floor":20,"key":"WingedGreaves"},{"floor":20,"key":"Bottled Flame"}],"event_choices":[{"damage_healed":0,"gold_gain":0,"player_choice":"Entered Light","damage_taken":14,"max_hp_gain":0,"max_hp_loss":0,"event_name":"Shining Light","floor":3,"gold_loss":0,"cards_upgraded":["Strike_B","Defend_B"]},{"damage_healed":0,"gold_gain":0,"player_choice":"Upgraded","damage_taken":0,"max_hp_gain":0,"max_hp_loss":0,"event_name":"Upgrade Shrine","floor":7,"gold_loss":0,"cards_upgraded":["Defragment"]},{"damage_healed":0,"gold_gain":0,"player_choice":"Got Potions","damage_taken":0,"max_hp_gain":0,"max_hp_loss":0,"event_name":"Lab","floor":14,"gold_loss":0},{"damage_healed":0,"gold_gain":0,"player_choice":"Fight","damage_taken":0,"max_hp_gain":0,"max_hp_loss":0,"event_name":"Colosseum","floor":20,"gold_loss":0},{"damage_healed":0,"gold_gain":0,"player_choice":"Fought Nobs","damage_taken":0,"max_hp_gain":0,"max_hp_loss":0,"event_name":"Colosseum","floor":20,"gold_loss":0},{"damage_healed":0,"gold_gain":275,"player_choice":"Desecrate","damage_taken":0,"max_hp_gain":0,"max_hp_loss":0,"event_name":"Golden Shrine","floor":21,"gold_loss":0,"cards_obtained":["Regret"]}],"is_beta":false,"boss_relics":[{"not_picked":["Runic Dome","Nuclear Battery"],"picked":"Inserter"}],"items_purged_floors":[],"is_endless":false,"potions_floor_spawned":[2,12,16,19,20],"killed_by":"3 Cultists","ascension_level":0}