{"gold_per_floor":[117,40,40,53,69,69,100,117,117,117,135,167,183,214,214,293,293,310,310,330,430,454,454,65,65,143,174,184,200,225,125,125,202,202,222,222,322,372,383,383,395,395,395,427,73,91,109,126,126,126,126,126,1,33,33],"floor_reached":56,"playtime":2212,"items_purged":["Shame","Pain","Writhe"],"score":1921,"play_id":"189a004a-3d89-492f-89d4-f62f2ddf3890","local_time":"20190121155607","is_ascension_mode":true,"campfire_choices":[{"data":"Whirlwind","floor":6.0,"key":"SMITH"},{"data":"Flame Barrier","floor":10.0,"key":"SMITH"},{"data":"Hemokinesis","floor":15.0,"key":"SMITH"},{"data":"1","floor":23.0,"key":"LIFT"},{"floor":25.0,"key":"REST"},{"data":"2","floor":32.0,"key":"LIFT"},{"floor":40.0,"key":"RECALL"},{"data":"True Grit","floor":42.0,"key":"SMITH"},{"floor":49,"key":"REST"},{"data":"3","floor":52,"key":"LIFT"}],"neow_cost":"NONE","seed_source_timestamp":1059430586052579,"circlet_count":0,"master_deck":["AscendersBane","Strike_R+1","Strike_R","Strike_R","Strike_R","Defend_R","Defend_R","Defend_R","Defend_R","Bash","Whirlwind+1","Shockwave","Headbutt+1","Flame Barrier+1","Sword Boomerang","Disarm","Juggernaut","Hemokinesis+1","Offering","True Grit+1","Disarm","Battle Trance","Reaper","Flame Barrier","Shockwave","Exhume","Body Slam+1","Inflame","Corruption+1","Exhume","Disarm","Impervious","Flame Barrier+1"],"special_seed":0,"relics":["Burning Blood","Letter Opener","Shuriken","Bottled Flame","Happy Flower","Cursed Key","Girya","Gremlin Horn","Art of War","FossilizedHelix","Pantograph","Question Card","Calipers","Velvet Choker","Prayer Wheel","StoneCalendar","Blood Vial","Pear","Whetstone"],"potions_floor_usage":[55,55],"damage_taken":[{"damage":3.0,"enemies":"2 Louse","floor":1.0,"turns":3.0},{"damage":8.0,"enemies":"Jaw Worm","floor":4.0,"turns":5.0},{"damage":6.0,"enemies":"Cultist","floor":5.0,"turns":4.0},{"damage":20.0,"enemies":"Lagavulin","floor":7.0,"turns":6.0},{"damage":0.0,"enemies":"3 Louse","floor":8.0,"turns":2.0},{"damage":1.0,"enemies":"Looter","floor":11.0,"turns":4.0},{"damage":10.0,"enemies":"3 Sentries","floor":12.0,"turns":4.0},{"damage":8.0,"enemies":"Large Slime","floor":13.0,"turns":6.0},{"damage":35.0,"enemies":"Gremlin Nob","floor":14.0,"turns":5.0},{"damage":34.0,"enemies":"Hexaghost","floor":16.0,"turns":10.0},{"damage":8.0,"enemies":"Spheric Guardian","floor":18.0,"turns":3.0},{"damage":0.0,"enemies":"Chosen","floor":20.0,"turns":3.0},{"damage":22.0,"enemies":"Colosseum Slavers","floor":21.0,"turns":3.0},{"damage":17.0,"enemies":"Colosseum Nobs","floor":21.0,"turns":3.0},{"damage":28.0,"enemies":"Book of Stabbing","floor":27.0,"turns":6.0},{"damage":11.0,"enemies":"Snecko","floor":28.0,"turns":4.0},{"damage":13.0,"enemies":"Centurion and Healer","floor":29.0,"turns":9.0},{"damage":2.0,"enemies":"Slavers","floor":30.0,"turns":3.0},{"damage":54.0,"enemies":"Champ","floor":33.0,"turns":11.0},{"damage":2.0,"enemies":"Orb Walker","floor":35.0,"turns":4.0},{"damage":9.0,"enemies":"Mind Bloom Boss Battle","floor":37.0,"turns":7.0},{"damage":41.0,"enemies":"2 Orb Walkers","floor":38.0,"turns":3.0},{"damage":8.0,"enemies":"3 Darklings","floor":39.0,"turns":3.0},{"damage":22.0,"enemies":"Transient","floor":41.0,"turns":5.0},{"damage":46.0,"enemies":"Nemesis","floor":44.0,"turns":7.0},{"damage":25,"enemies":"4 Shapes","floor":46,"turns":2},{"damage":0,"enemies":"3 Darklings","floor":47,"turns":1},{"damage":0,"enemies":"Maw","floor":48,"turns":7},{"damage":97,"enemies":"Donu and Deca","floor":50,"turns":10},{"damage":26,"enemies":"Shield and Spear","floor":54,"turns":7},{"damage":87,"enemies":"The Heart","floor":55,"turns":10}],"seed_played":"-6633355964611524339","potions_obtained":[{"floor":4.0,"key":"SteroidPotion"},{"floor":5.0,"key":"Regen Potion"},{"floor":8.0,"key":"Fire Potion"},{"floor":14.0,"key":"Energy Potion"},{"floor":16.0,"key":"Swift Potion"},{"floor":27.0,"key":"Block Potion"},{"floor":28.0,"key":"SkillPotion"},{"floor":33.0,"key":"EssenceOfSteel"},{"floor":35.0,"key":"Swift Potion"},{"floor":37.0,"key":"Explosive Potion"},{"floor":41.0,"key":"BloodPotion"}],"is_trial":false,"path_per_floor":["?","?","?","T","$","M","?","?","?"],"character_chosen":"IRONCLAD","items_purchased":["Whirlwind","FossilizedHelix","Pear","PowerPotion","Dexterity Potion"],"campfire_rested":2,"item_purchase_floors":[2,24,45,45,45],"current_hp_per_floor":[71,71,71,69,69,69,55,61,61,61,66,62,60,31,31,18,61,59,59,65,38,38,38,38,60,60,38,42,42,61,61,61,29,64,75,75,72,37,53,53,49,49,49,16,26,15,23,61,85,20,69,69,69,69,23],"gold":33,"neow_bonus":"REMOVE_CARD","is_prod":false,"is_daily":false,"chose_seed":false,"campfire_upgraded":4,"win_rate":0,"timestamp":1548104167,"path_taken":["M","$","?","M","M","R","E","M","T","R","M","E","M","E","R","BOSS","M","?","M","?","?","R","?","R","T","E","M","?","E","$","R","BOSS","M","?","?","?","M","R","M","R","T","E","$","M","M","M","R","BOSS","R","$","E","BOSS"],"build_version":"2019-01-20","purchased_purges":3,"victory":true,"max_hp_per_floor":[75,75,75,75,75,75,75,75,75,75,75,75,75,75,75,75,75,75,75,75,75,75,75,75,75,75,75,75,75,75,75,75,75,75,75,75,75,75,75,75,75,75,75,75,85,85,85,85,85,85,85,85,85,85,85],"card_choices":[{"not_picked":["Body Slam","Corruption","Heavy Blade"],"picked":"SKIP","floor":1.0},{"not_picked":["Anger","Evolve"],"picked":"Shockwave","floor":4.0},{"not_picked":["Clash","Entrench"],"picked":"Headbutt","floor":5.0},{"not_picked":["Flex","Warcry","Twin Strike"],"picked":"SKIP","floor":7.0},{"not_picked":["Sentinel","Warcry"],"picked":"Flame Barrier","floor":8.0},{"not_picked":["Second Wind","Iron Wave"],"picked":"Sword Boomerang","floor":11.0},{"not_picked":["Headbutt","Ghostly Armor"],"picked":"Disarm","floor":12.0},{"not_picked":["Sever Soul","Body Slam"],"picked":"Juggernaut","floor":13.0},{"not_picked":["Rage","Perfected Strike"],"picked":"Hemokinesis","floor":14.0},{"not_picked":["Double Tap","Barricade"],"picked":"Offering","floor":16.0},{"not_picked":["Clothesline+1","Clash+1"],"picked":"True Grit","floor":18.0},{"not_picked":["Ghostly Armor+1","Flame Barrier"],"picked":"Disarm","floor":20.0},{"not_picked":["Dropkick","Rampage"],"picked":"Battle Trance","floor":21.0},{"not_picked":["Pommel Strike","Rupture+1"],"picked":"Reaper","floor":27.0},{"not_picked":["Combust","Clash+1","Hemokinesis"],"picked":"Flame Barrier","floor":28.0},{"not_picked":["Clash","Heavy Blade","Thunderclap"],"picked":"Shockwave","floor":29.0},{"not_picked":["Warcry","Rupture","Bloodletting+1","Fire Breathing"],"picked":"SKIP","floor":30.0},{"not_picked":["Fiend Fire","Feed","Berserk"],"picked":"Exhume","floor":33.0},{"not_picked":["Entrench","Warcry","Second Wind"],"picked":"Body Slam+1","floor":35.0},{"not_picked":["Sword Boomerang","Perfected Strike","Evolve+1"],"picked":"Inflame","floor":37.0},{"not_picked":["Power Through","Metallicize","Rampage"],"picked":"Corruption+1","floor":39.0},{"not_picked":["Armaments","Havoc","Anger","Ghostly Armor+1"],"picked":"SKIP","floor":39.0},{"not_picked":["Heavy Blade","Warcry+1","Pommel Strike","Havoc"],"picked":"SKIP","floor":41.0},{"not_picked":["Juggernaut","Wild Strike","Flex+1","Perfected Strike"],"picked":"SKIP","floor":41.0},{"not_picked":["Infernal Blade","Body Slam+1","Pommel Strike"],"picked":"Exhume","floor":44.0},{"not_picked":["Body Slam","Iron Wave","True Grit"],"picked":"Disarm","floor":46},{"not_picked":["Twin Strike","Iron Wave","Clash","Warcry"],"picked":"SKIP","floor":46},{"not_picked":["Body Slam","Power Through","Havoc"],"picked":"Impervious","floor":47},{"not_picked":["Havoc","Sentinel+1","Twin Strike","Flame Barrier"],"picked":"SKIP","floor":47},{"not_picked":["Seeing Red+1","Clothesline","Thunderclap","Combust"],"picked":"SKIP","floor":48},{"not_picked":["Flame Barrier","Clothesline","Twin Strike+1","Perfected Strike"],"picked":"SKIP","floor":48},{"not_picked":["Thunderclap","Inflame+1","Sword Boomerang+1"],"picked":"Flame Barrier+1","floor":54}],"player_experience":1861456,"relics_obtained":[{"floor":7.0,"key":"Letter Opener"},{"floor":9.0,"key":"Shuriken"},{"floor":12.0,"key":"Bottled Flame"},{"floor":14.0,"key":"Happy Flower"},{"floor":21.0,"key":"Girya"},{"floor":21.0,"key":"Gremlin Horn"},{"floor":22.0,"key":"Art of War"},{"floor":26.0,"key":"Pantograph"},{"floor":27.0,"key":"Question Card"},{"floor":30.0,"key":"Calipers"},{"floor":37.0,"key":"Prayer Wheel"},{"floor":38.0,"key":"StoneCalendar"},{"floor":44.0,"key":"Blood Vial"},{"floor":54,"key":"Whetstone"}],"event_choices":[{"damage_healed":0.0,"max_hp_gain":0.0,"max_hp_loss":0.0,"gold_gain":0.0,"event_name":"The Cleric","player_choice":"Leave","floor":3.0,"gold_loss":0.0,"damage_taken":0.0},{"damage_healed":0.0,"max_hp_gain":0.0,"max_hp_loss":0.0,"gold_gain":0.0,"event_name":"Ghosts","player_choice":"Ignored","floor":19.0,"gold_loss":0.0,"damage_taken":0.0},{"damage_healed":0.0,"max_hp_gain":0.0,"max_hp_loss":0.0,"gold_gain":0.0,"event_name":"Colosseum","player_choice":"Fight","floor":21.0,"gold_loss":0.0,"damage_taken":0.0},{"damage_healed":0.0,"max_hp_gain":0.0,"max_hp_loss":0.0,"gold_gain":0.0,"event_name":"Colosseum","player_choice":"Fought Nobs","floor":21.0,"gold_loss":0.0,"damage_taken":0.0},{"damage_healed":0.0,"max_hp_gain":0.0,"max_hp_loss":0.0,"gold_gain":0.0,"event_name":"Tomb of Lord Red Mask","player_choice":"Ignored","floor":36.0,"gold_loss":0.0,"damage_taken":0.0},{"damage_healed":0.0,"max_hp_gain":0.0,"max_hp_loss":0.0,"gold_gain":0.0,"event_name":"MindBloom","player_choice":"Fight","floor":37.0,"gold_loss":0.0,"damage_taken":0.0},{"damage_healed":0.0,"max_hp_gain":0.0,"max_hp_loss":0.0,"gold_gain":0.0,"event_name":"Mysterious Sphere","player_choice":"Fight","floor":38.0,"gold_loss":0.0,"damage_taken":0.0}],"is_beta":true,"boss_relics":[{"not_picked":["Empty Cage","Calling Bell"],"picked":"Cursed Key"},{"not_picked":["Busted Crown","Eternal Feather"],"picked":"Velvet Choker"}],"items_purged_floors":[24,31,53],"is_endless":false,"potions_floor_spawned":[4,5,8,14,16,20,27,28,33,35,37,41,46,47],"ascension_level":15}