{"gold_per_floor":[111,71,71,91,109,136,158,188,243,243,100,135,57,70,70,144,144,154,173,173,88,102,102,131,164,216,216,243,243,276,289,289,365,365,375,1374,928,940,940,968,968,968,968,968,968,997,997,1008,1008,1008,1008,1008,24,49,49],"floor_reached":56,"playtime":3311,"items_purged":["Concentrate","Normality","Normality"],"score":2095,"play_id":"2e95aa1e-08e1-4d6d-b340-50e8e85b9ca2","local_time":"20190223121006","is_ascension_mode":true,"campfire_choices":[{"floor":10.0,"key":"REST"},{"data":"Backstab","floor":15.0,"key":"SMITH"},{"data":"Catalyst","floor":23,"key":"SMITH"},{"data":"Night Terror","floor":27,"key":"SMITH"},{"data":"Crippling Poison","floor":32,"key":"SMITH"},{"floor":41,"key":"RECALL"},{"data":"Well Laid Plans","floor":42,"key":"SMITH"},{"data":"Doppelganger","floor":44,"key":"SMITH"},{"data":"Adrenaline","floor":47,"key":"SMITH"},{"data":"Caltrops","floor":49,"key":"SMITH"},{"data":"Backflip","floor":52,"key":"SMITH"}],"neow_cost":"NONE","seed_source_timestamp":0,"circlet_count":0,"master_deck":["AscendersBane","Survivor","Neutralize","Bullet Time","Caltrops+1","Adrenaline+1","Caltrops","Night Terror+1","Backflip+1","Adrenaline","Noxious Fumes+1","Outmaneuver","Catalyst+1","All Out Attack","Backstab+1","Cloak And Dagger","Well Laid Plans+1","Dagger Throw","Deadly Poison","Leg Sweep","Blur","Crippling Poison+1","Leg Sweep","Doppelganger+1","Deflect","Predator","Backflip","Underhanded Strike","Escape Plan","Bite","Bite","Bite","Bite","Bite","Wraith Form v2+1","After Image+1","Wraith Form v2+1","Dark Shackles","Well Laid Plans+1"],"special_seed":0,"relics":["Pandora\u0027s Box","Bag of Preparation","Odd Mushroom","PreservedInsect","Tiny Chest","Bag of Marbles","Orrery","Orichalcum","WingedGreaves","Frozen Egg 2","Strawberry","Pear","Bottled Tornado","Snecko Eye","DollysMirror","Centennial Puzzle","Art of War","Darkstone Periapt","Pantograph","Bird Faced Urn","Frozen Eye","Bottled Lightning"],"potions_floor_usage":[24,25,30,33,46,55,55],"damage_taken":[{"damage":4.0,"enemies":"Small Slimes","floor":1.0,"turns":5.0},{"damage":8.0,"enemies":"Jaw Worm","floor":4.0,"turns":3.0},{"damage":0.0,"enemies":"2 Louse","floor":5.0,"turns":2.0},{"damage":12.0,"enemies":"Gremlin Nob","floor":6.0,"turns":2.0},{"damage":6.0,"enemies":"The Mushroom Lair","floor":7.0,"turns":3.0},{"damage":16.0,"enemies":"Lagavulin","floor":8.0,"turns":6.0},{"damage":8.0,"enemies":"Gremlin Nob","floor":12.0,"turns":4.0},{"damage":0.0,"enemies":"Large Slime","floor":14.0,"turns":2.0},{"damage":1.0,"enemies":"Hexaghost","floor":16.0,"turns":9.0},{"damage":2,"enemies":"3 Byrds","floor":18,"turns":3},{"damage":0,"enemies":"Chosen","floor":19,"turns":4},{"damage":4,"enemies":"Centurion and Healer","floor":22,"turns":5},{"damage":6,"enemies":"Gremlin Leader","floor":24,"turns":4},{"damage":9,"enemies":"Book of Stabbing","floor":25,"turns":5},{"damage":22,"enemies":"Gremlin Leader","floor":28,"turns":6},{"damage":15,"enemies":"Slavers","floor":30,"turns":5},{"damage":0,"enemies":"3 Cultists","floor":31,"turns":5},{"damage":35,"enemies":"Automaton","floor":33,"turns":9},{"damage":0,"enemies":"3 Shapes","floor":35,"turns":7},{"damage":7,"enemies":"Orb Walker","floor":38,"turns":4},{"damage":1,"enemies":"Nemesis","floor":40,"turns":7},{"damage":23,"enemies":"Reptomancer","floor":46,"turns":10},{"damage":0,"enemies":"Transient","floor":48,"turns":5},{"damage":18,"enemies":"Donu and Deca","floor":50,"turns":12},{"damage":6,"enemies":"Shield and Spear","floor":54,"turns":5},{"damage":17,"enemies":"The Heart","floor":55,"turns":12}],"seed_played":"4931715668256288242","potions_obtained":[{"floor":4.0,"key":"SteroidPotion"},{"floor":7.0,"key":"PowerPotion"},{"floor":16.0,"key":"Weak Potion"},{"floor":24,"key":"GhostInAJar"},{"floor":28,"key":"Explosive Potion"},{"floor":30,"key":"Fire Potion"},{"floor":33,"key":"Weak Potion"},{"floor":38,"key":"AttackPotion"},{"floor":46,"key":"FairyPotion"}],"is_trial":false,"path_per_floor":["M","$","?","M","M","E","?","E","T","R","$","E","$","M","R","B",null,"M","M","$","?","M","R","E","E","T","R","E","?","E","M","R","B",null,"M","?","$","M","?","E","R","R","T","R","?","E","R","M","R","B",null,"R","$","E","B",null],"character_chosen":"THE_SILENT","items_purchased":["All Out Attack","Leg Sweep","Crippling Poison","DollysMirror","Centennial Puzzle","Pantograph","Well Laid Plans+1","Bird Faced Urn","Frozen Eye","Ancient Potion"],"campfire_rested":1,"item_purchase_floors":[2,11,13,37,37,53,53,53,53,53],"current_hp_per_floor":[55,55,55,47,47,35,29,13,13,32,32,24,24,24,24,23,55,53,53,53,53,49,49,43,34,41,41,29,29,24,34,34,11,46,58,58,58,58,55,55,55,55,55,55,50,43,43,55,55,55,55,55,55,55,55],"gold":49,"neow_bonus":"BOSS_RELIC","is_prod":false,"is_daily":false,"chose_seed":false,"campfire_upgraded":9,"win_rate":0,"timestamp":1550941806,"path_taken":["M","$","?","M","M","E","?","E","T","R","?","E","$","M","R","BOSS","M","M","$","?","M","R","E","E","T","R","E","?","E","M","R","BOSS","M","?","$","M","?","E","R","R","T","R","?","E","R","M","R","BOSS","R","$","E","BOSS"],"build_version":"2019-02-06","purchased_purges":3,"victory":true,"max_hp_per_floor":[66,66,66,66,66,66,66,66,66,66,66,66,66,66,66,66,66,66,66,66,66,66,66,66,66,73,73,83,58,58,58,58,58,58,58,58,58,58,55,55,55,55,55,55,55,55,55,55,55,55,55,55,55,55,55],"card_choices":[{"not_picked":["Deflect","PiercingWail"],"picked":"Catalyst","floor":1.0},{"not_picked":["Slice","Finisher"],"picked":"Backstab","floor":4.0},{"not_picked":["Backstab","Flechettes"],"picked":"Cloak And Dagger","floor":5.0},{"not_picked":["Masterful Stab","Bouncing Flask"],"picked":"Well Laid Plans","floor":6.0},{"not_picked":["Deflect","Blade Dance"],"picked":"Dagger Throw","floor":7.0},{"not_picked":["Caltrops","Bullet Time"],"picked":"Deadly Poison","floor":8.0},{"not_picked":["Flying Knee","Tactician"],"picked":"Blur","floor":12.0},{"not_picked":["Deadly Poison","Underhanded Strike"],"picked":"Leg Sweep","floor":14.0},{"not_picked":["Phantasmal Killer","Bullet Time"],"picked":"Doppelganger","floor":16.0},{"not_picked":["Acrobatics","Outmaneuver"],"picked":"Deflect","floor":17},{"not_picked":["Sucker Punch","Bouncing Flask"],"picked":"Predator","floor":17},{"not_picked":["Dagger Throw","Phantasmal Killer"],"picked":"Backflip","floor":17},{"not_picked":["Cloak And Dagger","Slice","Skewer"],"picked":"SKIP","floor":18},{"not_picked":["Acrobatics","Cloak And Dagger"],"picked":"Underhanded Strike","floor":19},{"not_picked":["Heel Hook","Dagger Spray+1","Backstab+1"],"picked":"SKIP","floor":22},{"not_picked":["Terror","Backstab"],"picked":"Escape Plan","floor":24},{"not_picked":["Eviscerate+1","Deadly Poison","Backstab"],"picked":"SKIP","floor":25},{"not_picked":["Blade Dance","Sucker Punch","Poisoned Stab"],"picked":"SKIP","floor":28},{"not_picked":["PiercingWail","Slice"],"picked":"Wraith Form v2+1","floor":30},{"not_picked":["Deflect","Dagger Spray","Quick Slash"],"picked":"SKIP","floor":31},{"not_picked":["Malaise","Phantasmal Killer"],"picked":"After Image+1","floor":33},{"not_picked":["Deadly Poison","Dagger Spray","Blur"],"picked":"SKIP","floor":35},{"not_picked":["Dagger Throw+1","Deadly Poison","Underhanded Strike"],"picked":"SKIP","floor":38},{"not_picked":["Cloak And Dagger","Quick Slash","Poisoned Stab"],"picked":"SKIP","floor":40},{"not_picked":["Discovery","Violence"],"picked":"Dark Shackles","floor":45},{"not_picked":["Slice+1","Dodge and Roll+1","Flechettes+1"],"picked":"SKIP","floor":46},{"not_picked":["Infinite Blades+1","Cloak And Dagger","Choke"],"picked":"SKIP","floor":48},{"not_picked":["Dagger Spray","Quick Slash","Storm of Steel"],"picked":"SKIP","floor":54}],"player_experience":2021904,"relics_obtained":[{"floor":6.0,"key":"Bag of Preparation"},{"floor":7.0,"key":"Odd Mushroom"},{"floor":8.0,"key":"PreservedInsect"},{"floor":9.0,"key":"Tiny Chest"},{"floor":12.0,"key":"Bag of Marbles"},{"floor":24,"key":"WingedGreaves"},{"floor":25,"key":"Frozen Egg 2"},{"floor":26,"key":"Strawberry"},{"floor":28,"key":"Pear"},{"floor":30,"key":"Bottled Tornado"},{"floor":40,"key":"Art of War"},{"floor":46,"key":"Darkstone Periapt"},{"floor":54,"key":"Bottled Lightning"}],"event_choices":[{"damage_healed":0.0,"max_hp_gain":0.0,"max_hp_loss":0.0,"gold_gain":0.0,"event_name":"Living Wall","player_choice":"Grow","floor":3.0,"gold_loss":0.0,"damage_taken":0.0,"cards_upgraded":["Noxious Fumes"]},{"damage_healed":0.0,"max_hp_gain":0.0,"max_hp_loss":0.0,"gold_gain":0.0,"event_name":"Mushrooms","player_choice":"Fought Mushrooms","floor":7.0,"gold_loss":0.0,"damage_taken":0.0},{"damage_healed":0,"gold_gain":0,"player_choice":"Obtained Relic","damage_taken":0,"relics_obtained":["Orichalcum"],"max_hp_gain":0,"max_hp_loss":0,"event_name":"Addict","floor":21,"gold_loss":85},{"damage_healed":0,"gold_gain":0,"player_choice":"Became a vampire","damage_taken":0,"max_hp_gain":0,"max_hp_loss":25,"event_name":"Vampires","floor":29,"gold_loss":0,"cards_obtained":["Bite","Bite","Bite","Bite","Bite"]},{"damage_healed":0,"gold_gain":999,"player_choice":"Gold","damage_taken":0,"max_hp_gain":0,"max_hp_loss":0,"event_name":"MindBloom","floor":36,"gold_loss":0,"cards_obtained":["Normality","Normality"]},{"damage_healed":0,"gold_gain":0,"player_choice":"Max HP","damage_taken":0,"max_hp_gain":0,"max_hp_loss":3,"event_name":"Winding Halls","floor":39,"gold_loss":0},{"damage_healed":0,"gold_gain":0,"player_choice":"Memory 2","damage_taken":5,"max_hp_gain":0,"max_hp_loss":0,"event_name":"SensoryStone","floor":45,"gold_loss":0}],"is_beta":true,"boss_relics":[{"not_picked":["Calling Bell","Lizard Tail"],"picked":"Orrery"},{"not_picked":["WristBlade","Eternal Feather"],"picked":"Snecko Eye"}],"items_purged_floors":[11,37,53],"is_endless":false,"potions_floor_spawned":[4,7,16,24,28,30,33,38,46],"ascension_level":15}