{"path_per_floor":["M","M","M","?","M","R","M","$","T","M","M","E","R","M","R","B",null,"M","M","M","?","?","R","M","R","T","M","?","R","$","M","R","B",null,"M","?","M","?","M","E","R","M","T","$","M","?","T","M","R"],"character_chosen":"IRONCLAD","items_purchased":["Flex","Dramatic Entrance","Block Potion"],"gold_per_floor":[116,129,148,98,116,116,131,6,6,25,38,70,70,85,85,183,183,194,209,227,227,227,227,246,246,246,261,176,176,82,97,97,199,199,218,0,11,60,70,99,99,118,118,70,85,85,164,182,182],"floor_reached":50,"campfire_rested":3,"playtime":7442,"current_hp_per_floor":[80,80,80,80,80,80,65,65,65,62,63,50,50,56,56,53,80,67,56,47,32,32,32,23,48,48,39,39,39,39,42,67,53,85,52,52,56,19,41,34,34,11,11,11,14,35,35,9,34],"items_purged":["Defend_R"],"gold":182,"play_id":"85ce9fea-2764-45b5-94d8-978e77da8923","is_prod":false,"is_daily":false,"is_ascension_mode":false,"campfire_upgraded":6,"path_taken":["M","M","M","?","M","R","M","?","T","?","M","E","R","M","R","BOSS","M","?","M","?","?","R","M","R","T","?","?","R","$","M","R","BOSS","M","?","?","?","?","E","R","M","T","$","M","?","?","M","R","BOSS"],"build_version":"2018-01-25-PROD3","purchased_purges":1,"victory":false,"master_deck":["Strike_R","Strike_R","Defend_R","Defend_R","Defend_R","Bash","Metallicize","Spot Weakness+1","Iron Wave","Heavy Blade+1","Battle Trance","Flex+1","Dropkick","Shrug It Off","Bloodletting+1","Impervious","Thunderclap+1","Bloodletting+1","Headbutt","Dramatic Entrance","Flame Barrier","Double Tap+1","Heavy Blade+1","Pommel Strike+1","Flex","Rupture+1","Flex","Writhe","Flex+1"],"max_hp_per_floor":[80,80,80,80,80,80,80,80,80,80,80,80,80,80,80,80,80,80,80,80,85,85,85,85,85,85,85,85,85,85,85,85,85,85,85,85,85,85,85,85,85,85,85,85,85,85,85,85,85],"relics":["Burning Blood","Bag of Marbles","Toolbox","Runic Pyramid","Red Skull","Frozen Eye","Lizard Tail","Red Mask","Charon\u0027s Ashes","Lantern","Torii","Centennial Puzzle"],"card_choices":[{"not_picked":["Hemokinesis","Clothesline"],"picked":"Metallicize"},{"not_picked":["True Grit","Uppercut"],"picked":"Spot Weakness"},{"not_picked":["Uppercut","True Grit"],"picked":"Iron Wave"},{"not_picked":["Reaper","Sword Boomerang"],"picked":"Heavy Blade"},{"not_picked":["Heavy Blade","Pommel Strike"],"picked":"Battle Trance"},{"not_picked":["Shockwave","Twin Strike"],"picked":"Dropkick"},{"not_picked":["Dual Wield","Sword Boomerang"],"picked":"Shrug It Off"},{"not_picked":["Warcry","Feed"],"picked":"Bloodletting"},{"not_picked":["Juggernaut","Reaper"],"picked":"Impervious"},{"not_picked":["Heavy Blade","Twin Strike"],"picked":"Thunderclap"},{"not_picked":["Thunderclap","Pummel"],"picked":"Bloodletting"},{"not_picked":["Perfected Strike","Burning Pact"],"picked":"Headbutt"},{"not_picked":["Blood for Blood","Anger"],"picked":"Flame Barrier"},{"not_picked":["Dark Embrace","Brutality"],"picked":"Double Tap"},{"not_picked":["Shockwave","Searing Blow"],"picked":"Heavy Blade"},{"not_picked":["Anger","Warcry"],"picked":"Pommel Strike"},{"not_picked":["Headbutt","Anger"],"picked":"Flex"},{"not_picked":["Clash","Anger"],"picked":"Rupture"},{"not_picked":["Pommel Strike","Sever Soul"],"picked":"Flex"},{"not_picked":["Perfected Strike","Burning Pact"],"picked":"Flex"}],"player_experience":25008,"potions_floor_usage":[16,33,38,38,39,48,48,50],"damage_taken":[{"damage":2,"enemies":"2 Louse","floor":1,"turns":3},{"damage":2,"enemies":"Jaw Worm","floor":2,"turns":5},{"damage":1,"enemies":"Cultist","floor":3,"turns":3},{"damage":1,"enemies":"Red Slaver","floor":5,"turns":5},{"damage":21,"enemies":"Gremlin Gang","floor":7,"turns":7},{"damage":9,"enemies":"Exordium Wildlife","floor":10,"turns":6},{"damage":5,"enemies":"3 Louse","floor":11,"turns":3},{"damage":19,"enemies":"Gremlin Nob","floor":12,"turns":4},{"damage":0,"enemies":"Looter","floor":14,"turns":2},{"damage":9,"enemies":"Slime Boss","floor":16,"turns":8},{"damage":19,"enemies":"3 Byrds","floor":18,"turns":5},{"damage":17,"enemies":"Shell Parasite","floor":19,"turns":4},{"damage":15,"enemies":"3 Cultists","floor":20,"turns":5},{"damage":15,"enemies":"Chosen and Byrds","floor":24,"turns":7},{"damage":15,"enemies":"Snake Plant","floor":27,"turns":3},{"damage":3,"enemies":"Snecko","floor":31,"turns":3},{"damage":20,"enemies":"Collector","floor":33,"turns":5},{"damage":39,"enemies":"3 Darklings","floor":35,"turns":6},{"damage":2,"enemies":"Orb Walker","floor":37,"turns":3},{"damage":43,"enemies":"Mysterious Sphere","floor":38,"turns":4},{"damage":29,"enemies":"Sphere and 2 Shapes","floor":39,"turns":5},{"damage":13,"enemies":"2 Orb Walkers","floor":40,"turns":3},{"damage":29,"enemies":"Maw","floor":42,"turns":6},{"damage":3,"enemies":"3 Darklings","floor":45,"turns":4},{"damage":35,"enemies":"Sphere and 2 Shapes","floor":48,"turns":4},{"damage":36,"enemies":"Time Eater","floor":50,"turns":4}],"event_choices":[{"event_name":"The Cleric","player_choice":"Card Removal","floor":4,"damage_taken":0},{"event_name":"Forgotten Altar","player_choice":"Shed Blood","floor":21,"damage_taken":0},{"event_name":"Back to Basics","player_choice":"Elegance","floor":22,"damage_taken":0},{"event_name":"Addict","player_choice":"Obtained Relic","floor":28,"damage_taken":0},{"event_name":"Tomb of Lord Red Mask","player_choice":"Paid","floor":36,"damage_taken":0},{"event_name":"Mysterious Sphere","player_choice":"Fight","floor":38,"damage_taken":0},{"event_name":"Winding Halls","player_choice":"Writhe","floor":46,"damage_taken":0}],"boss_relics":[{"not_picked":["Calling Bell","Velvet Choker"],"picked":"Runic Pyramid"},{"not_picked":["Runic Cube","Tiny House"],"picked":"Lizard Tail"}],"potions_floor_spawned":[1,2,10,12,18,24,27,33,40,42,45],"seed_played":"4562581093245566420","killed_by":"Time Eater","ascension_level":0,"is_trial":false}