{"gold_per_floor":[110,129,139,159,173,199,211,211,211,211,211,230,261,272,272,345,345,364,70,81,111,125,125,37,37,37,72,91,91,122,138,138,216,216,233,245,245,245,225,256,256,285,333,333,358,458,458,468,468,468,468,468,98,127,127],"floor_reached":56,"playtime":2755,"items_purged":["Strike_B","Strike_B","Zap+1"],"score":2046,"play_id":"88a1f89d-2c4d-4879-8436-cfa976d9f0ad","local_time":"20190121204513","is_ascension_mode":true,"campfire_choices":[{"data":"Zap","floor":10,"key":"SMITH"},{"data":"Defragment","floor":15,"key":"SMITH"},{"data":"Loop","floor":23,"key":"SMITH"},{"data":"Chill","floor":29,"key":"SMITH"},{"data":"Blizzard","floor":32,"key":"SMITH"},{"data":"Defragment","floor":41,"key":"SMITH"},{"floor":47,"key":"RECALL"},{"data":"Capacitor","floor":49,"key":"SMITH"},{"data":"Defragment","floor":52,"key":"SMITH"}],"neow_cost":"NONE","seed_source_timestamp":1076287413706744,"circlet_count":0,"master_deck":["AscendersBane","Defend_B","Defend_B","Defend_B","Defend_B","Dualcast","Doom and Gloom","Undo","Conserve Battery","Self Repair","Glacier","Loop+1","Defragment+1","Coolheaded","Echo Form","Cold Snap","Double Energy","Capacitor+1","Chill+1","Hologram+1","Amplify","Tempest","Defragment+1","Fusion","Defragment+1","Skim"],"special_seed":0,"relics":["Cracked Core","Mercury Hourglass","Ice Cream","Matryoshka","Coffee Dripper","Membership Card","Red Mask","Happy Flower","FossilizedHelix","Juzu Bracelet","Nuclear Battery","Centennial Puzzle","Kunai","PreservedInsect","Potion Belt","Strawberry","Torii","Runic Capacitor","Nunchaku","Blood Vial"],"potions_floor_usage":[6,6,22,27,28,33,42,55,55,55,55],"damage_taken":[{"damage":1.0,"enemies":"Cultist","floor":1.0,"turns":3.0},{"damage":0.0,"enemies":"Small Slimes","floor":2.0,"turns":2.0},{"damage":8.0,"enemies":"Jaw Worm","floor":3.0,"turns":4.0},{"damage":5.0,"enemies":"Looter","floor":4.0,"turns":4.0},{"damage":2.0,"enemies":"2 Fungi Beasts","floor":5.0,"turns":4.0},{"damage":4,"enemies":"Gremlin Nob","floor":6,"turns":4},{"damage":11,"enemies":"3 Louse","floor":7,"turns":2},{"damage":0,"enemies":"Lots of Slimes","floor":12,"turns":1},{"damage":11,"enemies":"3 Sentries","floor":13,"turns":6},{"damage":0,"enemies":"Large Slime","floor":14,"turns":7},{"damage":13,"enemies":"Hexaghost","floor":16,"turns":12},{"damage":0,"enemies":"3 Byrds","floor":18,"turns":4},{"damage":2,"enemies":"Spheric Guardian","floor":20,"turns":5},{"damage":32,"enemies":"Masked Bandits","floor":21,"turns":7},{"damage":6,"enemies":"Shelled Parasite and Fungi","floor":22,"turns":7},{"damage":3,"enemies":"Colosseum Slavers","floor":25,"turns":4},{"damage":11,"enemies":"Gremlin Leader","floor":27,"turns":7},{"damage":8,"enemies":"Snake Plant","floor":28,"turns":5},{"damage":2,"enemies":"Book of Stabbing","floor":30,"turns":6},{"damage":0,"enemies":"Centurion and Healer","floor":31,"turns":8},{"damage":27,"enemies":"Automaton","floor":33,"turns":8},{"damage":3,"enemies":"Orb Walker","floor":35,"turns":5},{"damage":11,"enemies":"3 Darklings","floor":36,"turns":5},{"damage":0,"enemies":"Nemesis","floor":40,"turns":11},{"damage":15,"enemies":"Reptomancer","floor":42,"turns":8},{"damage":7,"enemies":"Nemesis","floor":45,"turns":7},{"damage":21,"enemies":"Mind Bloom Boss Battle","floor":46,"turns":6},{"damage":19,"enemies":"Jaw Worm Horde","floor":48,"turns":6},{"damage":1,"enemies":"Donu and Deca","floor":50,"turns":12},{"damage":12,"enemies":"Shield and Spear","floor":54,"turns":10},{"damage":22,"enemies":"The Heart","floor":55,"turns":13}],"seed_played":"-2157866612336418434","potions_obtained":[{"floor":2.0,"key":"EssenceOfSteel"},{"floor":4.0,"key":"FearPotion"},{"floor":6,"key":"Regen Potion"},{"floor":7,"key":"Energy Potion"},{"floor":22,"key":"Explosive Potion"},{"floor":27,"key":"Swift Potion"},{"floor":30,"key":"LiquidBronze"},{"floor":36,"key":"PowerPotion"},{"floor":39,"key":"Weak Potion"},{"floor":45,"key":"FearPotion"},{"floor":46,"key":"Fire Potion"}],"is_trial":false,"path_per_floor":["M","M","?","?","?","?","?","?","?","?","?"],"character_chosen":"DEFECT","items_purchased":["Membership Card","Cold Snap","Double Energy","Capacitor","SpeedPotion","Runic Capacitor","Nunchaku","Poison Potion"],"campfire_rested":0,"item_purchase_floors":[19,19,19,24,53,53,53,53],"current_hp_per_floor":[70,70,62,57,55,58,54,47,47,47,47,47,43,50,50,44,70,77,77,75,57,72,72,72,69,69,72,78,78,76,78,78,58,73,77,78,78,78,78,78,78,77,77,77,77,63,63,51,51,57,78,78,78,80,67],"gold":127,"neow_bonus":"TEN_PERCENT_HP_BONUS","is_prod":false,"is_daily":false,"chose_seed":false,"campfire_upgraded":8,"win_rate":0,"timestamp":1548121513,"path_taken":["M","?","M","?","M","E","M","?","T","R","?","M","E","M","R","BOSS","M","$","M","?","M","R","$","?","T","E","M","R","E","M","R","BOSS","M","M","?","?","?","E","R","E","T","?","E","?","R","M","R","BOSS","R","$","E","BOSS"],"build_version":"2019-01-20","purchased_purges":3,"victory":true,"max_hp_per_floor":[78,78,78,78,78,78,78,78,78,78,78,78,78,78,78,78,78,78,78,78,78,78,78,78,78,78,78,78,78,78,78,78,78,78,78,78,78,78,78,78,78,78,78,78,85,85,85,85,85,85,85,85,85,85,85],"card_choices":[{"not_picked":["Beam Cell","Streamline"],"picked":"Doom and Gloom","floor":1.0},{"not_picked":["Turbo","Self Repair"],"picked":"Undo","floor":2.0},{"not_picked":["Beam Cell","Sunder","Lockon"],"picked":"SKIP","floor":3.0},{"not_picked":["Go for the Eyes","Force Field"],"picked":"Conserve Battery","floor":4.0},{"not_picked":["Recycle","Coolheaded"],"picked":"Self Repair","floor":5.0},{"not_picked":["White Noise","Cold Snap"],"picked":"Glacier","floor":6},{"not_picked":["Heatsinks","Steam","Thunder Strike"],"picked":"SKIP","floor":7},{"not_picked":["Double Energy","Conserve Battery"],"picked":"Loop","floor":12},{"not_picked":["Fission","Ball Lightning"],"picked":"Defragment","floor":13},{"not_picked":["Rebound","Doom and Gloom"],"picked":"Coolheaded","floor":14},{"not_picked":["Meteor Strike","Seek"],"picked":"Echo Form","floor":16},{"not_picked":["Scrape","Gash","Leap"],"picked":"SKIP","floor":18},{"not_picked":["Streamline","Darkness+1","Turbo"],"picked":"SKIP","floor":20},{"not_picked":["Double Energy","Turbo","Scrape"],"picked":"SKIP","floor":22},{"not_picked":["Steam","FTL"],"picked":"Chill","floor":27},{"not_picked":["Meteor Strike","White Noise+1"],"picked":"Hologram+1","floor":28},{"not_picked":["Static Discharge","Streamline","Darkness"],"picked":"SKIP","floor":30},{"not_picked":["Rip and Tear","Beam Cell"],"picked":"Blizzard","floor":31},{"not_picked":["Electrodynamics","Rainbow"],"picked":"Amplify","floor":33},{"not_picked":["Reprogram","Streamline"],"picked":"Tempest","floor":35},{"not_picked":["Streamline","Scrape+1"],"picked":"Defragment","floor":36},{"not_picked":["Melter","Tempest"],"picked":"Defragment","floor":40},{"not_picked":["Genetic Algorithm","Rip and Tear","Sweeping Beam"],"picked":"SKIP","floor":42},{"not_picked":["Cold Snap","Steam"],"picked":"Skim","floor":45},{"not_picked":["Barrage+1","Heatsinks","Redo+1"],"picked":"SKIP","floor":48},{"not_picked":["Force Field","Chill","Double Energy"],"picked":"SKIP","floor":54}],"player_experience":1864416,"relics_obtained":[{"floor":6,"key":"Mercury Hourglass"},{"floor":9,"key":"Ice Cream"},{"floor":13,"key":"Matryoshka"},{"floor":21,"key":"Red Mask"},{"floor":26,"key":"Happy Flower"},{"floor":27,"key":"FossilizedHelix"},{"floor":30,"key":"Juzu Bracelet"},{"floor":40,"key":"Centennial Puzzle"},{"floor":42,"key":"Kunai"},{"floor":43,"key":"PreservedInsect"},{"floor":43,"key":"Potion Belt"},{"floor":45,"key":"Strawberry"},{"floor":46,"key":"Torii"},{"floor":54,"key":"Blood Vial"}],"event_choices":[{"cards_removed":["Strike_B"],"damage_healed":0,"gold_gain":0,"player_choice":"Card Removal","damage_taken":7,"max_hp_gain":0,"max_hp_loss":0,"event_name":"Golden Wing","floor":8,"gold_loss":0},{"damage_healed":0,"gold_gain":0,"player_choice":"Ignored","damage_taken":0,"max_hp_gain":0,"max_hp_loss":0,"event_name":"Liars Game","floor":11,"gold_loss":0},{"damage_healed":0,"gold_gain":0,"player_choice":"Fought Bandits","damage_taken":0,"max_hp_gain":0,"max_hp_loss":0,"event_name":"Masked Bandits","floor":21,"gold_loss":0},{"damage_healed":0,"gold_gain":0,"player_choice":"Fight","damage_taken":0,"max_hp_gain":0,"max_hp_loss":0,"event_name":"Colosseum","floor":25,"gold_loss":0},{"damage_healed":0,"gold_gain":0,"player_choice":"Fled From Nobs","damage_taken":0,"max_hp_gain":0,"max_hp_loss":0,"event_name":"Colosseum","floor":25,"gold_loss":0},{"damage_healed":0,"gold_gain":0,"cards_transformed":["Strike_B"],"player_choice":"Transformed","damage_taken":0,"max_hp_gain":0,"max_hp_loss":0,"event_name":"Transmorgrifier","floor":37,"gold_loss":0,"cards_obtained":["Fusion"]},{"cards_removed":["Blizzard"],"damage_healed":0,"gold_gain":0,"player_choice":"Removed Attack","damage_taken":0,"max_hp_gain":0,"max_hp_loss":0,"event_name":"Falling","floor":38,"gold_loss":0},{"damage_healed":0,"gold_gain":0,"player_choice":"Bought 1 Potion","damage_taken":0,"max_hp_gain":0,"max_hp_loss":0,"event_name":"The Woman in Blue","floor":39,"gold_loss":0},{"damage_healed":0,"gold_gain":0,"player_choice":"Ignored","damage_taken":0,"max_hp_gain":0,"max_hp_loss":0,"event_name":"Mysterious Sphere","floor":44,"gold_loss":0},{"damage_healed":0,"gold_gain":0,"player_choice":"Fight","damage_taken":0,"max_hp_gain":0,"max_hp_loss":0,"event_name":"MindBloom","floor":46,"gold_loss":0}],"is_beta":true,"boss_relics":[{"not_picked":["FrozenCore","Ectoplasm"],"picked":"Coffee Dripper"},{"not_picked":["Orrery","Empty Cage"],"picked":"Nuclear Battery"}],"items_purged_floors":[19,24,53],"is_endless":false,"potions_floor_spawned":[2,4,5,6,7,18,22,25,27,30,31,36,40,45,46],"ascension_level":15}