{"gold_per_floor":[368,115,129,141,156,188,188,216,241,285,297,342,354,56,56,127,127,143,95,195,212,212,212,58,58,85,110,110,122,141,172,172,247,247,257,270,119,134,134,134,151,184,184,214,214,227,256,274,274,274,274,274,11,39,39],"floor_reached":56,"playtime":2578,"items_purged":["Strike_B","Strike_B"],"score":2037,"play_id":"997b6700-bac3-4eea-b147-ae7b405daefe","local_time":"20190216190942","is_ascension_mode":true,"campfire_choices":[{"data":"Zap","floor":7.0,"key":"SMITH"},{"data":"Sweeping Beam","floor":11.0,"key":"SMITH"},{"data":"Defragment","floor":15.0,"key":"SMITH"},{"floor":23.0,"key":"REST"},{"data":"Creative AI","floor":25.0,"key":"SMITH"},{"data":"Self Repair","floor":28.0,"key":"SMITH"},{"floor":32.0,"key":"REST"},{"floor":40.0,"key":"RECALL"},{"floor":45,"key":"REST"},{"data":"Seek","floor":49,"key":"SMITH"},{"data":"Biased Cognition","floor":52,"key":"SMITH"}],"neow_cost":"PERCENT_DAMAGE","seed_source_timestamp":198539983577219,"circlet_count":0,"master_deck":["AscendersBane","Strike_B","Defend_B","Defend_B","Defend_B","Defend_B","Zap+1","Dualcast","Genetic Algorithm+1","Self Repair+1","Cold Snap","Sweeping Beam+1","Compile Driver","Echo Form","Conserve Battery","Ball Lightning","Defragment+1","Sweeping Beam","Creative AI+1","Conserve Battery+1","Defragment+1","Biased Cognition+1","Cold Snap","Chaos+1","Undo","Seek+1","Panacea","Coolheaded"],"special_seed":0,"relics":["Cracked Core","Happy Flower","Art of War","Strawberry","MawBank","Orichalcum","Bronze Scales","Oddly Smooth Stone","Inserter","WingedGreaves","Pantograph","Anchor","Omamori","War Paint","Regal Pillow","Velvet Choker","Bag of Preparation","Kunai","Dream Catcher","Mummified Hand"],"potions_floor_usage":[44,44,50,55],"damage_taken":[{"damage":2.0,"enemies":"Jaw Worm","floor":1.0,"turns":4.0},{"damage":1.0,"enemies":"Cultist","floor":3.0,"turns":4.0},{"damage":0.0,"enemies":"Small Slimes","floor":4.0,"turns":3.0},{"damage":12.0,"enemies":"Blue Slaver","floor":5.0,"turns":4.0},{"damage":10.0,"enemies":"Lagavulin","floor":6.0,"turns":8.0},{"damage":22.0,"enemies":"Gremlin Nob","floor":8.0,"turns":4.0},{"damage":15.0,"enemies":"3 Sentries","floor":10.0,"turns":4.0},{"damage":24.0,"enemies":"Gremlin Nob","floor":12.0,"turns":5.0},{"damage":12.0,"enemies":"Slime Boss","floor":16.0,"turns":6.0},{"damage":3.0,"enemies":"Spheric Guardian","floor":18.0,"turns":4.0},{"damage":29.0,"enemies":"Colosseum Slavers","floor":20.0,"turns":5.0},{"damage":36.0,"enemies":"Colosseum Nobs","floor":20.0,"turns":5.0},{"damage":2.0,"enemies":"Shell Parasite","floor":21.0,"turns":6.0},{"damage":14.0,"enemies":"Book of Stabbing","floor":27.0,"turns":6.0},{"damage":24.0,"enemies":"Snake Plant","floor":29.0,"turns":5.0},{"damage":7.0,"enemies":"Snecko","floor":30.0,"turns":7.0},{"damage":16.0,"enemies":"Slavers","floor":31.0,"turns":5.0},{"damage":6.0,"enemies":"Champ","floor":33.0,"turns":9.0},{"damage":17.0,"enemies":"3 Shapes","floor":35.0,"turns":4.0},{"damage":14.0,"enemies":"Orb Walker","floor":36.0,"turns":4.0},{"damage":24.0,"enemies":"Spire Growth","floor":38.0,"turns":5.0},{"damage":9.0,"enemies":"Transient","floor":41.0,"turns":5.0},{"damage":38.0,"enemies":"Nemesis","floor":42.0,"turns":10.0},{"damage":24,"enemies":"Giant Head","floor":44,"turns":10},{"damage":0,"enemies":"4 Shapes","floor":46,"turns":5},{"damage":5,"enemies":"Nemesis","floor":47,"turns":11},{"damage":13,"enemies":"3 Darklings","floor":48,"turns":6},{"damage":49,"enemies":"Awakened One","floor":50,"turns":20},{"damage":38,"enemies":"Shield and Spear","floor":54,"turns":11},{"damage":36,"enemies":"The Heart","floor":55,"turns":11}],"seed_played":"597030291366992390","potions_obtained":[{"floor":1.0,"key":"EssenceOfSteel"},{"floor":4.0,"key":"Weak Potion"},{"floor":5.0,"key":"Poison Potion"},{"floor":20.0,"key":"Strength Potion"},{"floor":21.0,"key":"Energy Potion"},{"floor":31.0,"key":"Strength Potion"},{"floor":35.0,"key":"Strength Potion"},{"floor":44,"key":"Explosive Potion"},{"floor":47,"key":"SteroidPotion"}],"is_trial":false,"path_per_floor":["M","$","M","M","M","E","R","E","T","E","R","E","?","$","R","B",null,"M","$","?","M","?","R","$","R","T","E","R","M","M","E","R","B",null,"M","M","$","M","$","R","M","E","T","E","R","M","E","M","R","B",null,"R","$","E","B",null],"character_chosen":"DEFECT","items_purchased":["Genetic Algorithm","Self Repair","Happy Flower","Defragment","Sweeping Beam","Oddly Smooth Stone","Conserve Battery","Anchor","Bag of Preparation","Panacea","FocusPotion"],"campfire_rested":3,"item_purchase_floors":[2,2,2,14,14,14,19,24,37,53,53],"current_hp_per_floor":[44,44,50,57,52,49,49,41,41,33,33,23,23,23,23,18,63,67,67,16,28,28,51,51,51,51,37,37,13,26,20,58,78,78,78,74,74,70,70,70,61,43,43,39,77,77,78,78,78,39,68,68,68,50,49],"gold":39,"neow_bonus":"TWO_FIFTY_GOLD","is_prod":false,"is_daily":false,"chose_seed":false,"campfire_upgraded":7,"win_rate":0,"timestamp":1550362182,"path_taken":["M","$","M","M","M","E","R","E","T","E","R","E","?","?","R","BOSS","M","$","?","M","?","R","$","R","T","E","R","M","?","E","R","BOSS","M","M","$","M","$","R","?","E","T","E","R","M","E","M","R","BOSS","R","$","E","BOSS"],"build_version":"2019-02-06","purchased_purges":2,"victory":true,"max_hp_per_floor":[71,71,71,71,71,71,71,78,78,78,78,78,78,78,78,78,78,78,78,78,78,78,78,78,78,78,78,78,78,78,78,78,78,78,78,78,78,78,78,78,78,78,78,78,78,78,78,78,78,78,78,78,78,78,78],"card_choices":[{"not_picked":["Gash","Hello World","Beam Cell"],"picked":"SKIP","floor":1.0},{"not_picked":["Skim","Aggregate","Beam Cell"],"picked":"SKIP","floor":3.0},{"not_picked":["Self Repair","Sunder"],"picked":"Cold Snap","floor":4.0},{"not_picked":["Redo","Melter"],"picked":"Sweeping Beam","floor":5.0},{"not_picked":["Leap","Streamline"],"picked":"Compile Driver","floor":6.0},{"not_picked":["Turbo","Double Energy"],"picked":"Echo Form","floor":8.0},{"not_picked":["Rebound","Static Discharge"],"picked":"Conserve Battery","floor":10.0},{"not_picked":["Chaos","Leap"],"picked":"Ball Lightning","floor":12.0},{"not_picked":["All For One","Thunder Strike"],"picked":"Creative AI","floor":16.0},{"not_picked":["Capacitor","Reprogram","Melter"],"picked":"SKIP","floor":18.0},{"not_picked":["Compile Driver","Ball Lightning","Leap"],"picked":"SKIP","floor":21.0},{"not_picked":["Reprogram","Tempest","Gash"],"picked":"SKIP","floor":27.0},{"not_picked":["Gash","Rebound+1","Darkness"],"picked":"SKIP","floor":29.0},{"not_picked":["Melter","Loop","Rip and Tear"],"picked":"SKIP","floor":30.0},{"not_picked":["Conserve Battery","Barrage","Hyperbeam"],"picked":"SKIP","floor":31.0},{"not_picked":["Thunder Strike","Electrodynamics"],"picked":"Biased Cognition","floor":33.0},{"not_picked":["Heatsinks","Rebound"],"picked":"Cold Snap","floor":35.0},{"not_picked":["Loop","Sweeping Beam+1","Streamline+1"],"picked":"SKIP","floor":36.0},{"not_picked":["Gash+1","Doom and Gloom","Streamline"],"picked":"SKIP","floor":38.0},{"not_picked":["Rebound","Beam Cell"],"picked":"Chaos+1","floor":41.0},{"not_picked":["Reprogram","Turbo+1","Gash+1"],"picked":"SKIP","floor":42.0},{"not_picked":["Defragment","Sweeping Beam+1"],"picked":"Undo","floor":44},{"not_picked":["Double Energy","Skim"],"picked":"Seek","floor":46},{"not_picked":["Beam Cell","Static Discharge","Multi-Cast"],"picked":"SKIP","floor":47},{"not_picked":["BootSequence+1","Conserve Battery","Rebound"],"picked":"SKIP","floor":48},{"not_picked":["Lockon+1","Barrage"],"picked":"Coolheaded","floor":54}],"player_experience":1976696,"relics_obtained":[{"floor":6.0,"key":"Art of War"},{"floor":8.0,"key":"Strawberry"},{"floor":9.0,"key":"MawBank"},{"floor":10.0,"key":"Orichalcum"},{"floor":12.0,"key":"Bronze Scales"},{"floor":20.0,"key":"WingedGreaves"},{"floor":20.0,"key":"Pantograph"},{"floor":26.0,"key":"Omamori"},{"floor":27.0,"key":"War Paint"},{"floor":31.0,"key":"Regal Pillow"},{"floor":44,"key":"Kunai"},{"floor":47,"key":"Dream Catcher"},{"floor":54,"key":"Mummified Hand"}],"event_choices":[{"cards_removed":["Strike_B"],"damage_healed":0.0,"max_hp_gain":0.0,"max_hp_loss":0.0,"gold_gain":0.0,"event_name":"Bonfire Elementals","player_choice":"Offered Basic","floor":13.0,"gold_loss":0.0,"damage_taken":0.0},{"damage_healed":0.0,"max_hp_gain":0.0,"max_hp_loss":0.0,"gold_gain":0.0,"event_name":"Colosseum","player_choice":"Fight","floor":20.0,"gold_loss":0.0,"damage_taken":0.0},{"damage_healed":0.0,"max_hp_gain":0.0,"max_hp_loss":0.0,"gold_gain":0.0,"event_name":"Colosseum","player_choice":"Fought Nobs","floor":20.0,"gold_loss":0.0,"damage_taken":0.0},{"damage_healed":0.0,"max_hp_gain":0.0,"max_hp_loss":0.0,"gold_gain":0.0,"event_name":"Duplicator","player_choice":"Copied","floor":22.0,"gold_loss":0.0,"damage_taken":0.0,"cards_obtained":["Defragment"]}],"is_beta":true,"boss_relics":[{"not_picked":["Pandora\u0027s Box","Calling Bell"],"picked":"Inserter"},{"not_picked":["Philosopher\u0027s Stone","FrozenCore"],"picked":"Velvet Choker"}],"items_purged_floors":[14,53],"is_endless":false,"potions_floor_spawned":[1,4,5,20,20,21,31,35,36,38,44,47],"ascension_level":15}