{"gold_per_floor":[118,118,178,193,193,227,246,246,246,277,325,355,24,43,43,138,138,151,251,251,6,20,20,20,20,20,20,38,58,104,131,143,155],"floor_reached":33,"playtime":1790,"items_purged":[],"score":288,"play_id":"626c66c0-9124-47a0-b167-b2b0bd1d6856","local_time":"20190314150802","is_ascension_mode":false,"campfire_choices":[{"data":"Static Discharge","floor":8,"key":"SMITH"},{"floor":15,"key":"REST"},{"floor":23,"key":"REST"},{"floor":24,"key":"DIG"},{"floor":27,"key":"REST"},{"floor":32,"key":"REST"}],"neow_cost":"NONE","seed_source_timestamp":71472478789546,"circlet_count":0,"master_deck":["Strike_B","Strike_B","Strike_B","Defend_B","Defend_B","Defend_B","Defend_B","Zap+1","Dualcast","Doom and Gloom","Chaos","Static Discharge+1","Glacier","Sweeping Beam","Loop","Hyperbeam","Blizzard","Storm","Conserve Battery","Coolheaded","Core Surge","Rebound","Storm","Clumsy","Biased Cognition","Panache","Sweeping Beam","Rainbow","Ball Lightning","Redo","Hello World+1"],"relics":["Cracked Core","NeowsBlessing","WingedGreaves","Shovel","Happy Flower","Oddly Smooth Stone","Bottled Tornado","Lizard Tail","Nunchaku","Dodecahedron","Boot","Letter Opener","MawBank"],"potions_floor_usage":[10,12,16,16,22,29,33],"damage_taken":[{"damage":0,"enemies":"2 Louse","floor":1,"turns":1},{"damage":0,"enemies":"Small Slimes","floor":4,"turns":1},{"damage":0,"enemies":"3 Sentries","floor":6,"turns":1},{"damage":3,"enemies":"Cultist","floor":7,"turns":3},{"damage":25,"enemies":"Lagavulin","floor":10,"turns":5},{"damage":20,"enemies":"3 Sentries","floor":12,"turns":4},{"damage":5,"enemies":"Exordium Wildlife","floor":14,"turns":2},{"damage":33,"enemies":"Hexaghost","floor":16,"turns":10},{"damage":20,"enemies":"2 Thieves","floor":18,"turns":3},{"damage":20,"enemies":"Colosseum Slavers","floor":19,"turns":4},{"damage":47,"enemies":"Colosseum Nobs","floor":19,"turns":4},{"damage":14,"enemies":"Chosen","floor":22,"turns":5},{"damage":4,"enemies":"Snecko","floor":28,"turns":5},{"damage":18,"enemies":"Snake Plant","floor":29,"turns":3},{"damage":10,"enemies":"Cultist and Chosen","floor":31,"turns":3},{"damage":53,"enemies":"Automaton","floor":33,"turns":8}],"seed_played":"268899807301660238","potions_obtained":[{"floor":4,"key":"Fire Potion"},{"floor":7,"key":"SteroidPotion"},{"floor":12,"key":"Swift Potion"},{"floor":14,"key":"Fire Potion"},{"floor":19,"key":"Ancient Potion"},{"floor":28,"key":"Block Potion"},{"floor":31,"key":"SteroidPotion"}],"is_trial":false,"path_per_floor":["M","?","?","M","?","E","M","R","T","E","T","E","$","M","R","B",null,"M","?","?","$","M","R","R","?","T","R","M","M","T","M","R","B"],"character_chosen":"DEFECT","items_purchased":["Hyperbeam","Blizzard","Storm","Conserve Battery","Panache","Sweeping Beam"],"campfire_rested":4,"item_purchase_floors":[13,13,13,13,21,21],"current_hp_per_floor":[75,75,75,75,75,75,72,72,72,47,47,27,27,22,44,11,75,55,37,37,37,23,45,45,31,31,55,51,33,33,23,47,0],"gold":155,"neow_bonus":"THREE_ENEMY_KILL","is_prod":false,"is_daily":false,"chose_seed":false,"campfire_upgraded":1,"win_rate":0.0,"timestamp":1552601282,"path_taken":["M","?","?","M","?","E","?","R","T","E","?","E","$","M","R","BOSS","M","?","?","$","M","R","R","?","T","R","M","?","?","M","R","BOSS"],"build_version":"2019-01-23","purchased_purges":0,"victory":false,"max_hp_per_floor":[75,75,75,75,75,75,75,75,75,75,75,75,75,75,75,75,75,75,75,75,75,75,75,75,80,80,80,80,80,80,80,80,80],"card_choices":[{"not_picked":["Turbo","Steam"],"picked":"Doom and Gloom","floor":1},{"not_picked":["Stack","Blizzard"],"picked":"Chaos","floor":4},{"not_picked":["Coolheaded","Hologram"],"picked":"Static Discharge","floor":6},{"not_picked":["Sweeping Beam","Coolheaded"],"picked":"Glacier","floor":7},{"not_picked":["Double Energy","Gash"],"picked":"Sweeping Beam","floor":10},{"not_picked":["Force Field","Consume"],"picked":"Loop","floor":12},{"not_picked":["Hologram","Consume"],"picked":"Coolheaded","floor":14},{"not_picked":["Hyperbeam","Echo Form"],"picked":"Core Surge","floor":16},{"not_picked":["Sweeping Beam","Reinforced Body"],"picked":"Rebound","floor":18},{"not_picked":["Cold Snap+1","Steam+1"],"picked":"Storm","floor":19},{"not_picked":["Conserve Battery","Streamline"],"picked":"Rainbow","floor":22},{"not_picked":["Gash","Stack"],"picked":"Ball Lightning","floor":28},{"not_picked":["Tempest","Glacier"],"picked":"Redo","floor":29},{"not_picked":["Compile Driver","Aggregate+1"],"picked":"Hello World+1","floor":31}],"player_experience":81990,"relics_obtained":[{"floor":6,"key":"WingedGreaves"},{"floor":9,"key":"Shovel"},{"floor":10,"key":"Happy Flower"},{"floor":11,"key":"Oddly Smooth Stone"},{"floor":12,"key":"Bottled Tornado"},{"floor":19,"key":"Nunchaku"},{"floor":19,"key":"Dodecahedron"},{"floor":24,"key":"Boot"},{"floor":26,"key":"Letter Opener"},{"floor":30,"key":"MawBank"}],"event_choices":[{"damage_healed":0,"gold_gain":0,"player_choice":"Grow","damage_taken":0,"max_hp_gain":0,"max_hp_loss":0,"event_name":"Living Wall","floor":2,"gold_loss":0,"cards_upgraded":["Zap"]},{"damage_healed":0,"gold_gain":60,"player_choice":"Gained Gold","damage_taken":0,"max_hp_gain":0,"max_hp_loss":0,"event_name":"Golden Wing","floor":3,"gold_loss":0},{"damage_healed":0,"gold_gain":0,"player_choice":"Cursed","damage_taken":0,"max_hp_gain":0,"max_hp_loss":0,"event_name":"Wheel of Change","floor":5,"gold_loss":0,"cards_obtained":["Decay"]},{"damage_healed":0,"gold_gain":0,"player_choice":"Fight","damage_taken":0,"max_hp_gain":0,"max_hp_loss":0,"event_name":"Colosseum","floor":19,"gold_loss":0},{"damage_healed":0,"gold_gain":0,"player_choice":"Fought Nobs","damage_taken":0,"max_hp_gain":0,"max_hp_loss":0,"event_name":"Colosseum","floor":19,"gold_loss":0},{"damage_healed":0,"gold_gain":0,"cards_transformed":["Decay","Strike_B"],"player_choice":"Became Test Subject","damage_taken":0,"max_hp_gain":0,"max_hp_loss":0,"event_name":"Drug Dealer","floor":20,"gold_loss":0,"cards_obtained":["Clumsy","Biased Cognition"]},{"damage_healed":0,"gold_gain":0,"player_choice":"Shed Blood","damage_taken":19,"max_hp_gain":5,"max_hp_loss":0,"event_name":"Forgotten Altar","floor":25,"gold_loss":0}],"is_beta":false,"boss_relics":[{"not_picked":["Empty Cage","Busted Crown"],"picked":"Lizard Tail"}],"items_purged_floors":[],"is_endless":false,"potions_floor_spawned":[4,7,12,14,19,19,28,31],"killed_by":"Automaton","ascension_level":0}