{"gold_per_floor":[110,285,235,262,281,281,36,49,73,73,107,117,127,138,138,233,283,301,301,311,82,102,136,148,80,80,80,97,97,109,109,109,109],"floor_reached":33,"playtime":2058,"items_purged":[],"score":269,"play_id":"da34bdb2-7cc4-4e00-8255-ed575031a981","local_time":"20190311203559","is_ascension_mode":false,"campfire_choices":[{"data":"Shrug It Off","floor":6,"key":"SMITH"},{"data":"Inflame","floor":15,"key":"SMITH"},{"data":"Transmutation","floor":27,"key":"SMITH"},{"floor":29,"key":"REST"},{"floor":32,"key":"REST"}],"neow_cost":"NONE","seed_source_timestamp":883091772939892,"circlet_count":0,"master_deck":["Strike_R","Strike_R","Strike_R","Strike_R","Strike_R","Defend_R","Defend_R","Defend_R+1","Defend_R","Heavy Blade","Shrug It Off+1","Demon Form","Perfected Strike","Inflame+1","Cleave","Fiend Fire","Anger","Sword Boomerang+1","Shrug It Off","Perfected Strike+1","Transmutation+1","Anger","Sword Boomerang","Armaments+1","Reckless Charge","Inflame","Anger","Sword Boomerang+1"],"relics":["Burning Blood","NeowsBlessing","Centennial Puzzle","Question Card","Happy Flower","Ornamental Fan","Tiny House","Regal Pillow","Magic Flower"],"potions_floor_usage":[11,16,16,20,23,30,33],"damage_taken":[{"damage":0,"enemies":"Jaw Worm","floor":1,"turns":1},{"damage":0,"enemies":"Small Slimes","floor":5,"turns":1},{"damage":0,"enemies":"Cultist","floor":8,"turns":1},{"damage":20,"enemies":"Lagavulin","floor":11,"turns":11},{"damage":0,"enemies":"Looter","floor":12,"turns":2},{"damage":2,"enemies":"Red Slaver","floor":13,"turns":2},{"damage":9,"enemies":"Gremlin Gang","floor":14,"turns":5},{"damage":7,"enemies":"Slime Boss","floor":16,"turns":5},{"damage":18,"enemies":"2 Thieves","floor":18,"turns":4},{"damage":1,"enemies":"Chosen","floor":20,"turns":4},{"damage":26,"enemies":"Snake Plant","floor":22,"turns":4},{"damage":21,"enemies":"Slavers","floor":23,"turns":4},{"damage":7,"enemies":"Chosen and Byrds","floor":24,"turns":5},{"damage":15,"enemies":"Snecko","floor":28,"turns":4},{"damage":33,"enemies":"Snake Plant","floor":30,"turns":5},{"damage":102,"enemies":"Champ","floor":33,"turns":9}],"seed_played":"7380071610402192754","potions_obtained":[{"floor":5,"key":"Weak Potion"},{"floor":12,"key":"SkillPotion"},{"floor":13,"key":"Ancient Potion"},{"floor":14,"key":"PowerPotion"},{"floor":17,"key":"Swift Potion"},{"floor":18,"key":"Weak Potion"},{"floor":22,"key":"FearPotion"},{"floor":30,"key":"Weak Potion"}],"is_trial":false,"path_per_floor":["?","?","T","?","M","?","M","M","$","?"],"character_chosen":"IRONCLAD","items_purchased":["Question Card","Transmutation","Anger","Inflame"],"campfire_rested":2,"item_purchase_floors":[7,21,21,25],"current_hp_per_floor":[80,80,80,80,80,80,80,80,80,80,66,72,76,73,73,72,85,73,73,78,78,58,43,42,42,42,42,36,76,52,36,78,0],"gold":109,"neow_bonus":"THREE_ENEMY_KILL","is_prod":false,"is_daily":false,"chose_seed":false,"campfire_upgraded":3,"win_rate":0.0,"timestamp":1552332959,"path_taken":["M","?","?","?","M","R","$","M","T","?","E","M","M","?","R","BOSS","M","?","?","$","?","E","M","?","T","R","M","R","M","?","R","BOSS"],"build_version":"2019-01-23","purchased_purges":0,"victory":false,"max_hp_per_floor":[80,80,80,80,80,80,80,80,80,80,80,80,80,80,80,80,85,85,85,85,85,85,85,85,85,85,85,85,85,85,90,90,90],"card_choices":[{"not_picked":["Twin Strike","Clash"],"picked":"Heavy Blade","floor":1},{"not_picked":["Sword Boomerang","Twin Strike"],"picked":"Shrug It Off","floor":5},{"not_picked":["Sword Boomerang","Dual Wield","Cleave"],"picked":"Intimidate","floor":8},{"not_picked":["Heavy Blade","Twin Strike","Armaments"],"picked":"Demon Form","floor":11},{"not_picked":["Body Slam","Dropkick","Twin Strike"],"picked":"Perfected Strike","floor":12},{"not_picked":["Pummel","Barricade","Sword Boomerang"],"picked":"Inflame","floor":13},{"not_picked":["Clash","Hemokinesis","Pommel Strike"],"picked":"Cleave","floor":14},{"not_picked":["Brutality","Dark Embrace","Limit Break"],"picked":"Fiend Fire","floor":16},{"not_picked":["Sword Boomerang","Rupture","Iron Wave"],"picked":"Anger","floor":17},{"not_picked":["Flex","Sever Soul+1","Pommel Strike"],"picked":"Sword Boomerang+1","floor":18},{"not_picked":["Clothesline+1","Iron Wave","Shockwave"],"picked":"Perfected Strike+1","floor":20},{"not_picked":["Pummel","Fire Breathing+1","Warcry"],"picked":"Sword Boomerang","floor":22},{"not_picked":["Entrench","Fiend Fire","Pommel Strike"],"picked":"Armaments+1","floor":23},{"not_picked":["Feel No Pain+1","Bloodletting","Heavy Blade"],"picked":"Reckless Charge","floor":24},{"not_picked":["Warcry","Metallicize","Body Slam+1"],"picked":"Anger","floor":28},{"not_picked":["Dropkick","Pommel Strike","Clothesline"],"picked":"Sword Boomerang+1","floor":30}],"player_experience":31406,"relics_obtained":[{"floor":4,"key":"Centennial Puzzle"},{"floor":9,"key":"Happy Flower"},{"floor":11,"key":"Ornamental Fan"},{"floor":23,"key":"Regal Pillow"},{"floor":26,"key":"Magic Flower"}],"event_choices":[{"damage_healed":0,"gold_gain":175,"player_choice":"AGREE","damage_taken":0,"max_hp_gain":0,"max_hp_loss":0,"event_name":"Liars Game","floor":2,"gold_loss":0,"cards_obtained":["Doubt"]},{"cards_removed":["Doubt"],"damage_healed":0,"gold_gain":0,"player_choice":"Card Removal","damage_taken":0,"max_hp_gain":0,"max_hp_loss":0,"event_name":"The Cleric","floor":3,"gold_loss":50},{"cards_removed":["Intimidate"],"damage_healed":0,"gold_gain":0,"player_choice":"Offered Uncommon","damage_taken":0,"max_hp_gain":0,"max_hp_loss":0,"event_name":"Bonfire Elementals","floor":10,"gold_loss":0},{"cards_removed":["Bash"],"damage_healed":0,"gold_gain":0,"player_choice":"Took Card","damage_taken":0,"max_hp_gain":0,"max_hp_loss":0,"event_name":"NoteForYourself","floor":19,"gold_loss":0,"cards_obtained":["Shrug It Off"]},{"damage_healed":0,"gold_gain":0,"player_choice":"Shed Blood","damage_taken":21,"max_hp_gain":5,"max_hp_loss":0,"event_name":"Forgotten Altar","floor":31,"gold_loss":0}],"is_beta":false,"boss_relics":[{"not_picked":["Cursed Key","Mark of Pain"],"picked":"Tiny House"}],"items_purged_floors":[],"is_endless":false,"potions_floor_spawned":[5,12,13,14,18,22,30],"killed_by":"Champ","ascension_level":0}