{"gold_per_floor":[113,10,10,10,10,45,45,65,91,105,105,70,85,96,96,201,201,212,231,231,46,46,46,46,66,66,76,76,2,19,31,31,31],"floor_reached":33,"playtime":1833,"items_purged":[],"score":247,"play_id":"9eaf6721-b912-43de-8de1-730c7b9dc222","local_time":"20190314170454","is_ascension_mode":false,"campfire_choices":[{"floor":7,"key":"REST"},{"floor":15,"key":"REST"},{"floor":23,"key":"REST"},{"floor":28,"key":"REST"},{"floor":32,"key":"REST"}],"neow_cost":"TEN_PERCENT_HP_LOSS","seed_source_timestamp":78442864321273,"circlet_count":0,"master_deck":["Strike_B","Strike_B","Strike_B","Strike_B","Defend_B","Defend_B","Defend_B","Defend_B","Zap","Dualcast","Thunder Strike","Static Discharge+1","Ball Lightning","Loop","Hello World","Gash","Melter","Capacitor","Storm","Amplify","Storm","Darkness","Blood for Blood","Loop","Beam Cell","Conserve Battery","Compile Driver","Ball Lightning+1","Gash+1","Self Repair","Go for the Eyes","BootSequence"],"relics":["Cracked Core","WarpedTongs","Dead Branch","Centennial Puzzle","Nuclear Battery","Meat on the Bone"],"potions_floor_usage":[16,16,25,33,33,33],"damage_taken":[{"damage":7,"enemies":"2 Louse","floor":1,"turns":3},{"damage":41,"enemies":"3 Sentries","floor":6,"turns":6},{"damage":8,"enemies":"Small Slimes","floor":8,"turns":2},{"damage":5,"enemies":"Cultist","floor":10,"turns":3},{"damage":9,"enemies":"Large Slime","floor":13,"turns":4},{"damage":15,"enemies":"3 Louse","floor":14,"turns":3},{"damage":33,"enemies":"Hexaghost","floor":16,"turns":6},{"damage":20,"enemies":"3 Byrds","floor":18,"turns":2},{"damage":16,"enemies":"Shell Parasite","floor":19,"turns":3},{"damage":11,"enemies":"Snecko","floor":25,"turns":3},{"damage":26,"enemies":"Centurion and Healer","floor":27,"turns":3},{"damage":25,"enemies":"Snake Plant","floor":30,"turns":3},{"damage":33,"enemies":"Cultist and Chosen","floor":31,"turns":4},{"damage":83,"enemies":"Collector","floor":33,"turns":6}],"seed_played":"2409951337296093877","potions_obtained":[{"floor":6,"key":"Weak Potion"},{"floor":14,"key":"PowerPotion"},{"floor":16,"key":"Ancient Potion"},{"floor":19,"key":"Swift Potion"},{"floor":27,"key":"Swift Potion"},{"floor":31,"key":"Regen Potion"}],"is_trial":false,"path_per_floor":["M","$","?","?","?","E","R","M","T","M","?","?","M","M","R","B",null,"M","M","?","$","?","R","?","M","T","M","R","$","M","M","R","B"],"character_chosen":"DEFECT","items_purchased":["Ball Lightning","Loop","Loop","Beam Cell","Conserve Battery","Compile Driver","Self Repair"],"campfire_rested":5,"item_purchase_floors":[2,2,21,21,21,21,29],"current_hp_per_floor":[61,61,66,66,66,25,46,38,38,33,33,51,42,27,48,15,73,53,37,37,37,37,58,58,47,47,33,54,54,51,30,51,0],"gold":31,"neow_bonus":"THREE_RARE_CARDS","is_prod":false,"is_daily":false,"chose_seed":false,"campfire_upgraded":0,"win_rate":0.0,"timestamp":1552608294,"path_taken":["M","$","?","?","?","E","R","M","T","?","?","?","M","M","R","BOSS","M","M","?","?","?","R","?","M","T","M","R","$","M","M","R","BOSS"],"build_version":"2019-01-23","purchased_purges":0,"victory":false,"max_hp_per_floor":[68,68,73,73,73,73,73,73,73,73,73,73,73,73,73,73,73,73,73,73,73,73,73,73,73,73,73,73,73,73,73,73,73],"card_choices":[{"not_picked":["Rainbow","Biased Cognition"],"picked":"Thunder Strike","floor":0},{"not_picked":["Ball Lightning","Gash"],"picked":"Static Discharge","floor":1},{"not_picked":["Reinforced Body","FTL"],"picked":"Hello World","floor":6},{"not_picked":["Hologram","Conserve Battery"],"picked":"Gash","floor":8},{"not_picked":["Conserve Battery","Lockon"],"picked":"Melter","floor":10},{"not_picked":["Hello World","Cold Snap"],"picked":"Capacitor","floor":13},{"not_picked":["Recycle","Undo"],"picked":"Storm","floor":14},{"not_picked":["Biased Cognition","Machine Learning"],"picked":"Amplify","floor":16},{"not_picked":["Compile Driver","Doom and Gloom"],"picked":"Storm","floor":18},{"not_picked":["Hologram","Scrape+1"],"picked":"Darkness","floor":19},{"not_picked":["Coolheaded","Leap+1"],"picked":"Ball Lightning+1","floor":25},{"not_picked":["Rip and Tear","Recycle"],"picked":"Gash+1","floor":27},{"not_picked":["Rip and Tear+1","Static Discharge"],"picked":"Go for the Eyes","floor":30},{"not_picked":["Compile Driver","Steam+1"],"picked":"BootSequence","floor":31}],"player_experience":88582,"relics_obtained":[{"floor":6,"key":"Dead Branch"},{"floor":9,"key":"Centennial Puzzle"},{"floor":26,"key":"Meat on the Bone"}],"event_choices":[{"damage_healed":0,"gold_gain":0,"player_choice":"Donut","damage_taken":0,"max_hp_gain":5,"max_hp_loss":0,"event_name":"Big Fish","floor":3,"gold_loss":0},{"damage_healed":0,"gold_gain":0,"player_choice":"Ignored","damage_taken":0,"max_hp_gain":0,"max_hp_loss":0,"event_name":"Golden Wing","floor":4,"gold_loss":0},{"damage_healed":0,"gold_gain":0,"player_choice":"Rummage","damage_taken":0,"relics_obtained":["WarpedTongs"],"max_hp_gain":0,"max_hp_loss":0,"event_name":"Accursed Blacksmith","floor":5,"gold_loss":0,"cards_obtained":["Pain"]},{"damage_healed":0,"gold_gain":0,"player_choice":"Grow","damage_taken":0,"max_hp_gain":0,"max_hp_loss":0,"event_name":"Living Wall","floor":11,"gold_loss":0,"cards_upgraded":["Static Discharge"]},{"damage_healed":18,"gold_gain":0,"player_choice":"Healed","damage_taken":0,"max_hp_gain":0,"max_hp_loss":0,"event_name":"The Cleric","floor":12,"gold_loss":35},{"cards_removed":["Pain"],"damage_healed":0,"gold_gain":0,"player_choice":"Took Card","damage_taken":0,"max_hp_gain":0,"max_hp_loss":0,"event_name":"NoteForYourself","floor":20,"gold_loss":0,"cards_obtained":["Blood for Blood"]},{"damage_healed":0,"gold_gain":0,"player_choice":"Ignored","damage_taken":0,"max_hp_gain":0,"max_hp_loss":0,"event_name":"Vampires","floor":22,"gold_loss":0},{"damage_healed":0,"gold_gain":0,"player_choice":"Ignored","damage_taken":0,"max_hp_gain":0,"max_hp_loss":0,"event_name":"Ghosts","floor":24,"gold_loss":0}],"is_beta":false,"boss_relics":[{"not_picked":["Fusion Hammer","Ectoplasm"],"picked":"Nuclear Battery"}],"items_purged_floors":[],"is_endless":false,"potions_floor_spawned":[6,14,16,19,27,31],"killed_by":"Collector","ascension_level":0}