{"gold_per_floor":[115,125,300,375,53,53,85,95,95,5,5,5,5,25,25,123,123,139,18,31,6,6,6,20,20,74,74,88,88,101,113,113,113],"floor_reached":33,"playtime":1609,"items_purged":["Doubt","Strike_G","Regret"],"score":365,"play_id":"9dbfb947-7ae4-44ec-b540-f8194585fc37","local_time":"20190306091132","is_ascension_mode":true,"campfire_choices":[{"floor":6,"key":"REST"},{"data":"Catalyst","floor":11,"key":"SMITH"},{"data":"Crippling Poison","floor":15,"key":"SMITH"},{"data":"Noxious Fumes","floor":23,"key":"SMITH"},{"data":"Bouncing Flask","floor":25,"key":"SMITH"},{"floor":27,"key":"REST"},{"data":"Doppelganger","floor":29,"key":"SMITH"},{"floor":32,"key":"REST"}],"neow_cost":"NONE","seed_source_timestamp":337408538687560,"circlet_count":0,"master_deck":["Defend_G","Defend_G","Defend_G","Defend_G","Defend_G","Strike_G","Strike_G","Strike_G","Strike_G","Survivor","Neutralize","Crippling Poison+1","Deadly Poison","Bouncing Flask+1","Poisoned Stab","Deadly Poison","Catalyst+1","Envenom+1","Prepared","Noxious Fumes+1","Bane","Dodge and Roll","Prepared+1","Doppelganger+1","Prepared+1","PiercingWail+1"],"relics":["Ring of the Snake","Smiling Mask","Oddly Smooth Stone","Unceasing Top","Bottled Flame","Regal Pillow","Sozu","Strawberry"],"potions_floor_usage":[16,33],"damage_taken":[{"damage":0,"enemies":"Jaw Worm","floor":1,"turns":6},{"damage":5,"enemies":"Small Slimes","floor":2,"turns":4},{"damage":20,"enemies":"Lagavulin","floor":7,"turns":7},{"damage":1,"enemies":"2 Louse","floor":8,"turns":3},{"damage":5,"enemies":"2 Fungi Beasts","floor":14,"turns":5},{"damage":35,"enemies":"Slime Boss","floor":16,"turns":13},{"damage":4,"enemies":"Chosen","floor":18,"turns":3},{"damage":3,"enemies":"Shell Parasite","floor":20,"turns":3},{"damage":18,"enemies":"Chosen and Byrds","floor":24,"turns":6},{"damage":7,"enemies":"Centurion and Healer","floor":28,"turns":5},{"damage":25,"enemies":"Cultist and Chosen","floor":30,"turns":5},{"damage":12,"enemies":"Snake Plant","floor":31,"turns":3},{"damage":81,"enemies":"Champ","floor":33,"turns":7}],"seed_played":"6028219394687219171","potions_obtained":[{"floor":1,"key":"Ancient Potion"},{"floor":7,"key":"SkillPotion"}],"is_trial":false,"path_per_floor":["M","M","?","?","$","R","E","M","T","$","R","?","?","M","R","B",null,"M","$","M","$","?","R","M","R","T","R","M","R","M","M","R","B"],"character_chosen":"THE_SILENT","items_purchased":["Oddly Smooth Stone","Bouncing Flask","Poisoned Stab","Catalyst","Noxious Fumes","Dodge and Roll"],"campfire_rested":3,"item_purchase_floors":[5,5,5,10,19,21],"current_hp_per_floor":[63,58,58,47,47,68,48,47,47,47,47,47,47,42,42,7,54,50,50,47,47,47,47,29,29,36,74,67,67,42,30,68,0],"gold":113,"neow_bonus":"RANDOM_COMMON_RELIC","is_prod":false,"is_daily":false,"chose_seed":false,"campfire_upgraded":5,"win_rate":0,"timestamp":1551859892,"path_taken":["M","M","?","?","?","R","E","M","T","$","R","?","?","M","R","BOSS","M","$","M","$","?","R","M","R","T","R","M","R","M","?","R","BOSS"],"build_version":"2019-01-23","purchased_purges":3,"victory":false,"max_hp_per_floor":[70,70,70,70,70,70,70,70,70,70,70,70,70,70,70,70,70,70,70,70,70,70,70,70,70,77,77,77,77,77,77,77,77],"card_choices":[{"not_picked":["Escape Plan","Slice"],"picked":"Crippling Poison","floor":1},{"not_picked":["Deflect","Backflip"],"picked":"Deadly Poison","floor":2},{"not_picked":["Accuracy","Outmaneuver"],"picked":"Deadly Poison","floor":7},{"not_picked":["Cloak And Dagger","Skewer","Blade Dance"],"picked":"SKIP","floor":8},{"not_picked":["Flechettes","Accuracy","Riddle With Holes"],"picked":"SKIP","floor":14},{"not_picked":["Phantasmal Killer","Tools of the Trade"],"picked":"Envenom","floor":16},{"not_picked":["Deflect","PiercingWail"],"picked":"Prepared","floor":18},{"not_picked":["Quick Slash","Reflex+1"],"picked":"Bane","floor":20},{"not_picked":["Backflip+1","Underhanded Strike"],"picked":"Prepared+1","floor":24},{"not_picked":["Reflex+1","Deadly Poison"],"picked":"Doppelganger","floor":28},{"not_picked":["Endless Agony+1","Sucker Punch"],"picked":"Prepared+1","floor":30},{"not_picked":["Eviscerate","Masterful Stab"],"picked":"PiercingWail+1","floor":31}],"player_experience":229997,"relics_obtained":[{"floor":7,"key":"Unceasing Top"},{"floor":9,"key":"Bottled Flame"},{"floor":26,"key":"Strawberry"}],"event_choices":[{"damage_healed":0,"gold_gain":175,"player_choice":"AGREE","damage_taken":0,"max_hp_gain":0,"max_hp_loss":0,"event_name":"Liars Game","floor":3,"gold_loss":0,"cards_obtained":["Doubt"]},{"damage_healed":0,"gold_gain":75,"player_choice":"Gather Gold","damage_taken":11,"max_hp_gain":0,"max_hp_loss":0,"event_name":"World of Goop","floor":4,"gold_loss":0},{"damage_healed":0,"gold_gain":0,"player_choice":"Leave","damage_taken":0,"max_hp_gain":0,"max_hp_loss":0,"event_name":"The Cleric","floor":12,"gold_loss":0},{"damage_healed":0,"gold_gain":0,"player_choice":"Box","damage_taken":0,"relics_obtained":["Regal Pillow"],"max_hp_gain":0,"max_hp_loss":0,"event_name":"Big Fish","floor":13,"gold_loss":0,"cards_obtained":["Regret"]},{"damage_healed":0,"gold_gain":0,"player_choice":"Upgraded","damage_taken":0,"max_hp_gain":0,"max_hp_loss":0,"event_name":"Upgrade Shrine","floor":22,"gold_loss":0,"cards_upgraded":["Envenom"]}],"is_beta":false,"boss_relics":[{"not_picked":["Pandora\u0027s Box","HoveringKite"],"picked":"Sozu"}],"items_purged_floors":[5,10,19],"is_endless":false,"potions_floor_spawned":[1,7,20,28,30,31],"killed_by":"Champ","ascension_level":7}