{"gold_per_floor":[115,133,146,160,160,17,37,54,54,86,86,96,96,108,108,204,204,223,239,239],"floor_reached":20,"playtime":1673,"items_purged":["Decay"],"score":255,"play_id":"426efd4c-3e03-49a1-ad7b-61520282a655","local_time":"20190314173433","is_ascension_mode":false,"campfire_choices":[{"floor":11,"key":"REST"},{"data":"Zap","floor":15,"key":"SMITH"}],"neow_cost":"CURSE","seed_source_timestamp":80382618030496,"circlet_count":0,"master_deck":["Strike_B","Strike_B","Defend_B","Defend_B","Defend_B","Zap+1","Dualcast","Gash","Steam","Barrage","Gash","Beam Cell","Gash","Coolheaded","Buffer","Cold Snap","Double Energy","Glacier","Thunder Strike","Genetic Algorithm+1","Capacitor+1","Genetic Algorithm+1","Gash","Compile Driver"],"relics":["Cracked Core","Bottled Lightning","Ornamental Fan","Frozen Egg 2","NlothsMask","Astrolabe"],"potions_floor_usage":[10,16,16,20],"damage_taken":[{"damage":8,"enemies":"Cultist","floor":1,"turns":3},{"damage":14,"enemies":"Small Slimes","floor":2,"turns":3},{"damage":0,"enemies":"2 Louse","floor":3,"turns":1},{"damage":7,"enemies":"Looter","floor":4,"turns":3},{"damage":14,"enemies":"Blue Slaver","floor":7,"turns":3},{"damage":8,"enemies":"2 Fungi Beasts","floor":8,"turns":3},{"damage":2,"enemies":"Lagavulin","floor":10,"turns":5},{"damage":5,"enemies":"3 Louse","floor":12,"turns":3},{"damage":0,"enemies":"Large Slime","floor":14,"turns":5},{"damage":0,"enemies":"Slime Boss","floor":16,"turns":10},{"damage":33,"enemies":"3 Byrds","floor":18,"turns":7},{"damage":12,"enemies":"Shell Parasite","floor":19,"turns":6},{"damage":9,"enemies":"Colosseum Slavers","floor":20,"turns":6},{"damage":65,"enemies":"Colosseum Nobs","floor":20,"turns":6}],"seed_played":"-413519220171224500","potions_obtained":[{"floor":4,"key":"FairyPotion"},{"floor":8,"key":"Fire Potion"},{"floor":10,"key":"Dexterity Potion"},{"floor":14,"key":"AttackPotion"},{"floor":19,"key":"Weak Potion"}],"is_trial":false,"path_per_floor":["M","M","M","M","T","$","M","M","T","E","R","M","?","M","R","B",null,"M","M","?"],"character_chosen":"DEFECT","items_purchased":["Beam Cell","Gash"],"campfire_rested":1,"item_purchase_floors":[6,6],"current_hp_per_floor":[81,67,67,60,60,60,46,38,38,36,62,57,57,57,57,57,89,56,44,0],"gold":239,"neow_bonus":"TWENTY_PERCENT_HP_BONUS","is_prod":false,"is_daily":false,"chose_seed":false,"campfire_upgraded":1,"win_rate":0.0,"timestamp":1552610073,"path_taken":["M","M","?","M","?","$","M","M","T","E","R","M","?","?","R","BOSS","M","M","?"],"build_version":"2019-01-23","purchased_purges":1,"victory":false,"max_hp_per_floor":[89,89,89,89,89,89,89,89,89,89,89,89,89,89,89,89,89,89,89,89],"card_choices":[{"not_picked":["Streamline","BootSequence"],"picked":"Gash","floor":1},{"not_picked":["Turbo","Tempest"],"picked":"Steam","floor":2},{"not_picked":["Compile Driver","Steam"],"picked":"Barrage","floor":3},{"not_picked":["Beam Cell","Hologram"],"picked":"Gash","floor":4},{"not_picked":["Auto Shields","Steam"],"picked":"Coolheaded","floor":7},{"not_picked":["Scrape","Steam"],"picked":"Buffer","floor":8},{"not_picked":["Turbo","Consume"],"picked":"Cold Snap","floor":10},{"not_picked":["Leap","Steam Power"],"picked":"Double Energy","floor":12},{"not_picked":["Barrage","Rebound"],"picked":"Glacier","floor":14},{"not_picked":["Hyperbeam","Biased Cognition+1"],"picked":"Thunder Strike","floor":16},{"not_picked":["Turbo","Streamline"],"picked":"Gash","floor":18},{"not_picked":["Stack+1","Turbo"],"picked":"Compile Driver","floor":19}],"player_experience":90415,"relics_obtained":[{"floor":5,"key":"Bottled Lightning"},{"floor":9,"key":"Ornamental Fan"},{"floor":10,"key":"Frozen Egg 2"}],"event_choices":[{"damage_healed":0,"gold_gain":0,"player_choice":"Trade","damage_taken":0,"relics_obtained":["NlothsMask"],"max_hp_gain":0,"max_hp_loss":0,"event_name":"FaceTrader","floor":13,"gold_loss":0},{"damage_healed":0,"gold_gain":0,"player_choice":"Fight","damage_taken":0,"max_hp_gain":0,"max_hp_loss":0,"event_name":"Colosseum","floor":20,"gold_loss":0},{"damage_healed":0,"gold_gain":0,"player_choice":"Fought Nobs","damage_taken":0,"max_hp_gain":0,"max_hp_loss":0,"event_name":"Colosseum","floor":20,"gold_loss":0}],"is_beta":false,"boss_relics":[{"not_picked":["Black Star","Calling Bell"],"picked":"Astrolabe"}],"items_purged_floors":[6],"is_endless":false,"potions_floor_spawned":[4,8,10,14,19],"killed_by":"Colosseum Nobs","ascension_level":0}