{"gold_per_floor":[110,127,227,237,95,120,120,136,136,136,136,156,171,181,181,276,276,293,310,80,5,5,5,5,5,5,38,38,38,51,61,61,61],"floor_reached":33,"playtime":1535,"items_purged":["Defend_B","Strike_B"],"score":387,"play_id":"188c41e2-b8ca-4a2a-8c06-0532ca2c7bdb","local_time":"20190312132345","is_ascension_mode":true,"campfire_choices":[{"data":"Zap","floor":7,"key":"SMITH"},{"data":"Dualcast","floor":10,"key":"SMITH"},{"data":"Consume","floor":15,"key":"SMITH"},{"data":"Defragment","floor":23,"key":"SMITH"},{"data":"Loop","floor":25,"key":"SMITH"},{"data":"Sunder","floor":28,"key":"SMITH"},{"data":"Self Repair","floor":32,"key":"SMITH"}],"neow_cost":"NONE","seed_source_timestamp":0,"circlet_count":0,"master_deck":["Strike_B","Strike_B","Defend_B","Defend_B","Zap+1","Dualcast+1","Cold Snap","Conserve Battery","Auto Shields","Glacier","Compile Driver","Conserve Battery","Glacier","Consume+1","Core Surge","Compile Driver","Echo Form","Loop+1","Melter","Defragment+1","Decay","Sunder+1","Turbo","Self Repair+1"],"special_seed":0,"relics":["Cracked Core","NeowsBlessing","Bottled Lightning","Question Card","Coffee Dripper","Pear","PreservedInsect"],"potions_floor_usage":[12,16,16,18,19,27,27,30,30,30,31,33],"damage_taken":[{"damage":0.0,"enemies":"Jaw Worm","floor":1.0,"turns":1.0},{"damage":0.0,"enemies":"Cultist","floor":2.0,"turns":1.0},{"damage":0.0,"enemies":"2 Louse","floor":4.0,"turns":1.0},{"damage":12,"enemies":"Lagavulin","floor":6,"turns":9},{"damage":0,"enemies":"2 Fungi Beasts","floor":8,"turns":3},{"damage":0,"enemies":"Large Slime","floor":12,"turns":3},{"damage":0,"enemies":"Gremlin Gang","floor":13,"turns":8},{"damage":0,"enemies":"Looter","floor":14,"turns":3},{"damage":45,"enemies":"Hexaghost","floor":16,"turns":16},{"damage":7,"enemies":"Chosen","floor":18,"turns":5},{"damage":28,"enemies":"2 Thieves","floor":19,"turns":4},{"damage":21,"enemies":"Slavers","floor":27,"turns":10},{"damage":4,"enemies":"Centurion and Healer","floor":30,"turns":7},{"damage":7,"enemies":"Sentry and Sphere","floor":31,"turns":3},{"damage":5,"enemies":"Champ","floor":33,"turns":3}],"seed_played":"-7818162810173593531","potions_obtained":[{"floor":4.0,"key":"Poison Potion"},{"floor":8,"key":"Fire Potion"},{"floor":12,"key":"SteroidPotion"},{"floor":13,"key":"Swift Potion"},{"floor":16,"key":"GamblersBrew"},{"floor":19,"key":"GamblersBrew"},{"floor":29,"key":"Energy Potion"},{"floor":29,"key":"FairyPotion"},{"floor":29,"key":"EntropicBrew"},{"floor":31,"key":"SpeedPotion"}],"is_trial":false,"path_per_floor":["M","M","?","M","$","E","R","M","T","R","?","M","M","M","R","B",null,"M","M","$","?","?","R","?","R","T","E","R","?","M","M","R","B"],"character_chosen":"DEFECT","items_purchased":["Glacier","Defragment","PowerPotion"],"campfire_rested":0,"item_purchase_floors":[5,20,20],"current_hp_per_floor":[68,68,68,68,68,56,56,56,56,56,56,56,56,56,56,11,59,52,24,24,24,24,24,24,24,34,13,13,13,9,2,2,0],"gold":61,"neow_bonus":"THREE_ENEMY_KILL","is_prod":false,"is_daily":false,"chose_seed":false,"campfire_upgraded":7,"win_rate":0,"timestamp":1552422225,"path_taken":["M","M","?","?","$","E","R","M","T","R","?","M","M","M","R","BOSS","M","?","$","?","?","R","?","R","T","E","R","?","M","?","R","BOSS"],"build_version":"2019-01-23","purchased_purges":2,"victory":false,"max_hp_per_floor":[75,75,75,75,75,75,75,75,75,75,75,75,75,75,75,75,75,75,75,75,75,75,75,75,75,85,85,85,85,85,85,85,85],"card_choices":[{"not_picked":["Sunder","Stack"],"picked":"Cold Snap","floor":1.0},{"not_picked":["Steam Power","Sweeping Beam"],"picked":"Conserve Battery","floor":2.0},{"not_picked":["Barrage","Chill"],"picked":"Auto Shields","floor":4.0},{"not_picked":["Double Energy","Beam Cell"],"picked":"Compile Driver","floor":6},{"not_picked":["Barrage","Scrape"],"picked":"Conserve Battery","floor":8},{"not_picked":["Steam Power","Chill","FTL"],"picked":"Consume","floor":12},{"not_picked":["Streamline","Force Field","Consume"],"picked":"Core Surge","floor":13},{"not_picked":["Coolheaded","Beam Cell","Tempest"],"picked":"Compile Driver","floor":14},{"not_picked":["Rainbow","Amplify","Core Surge"],"picked":"Echo Form","floor":16},{"not_picked":["Beam Cell+1","Conserve Battery+1","Gash+1"],"picked":"Loop","floor":18},{"not_picked":["Steam","Aggregate","Reprogram"],"picked":"Melter","floor":19},{"not_picked":["Gash","Beam Cell","Barrage"],"picked":"Sunder","floor":27},{"not_picked":["Steam","White Noise","Hologram+1"],"picked":"Turbo","floor":30},{"not_picked":["Redo","Leap","Steam"],"picked":"Self Repair","floor":31}],"player_experience":402166,"relics_obtained":[{"floor":6,"key":"Bottled Lightning"},{"floor":9,"key":"Question Card"},{"floor":26,"key":"Pear"},{"floor":27,"key":"PreservedInsect"}],"event_choices":[{"damage_healed":0.0,"max_hp_gain":0.0,"max_hp_loss":0.0,"gold_gain":100.0,"event_name":"Golden Shrine","player_choice":"Pray","floor":3.0,"gold_loss":0.0,"damage_taken":0.0},{"damage_healed":0,"gold_gain":0,"cards_transformed":["Strike_B"],"player_choice":"Transformed","damage_taken":0,"max_hp_gain":0,"max_hp_loss":0,"event_name":"Transmorgrifier","floor":11,"gold_loss":0,"cards_obtained":["Glacier"]},{"cards_removed":["Defend_B"],"damage_healed":0,"gold_gain":0,"player_choice":"Gave Gold","damage_taken":0,"max_hp_gain":0,"max_hp_loss":0,"event_name":"Beggar","floor":21,"gold_loss":75},{"damage_healed":0,"gold_gain":0,"player_choice":"Ignored","damage_taken":0,"max_hp_gain":0,"max_hp_loss":0,"event_name":"Ghosts","floor":22,"gold_loss":0},{"damage_healed":0,"gold_gain":0,"player_choice":"Smashed Altar","damage_taken":0,"max_hp_gain":0,"max_hp_loss":0,"event_name":"Forgotten Altar","floor":24,"gold_loss":0,"cards_obtained":["Decay"]},{"damage_healed":0,"gold_gain":0,"player_choice":"Got Potions","damage_taken":0,"max_hp_gain":0,"max_hp_loss":0,"event_name":"Lab","floor":29,"gold_loss":0}],"is_beta":false,"boss_relics":[{"not_picked":["Black Star","Pandora\u0027s Box"],"picked":"Coffee Dripper"}],"items_purged_floors":[5,20],"is_endless":false,"potions_floor_spawned":[4,8,12,13,16,19,31],"killed_by":"Champ","ascension_level":9}