{"gold_per_floor":[115,135,148,148,165,165,188,188,213,10,42,57,67,67,67,167,167,186,111,111,166,14,14,32,6,6,6,16,27,27,2,2,100,100,120,138,154,154,154,154,164,196,196,208,208,33,81,93,93,93],"floor_reached":51,"playtime":4196,"items_purged":[],"score":702,"play_id":"467649f3-8a5c-48de-8f51-24da41dbf515","local_time":"20190314194728","is_ascension_mode":false,"campfire_choices":[{"floor":6,"key":"REST"},{"floor":8,"key":"REST"},{"data":"Defragment","floor":15,"key":"SMITH"},{"data":"Defragment","floor":23,"key":"SMITH"},{"floor":27,"key":"REST"},{"data":"Zap","floor":30,"key":"SMITH"},{"data":"Chill","floor":32,"key":"SMITH"},{"data":"Madness","floor":40,"key":"SMITH"},{"data":"Madness","floor":45,"key":"SMITH"},{"floor":49,"key":"REST"}],"neow_cost":"NONE","seed_source_timestamp":85803140241395,"circlet_count":0,"master_deck":["Strike_B","Strike_B","Strike_B","Defend_B+1","Defend_B","Defend_B","Defend_B+1","Zap+1","Dualcast","Defragment+1","FTL","Ball Lightning","Self Repair","Defragment+1","FTL","Gash","Sweeping Beam","Glacier","Conserve Battery","Doom and Gloom","Go for the Eyes","Conserve Battery","Machine Learning","Clumsy","Go for the Eyes+1","Sunder","Chill+1","Ball Lightning","Rebound","Conserve Battery","Compile Driver+1","Conserve Battery","Sweeping Beam","Machine Learning","Chaos","Fusion+1","Gash+1","Madness+1","Madness+1","Sweeping Beam+1","Hello World+1","Recycle+1","Storm","Steam","Scrape+1","Loop+1","Genetic Algorithm+1"],"relics":["Cracked Core","Odd Mushroom","Strawberry","Lantern","Calling Bell","Ancient Tea Set","Mercury Hourglass","StoneCalendar","War Paint","Cables","Inserter","Molten Egg 2","Sundial","Mango"],"potions_floor_usage":[5,11,33,33,37,42,47,50],"damage_taken":[{"damage":13,"enemies":"2 Louse","floor":1,"turns":3},{"damage":0,"enemies":"Cultist","floor":2,"turns":2},{"damage":0,"enemies":"Small Slimes","floor":3,"turns":2},{"damage":21,"enemies":"Exordium Thugs","floor":5,"turns":3},{"damage":36,"enemies":"The Mushroom Lair","floor":7,"turns":4},{"damage":12,"enemies":"3 Sentries","floor":11,"turns":6},{"damage":4,"enemies":"Exordium Wildlife","floor":12,"turns":5},{"damage":1,"enemies":"Blue Slaver","floor":13,"turns":3},{"damage":9,"enemies":"Slime Boss","floor":16,"turns":6},{"damage":19,"enemies":"3 Byrds","floor":18,"turns":3},{"damage":4,"enemies":"Chosen","floor":24,"turns":4},{"damage":8,"enemies":"Centurion and Healer","floor":28,"turns":6},{"damage":9,"enemies":"Shelled Parasite and Fungi","floor":29,"turns":5},{"damage":20,"enemies":"Automaton","floor":33,"turns":8},{"damage":20,"enemies":"3 Shapes","floor":35,"turns":3},{"damage":0,"enemies":"Orb Walker","floor":36,"turns":4},{"damage":57,"enemies":"Spire Growth","floor":37,"turns":5},{"damage":8,"enemies":"Maw","floor":41,"turns":7},{"damage":4,"enemies":"Nemesis","floor":42,"turns":7},{"damage":0,"enemies":"4 Shapes","floor":44,"turns":4},{"damage":37,"enemies":"2 Orb Walkers","floor":47,"turns":6},{"damage":16,"enemies":"3 Darklings","floor":48,"turns":5},{"damage":53,"enemies":"Awakened One","floor":50,"turns":13}],"seed_played":"-8219395367920116782","potions_obtained":[{"floor":2,"key":"Strength Potion"},{"floor":3,"key":"Fire Potion"},{"floor":4,"key":"FairyPotion"},{"floor":5,"key":"Swift Potion"},{"floor":11,"key":"Strength Potion"},{"floor":18,"key":"Block Potion"},{"floor":33,"key":"PowerPotion"},{"floor":36,"key":"Dexterity Potion"},{"floor":37,"key":"FocusPotion"},{"floor":42,"key":"SpeedPotion"}],"is_trial":false,"path_per_floor":["M","M","M","?","M","R","?","R","T","$","E","M","M","?","R","B",null,"M","?","?","T","$","R","M","$","T","R","M","M","R","$","R","B",null,"M","M","M","?","?","R","M","E","T","M","R","$","?","M","R","B",null],"character_chosen":"DEFECT","items_purchased":["Gash","Sweeping Beam","Glacier","Conserve Battery","Sunder","Chill","Ball Lightning","Conserve Battery","Sweeping Beam","Storm","Steam","Scrape+1"],"campfire_rested":4,"item_purchase_floors":[10,10,10,10,22,22,22,25,31,46,46,46],"current_hp_per_floor":[62,62,62,62,48,70,41,63,70,70,65,68,74,74,74,72,82,63,63,63,63,63,63,59,59,59,82,81,79,79,79,79,59,82,69,76,26,72,63,63,62,65,65,65,65,65,49,40,65,19],"gold":93,"neow_bonus":"TRANSFORM_CARD","is_prod":false,"is_daily":false,"chose_seed":false,"campfire_upgraded":6,"win_rate":0.0,"timestamp":1552618048,"path_taken":["M","M","M","?","?","R","?","R","T","$","E","M","M","?","R","BOSS","M","?","?","?","$","R","?","?","T","R","M","?","R","?","R","BOSS","M","M","?","?","?","R","M","E","T","M","R","?","?","M","R","BOSS"],"build_version":"2019-01-23","purchased_purges":0,"victory":true,"max_hp_per_floor":[75,75,75,75,75,75,75,75,82,82,82,82,82,82,82,82,82,82,82,82,82,82,82,82,82,82,82,82,82,82,82,82,82,82,82,82,82,72,72,72,72,72,72,72,72,72,86,86,86,86],"card_choices":[{"not_picked":["Coolheaded","Heatsinks"],"picked":"FTL","floor":1},{"not_picked":["Stack","Cold Snap"],"picked":"Ball Lightning","floor":2},{"not_picked":["Beam Cell","Capacitor"],"picked":"Self Repair","floor":3},{"not_picked":["Steam","Cold Snap"],"picked":"Defragment","floor":5},{"not_picked":["Compile Driver","Hologram"],"picked":"FTL","floor":7},{"not_picked":["Rip and Tear","Stack"],"picked":"Doom and Gloom","floor":11},{"not_picked":["Streamline","Stack"],"picked":"Go for the Eyes","floor":12},{"not_picked":["Doom and Gloom","FTL"],"picked":"Conserve Battery","floor":13},{"not_picked":["Hyperbeam","Multi-Cast"],"picked":"Machine Learning","floor":16},{"not_picked":["Stack","Rebound"],"picked":"Go for the Eyes+1","floor":18},{"not_picked":["Chill","Reprogram"],"picked":"Rebound","floor":24},{"not_picked":["Consume","Skim+1"],"picked":"Compile Driver+1","floor":28},{"not_picked":["Turbo+1","Compile Driver"],"picked":"Conserve Battery","floor":29},{"not_picked":["Reboot","Fission"],"picked":"Machine Learning","floor":33},{"not_picked":["Recycle","Coolheaded"],"picked":"Chaos","floor":35},{"not_picked":["Ball Lightning","Self Repair"],"picked":"Fusion+1","floor":36},{"not_picked":["Coolheaded","Conserve Battery"],"picked":"Gash+1","floor":37},{"not_picked":["Gash+1","Heatsinks"],"picked":"Sweeping Beam+1","floor":41},{"not_picked":["Amplify","Auto Shields"],"picked":"Hello World+1","floor":42},{"not_picked":["Ball Lightning+1","Go for the Eyes+1"],"picked":"Recycle+1","floor":44},{"not_picked":["BootSequence","Sweeping Beam+1"],"picked":"Loop+1","floor":47},{"not_picked":["Beam Cell+1","Gash+1"],"picked":"Genetic Algorithm+1","floor":48}],"player_experience":95661,"relics_obtained":[{"floor":7,"key":"Odd Mushroom"},{"floor":9,"key":"Strawberry"},{"floor":11,"key":"Lantern"},{"floor":17,"key":"Ancient Tea Set"},{"floor":17,"key":"Mercury Hourglass"},{"floor":17,"key":"StoneCalendar"},{"floor":21,"key":"War Paint"},{"floor":26,"key":"Cables"},{"floor":42,"key":"Molten Egg 2"},{"floor":43,"key":"Sundial"},{"floor":47,"key":"Mango"}],"event_choices":[{"damage_healed":0,"gold_gain":0,"player_choice":"Got Potions","damage_taken":0,"max_hp_gain":0,"max_hp_loss":0,"event_name":"Lab","floor":4,"gold_loss":0},{"damage_healed":0,"gold_gain":0,"player_choice":"Fought Mushrooms","damage_taken":0,"max_hp_gain":0,"max_hp_loss":0,"event_name":"Mushrooms","floor":7,"gold_loss":0},{"damage_healed":0,"gold_gain":0,"player_choice":"Ignored","damage_taken":0,"max_hp_gain":0,"max_hp_loss":0,"event_name":"NoteForYourself","floor":14,"gold_loss":0},{"cards_removed":["Shame"],"damage_healed":0,"gold_gain":0,"player_choice":"Gave Gold","damage_taken":0,"max_hp_gain":0,"max_hp_loss":0,"event_name":"Beggar","floor":19,"gold_loss":75},{"cards_removed":["Injury"],"damage_healed":0,"gold_gain":0,"player_choice":"Elegance","damage_taken":0,"max_hp_gain":0,"max_hp_loss":0,"event_name":"Back to Basics","floor":20,"gold_loss":0},{"damage_healed":72,"gold_gain":0,"player_choice":"Heal","damage_taken":0,"max_hp_gain":0,"max_hp_loss":10,"event_name":"The Moai Head","floor":38,"gold_loss":0},{"damage_healed":0,"gold_gain":0,"player_choice":"Embrace Madness","damage_taken":9,"max_hp_gain":0,"max_hp_loss":0,"event_name":"Winding Halls","floor":39,"gold_loss":0,"cards_obtained":["Madness","Madness"]},{"damage_healed":0,"gold_gain":0,"player_choice":"Fight","damage_taken":0,"max_hp_gain":0,"max_hp_loss":0,"event_name":"Mysterious Sphere","floor":47,"gold_loss":0}],"is_beta":false,"boss_relics":[{"not_picked":["Cursed Key","Busted Crown"],"picked":"Calling Bell"},{"not_picked":["Fusion Hammer","Tiny House"],"picked":"Inserter"}],"items_purged_floors":[],"is_endless":false,"potions_floor_spawned":[2,3,5,11,18,29,33,36,37,42],"ascension_level":0}