{"gold_per_floor":[109,124,137,45,64,91,91,102,102,102,122,146,185,204,204,335,335,350,350,475,475,498,498,517,517,517,532,545,579,594,629,629,750,813,832,853,0,15,15,15,15],"floor_reached":41,"playtime":4691,"items_purged":[],"score":499,"play_id":"555024f0-fc5b-4c67-9f0a-0a4a95a91fb5","local_time":"20190310203514","is_ascension_mode":false,"campfire_choices":[{"data":"Inflame","floor":7,"key":"SMITH"},{"floor":15,"key":"REST"},{"floor":23,"key":"REST"},{"data":"Reaper","floor":25,"key":"SMITH"},{"floor":32,"key":"REST"},{"data":"Demon Form","floor":40,"key":"SMITH"}],"neow_cost":"TEN_PERCENT_HP_LOSS","seed_source_timestamp":18884212941333,"circlet_count":0,"master_deck":["Strike_R","Strike_R","Strike_R","Strike_R","Defend_R","Defend_R","Defend_R","Defend_R","Bash","Discovery","Trip","Anger","Clash","Iron Wave","Shrug It Off","Inflame+1","Perfected Strike","Feed+1","Blood for Blood","Uppercut","Armaments","Cleave","Uppercut","Feed","Armaments+1","Anger","Thunderclap+1","Rampage","Reaper+1","Armaments+1","Inflame","Combust","Inflame","Uppercut+1","Demon Form+1","Iron Wave","Metallicize","Rupture+1","Metallicize+1","Writhe"],"relics":["Black Blood","PreservedInsect","Question Card","Golden Idol","Oddly Smooth Stone","Bird Faced Urn","Self Forming Clay","Matryoshka","Incense Burner","Potion Belt","Tiny House","Red Mask"],"potions_floor_usage":[16,16,29,31,31,41],"damage_taken":[{"damage":16,"enemies":"2 Louse","floor":1,"turns":3},{"damage":5,"enemies":"Small Slimes","floor":2,"turns":2},{"damage":1,"enemies":"Jaw Worm","floor":3,"turns":2},{"damage":15,"enemies":"Lots of Slimes","floor":5,"turns":4},{"damage":21,"enemies":"Gremlin Nob","floor":6,"turns":4},{"damage":5,"enemies":"Gremlin Gang","floor":8,"turns":5},{"damage":10,"enemies":"Exordium Thugs","floor":11,"turns":4},{"damage":0,"enemies":"Exordium Wildlife","floor":12,"turns":3},{"damage":15,"enemies":"3 Sentries","floor":13,"turns":5},{"damage":10,"enemies":"Looter","floor":14,"turns":3},{"damage":30,"enemies":"Hexaghost","floor":16,"turns":6},{"damage":6,"enemies":"Chosen","floor":18,"turns":4},{"damage":41,"enemies":"Colosseum Slavers","floor":20,"turns":5},{"damage":15,"enemies":"Colosseum Nobs","floor":20,"turns":4},{"damage":21,"enemies":"Spheric Guardian","floor":22,"turns":4},{"damage":6,"enemies":"Snecko","floor":24,"turns":4},{"damage":33,"enemies":"Centurion and Healer","floor":27,"turns":7},{"damage":11,"enemies":"Cultist and Chosen","floor":28,"turns":6},{"damage":57,"enemies":"Slavers","floor":29,"turns":5},{"damage":21,"enemies":"Shelled Parasite and Fungi","floor":30,"turns":5},{"damage":25,"enemies":"Gremlin Leader","floor":31,"turns":4},{"damage":72,"enemies":"Champ","floor":33,"turns":11},{"damage":33,"enemies":"3 Shapes","floor":35,"turns":4},{"damage":43,"enemies":"3 Darklings","floor":36,"turns":4},{"damage":32,"enemies":"Sphere and 2 Shapes","floor":38,"turns":7},{"damage":142,"enemies":"Giant Head","floor":41,"turns":10}],"seed_played":"1847960638295597163","potions_obtained":[{"floor":1,"key":"Poison Potion"},{"floor":8,"key":"FairyPotion"},{"floor":11,"key":"Explosive Potion"},{"floor":12,"key":"SteroidPotion"},{"floor":13,"key":"Ancient Potion"},{"floor":18,"key":"LiquidBronze"},{"floor":20,"key":"AttackPotion"},{"floor":29,"key":"Strength Potion"},{"floor":34,"key":"FairyPotion"},{"floor":38,"key":"Ancient Potion"}],"is_trial":false,"path_per_floor":["M","M","M","$","M","E","R","M","T","?","M","M","E","M","R","B",null,"M","?","?","?","M","R","M","R","T","M","M","E","M","E","R","B",null,"M","M","?","M","?","R","E"],"character_chosen":"IRONCLAD","items_purchased":["Shrug It Off","Inflame"],"campfire_rested":3,"item_purchase_floors":[4,4],"current_hp_per_floor":[62,63,68,68,59,44,44,48,48,48,44,53,44,40,61,37,72,75,75,43,43,34,57,67,67,67,61,77,30,23,32,58,18,94,78,51,51,41,65,65,0],"gold":15,"neow_bonus":"RANDOM_COLORLESS_2","is_prod":false,"is_daily":false,"chose_seed":false,"campfire_upgraded":3,"win_rate":0.0,"timestamp":1552275314,"path_taken":["M","M","M","$","M","E","R","M","T","?","M","M","E","M","R","BOSS","M","?","?","?","M","R","?","R","T","M","?","E","M","E","R","BOSS","M","M","?","M","?","R","E"],"build_version":"2019-01-23","purchased_purges":0,"victory":false,"max_hp_per_floor":[72,72,72,72,72,72,72,75,75,69,69,72,72,72,72,72,72,75,75,79,79,79,79,83,83,83,86,89,89,89,89,89,89,94,97,97,97,97,97,97,97],"card_choices":[{"not_picked":["Armaments","Corruption"],"picked":"Anger","floor":1},{"not_picked":["Second Wind","Clothesline"],"picked":"Clash","floor":2},{"not_picked":["Whirlwind","Twin Strike"],"picked":"Iron Wave","floor":3},{"not_picked":["Fire Breathing","Carnage"],"picked":"Perfected Strike","floor":5},{"not_picked":["Searing Blow","Anger"],"picked":"Feed","floor":6},{"not_picked":["Sword Boomerang","True Grit"],"picked":"Blood for Blood","floor":8},{"not_picked":["Shrug It Off","Whirlwind","Body Slam"],"picked":"Uppercut","floor":11},{"not_picked":["Warcry","Iron Wave","Bloodletting"],"picked":"Armaments","floor":12},{"not_picked":["Infernal Blade","Bludgeon","Bloodletting"],"picked":"Cleave","floor":13},{"not_picked":["Carnage","Iron Wave","Perfected Strike"],"picked":"Uppercut","floor":14},{"not_picked":["Bludgeon","Offering","Demon Form"],"picked":"Feed","floor":16},{"not_picked":["Sword Boomerang","Searing Blow+1","Shrug It Off"],"picked":"Armaments+1","floor":18},{"not_picked":["Combust+1","True Grit","Armaments"],"picked":"Thunderclap+1","floor":20},{"not_picked":["Warcry+1","Twin Strike","True Grit"],"picked":"Rampage","floor":22},{"not_picked":["Shrug It Off","Clothesline+1","Body Slam"],"picked":"Reaper","floor":24},{"not_picked":["Flex","Sword Boomerang","Seeing Red"],"picked":"Armaments+1","floor":27},{"not_picked":["Iron Wave","Twin Strike","Flex"],"picked":"Inflame","floor":28},{"not_picked":["Searing Blow","Pummel+1","Reckless Charge"],"picked":"Combust","floor":29},{"not_picked":["Flame Barrier","Combust","Shrug It Off"],"picked":"Inflame","floor":30},{"not_picked":["Sever Soul","Dropkick","Cleave"],"picked":"Uppercut+1","floor":31},{"not_picked":["Double Tap","Impervious","Brutality"],"picked":"Demon Form","floor":33},{"not_picked":["Feel No Pain","Corruption","Warcry"],"picked":"Iron Wave","floor":34},{"not_picked":["Clash+1","Battle Trance+1","Combust"],"picked":"Metallicize","floor":35},{"not_picked":["Cleave+1","Shrug It Off","Double Tap"],"picked":"Rupture+1","floor":36},{"not_picked":["Shrug It Off+1","Infernal Blade+1","Carnage"],"picked":"Metallicize+1","floor":38}],"player_experience":1857,"relics_obtained":[{"floor":6,"key":"PreservedInsect"},{"floor":9,"key":"Question Card"},{"floor":13,"key":"Oddly Smooth Stone"},{"floor":20,"key":"Bird Faced Urn"},{"floor":20,"key":"Self Forming Clay"},{"floor":26,"key":"Matryoshka"},{"floor":29,"key":"Incense Burner"},{"floor":31,"key":"Potion Belt"}],"event_choices":[{"damage_healed":0,"gold_gain":0,"player_choice":"Lose Max HP","damage_taken":0,"relics_obtained":["Golden Idol"],"max_hp_gain":0,"max_hp_loss":6,"event_name":"Golden Idol","floor":10,"gold_loss":0},{"damage_healed":0,"gold_gain":0,"player_choice":"Read","damage_taken":0,"max_hp_gain":0,"max_hp_loss":0,"event_name":"The Library","floor":19,"gold_loss":0,"cards_obtained":["Anger"]},{"damage_healed":0,"gold_gain":0,"player_choice":"Fight","damage_taken":0,"max_hp_gain":0,"max_hp_loss":0,"event_name":"Colosseum","floor":20,"gold_loss":0},{"damage_healed":0,"gold_gain":0,"player_choice":"Fought Nobs","damage_taken":0,"max_hp_gain":0,"max_hp_loss":0,"event_name":"Colosseum","floor":20,"gold_loss":0},{"cards_removed":["Strike_R"],"damage_healed":0,"gold_gain":0,"player_choice":"Purged","damage_taken":0,"max_hp_gain":0,"max_hp_loss":0,"event_name":"Purifier","floor":21,"gold_loss":0},{"damage_healed":0,"gold_gain":0,"player_choice":"Paid","damage_taken":0,"relics_obtained":["Red Mask"],"max_hp_gain":0,"max_hp_loss":0,"event_name":"Tomb of Lord Red Mask","floor":37,"gold_loss":853},{"damage_healed":24,"gold_gain":0,"player_choice":"Writhe","damage_taken":0,"max_hp_gain":0,"max_hp_loss":0,"event_name":"Winding Halls","floor":39,"gold_loss":0,"cards_obtained":["Writhe"]}],"is_beta":false,"boss_relics":[{"not_picked":["Calling Bell","Philosopher\u0027s Stone"],"picked":"Black Blood"},{"not_picked":["Cursed Key","Runic Cube"],"picked":"Tiny House"}],"items_purged_floors":[],"is_endless":false,"potions_floor_spawned":[1,8,11,12,13,18,20,22,24,29,38],"killed_by":"Giant Head","ascension_level":0}