{"gold_per_floor":[112,125,125,150,81,116,116,136,136,150,71,105,105,136,136,208,208,226,226,239,239,250,280,280,136,136,164,129,129,156,71,71,148,148,162,162,176,176,195,195,230,230,230,246,281,281,281,281,281,281,281,281,35,67,67],"floor_reached":56,"playtime":2339,"items_purged":["Strike_G","Prepared+1"],"score":2360,"play_id":"96e551b9-4eb1-497e-b1e1-38637bba2063","local_time":"20190223175532","is_ascension_mode":true,"campfire_choices":[{"floor":7,"key":"REST"},{"floor":15,"key":"REST"},{"floor":24,"key":"REST"},{"floor":29,"key":"REST"},{"floor":32,"key":"REST"},{"floor":40,"key":"RECALL"},{"floor":42,"key":"REST"},{"floor":49,"key":"REST"},{"floor":52,"key":"REST"}],"neow_cost":"NONE","seed_source_timestamp":534356532218271,"circlet_count":0,"master_deck":["AscendersBane","Defend_G+1","Defend_G+1","Defend_G+1","Defend_G+1","Defend_G+1","Survivor+1","Predator+1","Skewer+1","Leg Sweep+1","Bouncing Flask+1","PiercingWail+1","After Image+1","PiercingWail+1","Predator+1","Catalyst+1","Infinite Blades+1","Backflip+1","Dash+1","Footwork+1","Envenom+1","Venomology+1","After Image+1","All Out Attack+1","Acrobatics+1","Dash+1","Catalyst"],"relics":["Fusion Hammer","Dodecahedron","Mercury Hourglass","Pen Nib","Happy Flower","Snecko Eye","Torii","FossilizedHelix","PreservedInsect","Molten Egg 2","Oddly Smooth Stone","Astrolabe","Strawberry","Snake Skull","Tingsha","Mark of the Bloom","Centennial Puzzle","Paper Crane"],"potions_floor_usage":[12,14,23,30,37,39,45,54,55,55],"damage_taken":[{"damage":0,"enemies":"Cultist","floor":1,"turns":5},{"damage":0,"enemies":"Jaw Worm","floor":2,"turns":3},{"damage":32,"enemies":"Gremlin Nob","floor":6,"turns":5},{"damage":0,"enemies":"2 Louse","floor":8,"turns":2},{"damage":0,"enemies":"Large Slime","floor":10,"turns":5},{"damage":3,"enemies":"3 Sentries","floor":12,"turns":4},{"damage":2,"enemies":"Gremlin Nob","floor":14,"turns":3},{"damage":41,"enemies":"Hexaghost","floor":16,"turns":8},{"damage":5,"enemies":"2 Thieves","floor":18,"turns":3},{"damage":0,"enemies":"Chosen","floor":20,"turns":3},{"damage":10,"enemies":"Centurion and Healer","floor":22,"turns":5},{"damage":9,"enemies":"Book of Stabbing","floor":23,"turns":5},{"damage":7,"enemies":"Gremlin Leader","floor":27,"turns":6},{"damage":0,"enemies":"Slavers","floor":30,"turns":3},{"damage":8,"enemies":"Automaton","floor":33,"turns":11},{"damage":0,"enemies":"Orb Walker","floor":35,"turns":4},{"damage":0,"enemies":"3 Darklings","floor":37,"turns":4},{"damage":8,"enemies":"Jaw Worm Horde","floor":39,"turns":6},{"damage":0,"enemies":"Nemesis","floor":41,"turns":7},{"damage":0,"enemies":"Transient","floor":44,"turns":5},{"damage":0,"enemies":"Giant Head","floor":45,"turns":6},{"damage":0,"enemies":"Time Eater","floor":50,"turns":7},{"damage":0,"enemies":"Shield and Spear","floor":54,"turns":9},{"damage":0,"enemies":"The Heart","floor":55,"turns":7}],"seed_played":"-5980035166195101486","potions_obtained":[{"floor":1,"key":"SkillPotion"},{"floor":2,"key":"AttackPotion"},{"floor":12,"key":"FearPotion"},{"floor":16,"key":"Poison Potion"},{"floor":30,"key":"Swift Potion"}],"is_trial":false,"path_per_floor":["M","M","?","T","$","E","R","M","T","M","$","E","$","E","R","B",null,"M","?","M","?","M","E","R","$","T","E","$","R","E","?","R","B",null,"M","$","M","?","M","R","E","R","T","M","E","$","$","?","R","B",null,"R","$","E","B",null],"character_chosen":"THE_SILENT","items_purchased":["Skewer","Bouncing Flask","Dash","Footwork","Centennial Puzzle"],"campfire_rested":8,"item_purchase_floors":[5,11,25,28,53],"current_hp_per_floor":[59,59,52,52,52,20,39,39,39,39,39,36,36,34,53,12,53,48,48,48,48,38,29,48,48,48,41,41,60,60,60,66,58,64,64,64,64,64,56,56,63,73,73,73,73,73,73,73,73,73,73,73,73,73,73],"gold":67,"neow_bonus":"BOSS_RELIC","is_prod":false,"is_daily":false,"chose_seed":false,"campfire_upgraded":0,"win_rate":0,"timestamp":1550962532,"path_taken":["M","M","?","?","?","E","R","M","T","M","$","E","$","E","R","BOSS","M","?","M","?","M","E","R","$","T","E","$","R","E","?","R","BOSS","M","$","M","?","M","R","E","R","T","?","E","?","$","?","R","BOSS","R","$","E","BOSS"],"build_version":"2019-02-06","purchased_purges":2,"victory":true,"max_hp_per_floor":[66,66,66,66,66,66,66,66,66,66,66,66,66,66,66,66,66,66,66,66,66,66,66,66,66,66,66,66,66,66,66,66,66,66,66,66,66,66,66,66,73,73,73,73,73,73,73,73,73,73,73,73,73,73,73],"card_choices":[{"not_picked":["Concentrate","Leg Sweep"],"picked":"Predator","floor":1},{"not_picked":["Distraction","Bane"],"picked":"All Out Attack","floor":2},{"not_picked":["Outmaneuver","Deadly Poison","Masterful Stab"],"picked":"SKIP","floor":6},{"not_picked":["Poisoned Stab","Dagger Throw","Phantasmal Killer"],"picked":"SKIP","floor":8},{"not_picked":["Backflip","Prepared"],"picked":"Leg Sweep","floor":10},{"not_picked":["Quick Slash","Concentrate"],"picked":"PiercingWail","floor":12},{"not_picked":["Poisoned Stab","Calculated Gamble","Riddle With Holes"],"picked":"SKIP","floor":14},{"not_picked":["A Thousand Cuts","Die Die Die"],"picked":"After Image","floor":16},{"not_picked":["Acrobatics","Deflect"],"picked":"PiercingWail","floor":18},{"not_picked":["Bouncing Flask","Eviscerate"],"picked":"Catalyst","floor":20},{"not_picked":["Infinite Blades","Dagger Spray"],"picked":"Backflip","floor":22},{"not_picked":["Reflex","Calculated Gamble","Poisoned Stab"],"picked":"SKIP","floor":23},{"not_picked":["Bouncing Flask","Underhanded Strike","Deadly Poison"],"picked":"SKIP","floor":27},{"not_picked":["Flechettes","Dagger Throw","Deflect"],"picked":"SKIP","floor":30},{"not_picked":["Grand Finale+1","Venomology"],"picked":"Envenom","floor":33},{"not_picked":["Heel Hook+1","Deadly Poison","Blade Dance"],"picked":"SKIP","floor":35},{"not_picked":["Setup","Slice+1","Underhanded Strike+1"],"picked":"SKIP","floor":37},{"not_picked":["Deadly Poison+1","Reflex+1"],"picked":"Acrobatics+1","floor":39},{"not_picked":["Sucker Punch+1","Poisoned Stab+1","All Out Attack+1"],"picked":"SKIP","floor":41},{"not_picked":["Backflip","Dagger Throw+1","Flying Knee+1"],"picked":"SKIP","floor":44},{"not_picked":["Heel Hook+1","Choke+1"],"picked":"Dash+1","floor":45},{"not_picked":["Deflect","Dagger Spray+1"],"picked":"Catalyst","floor":54}],"player_experience":2028264,"relics_obtained":[{"floor":6,"key":"Dodecahedron"},{"floor":9,"key":"Mercury Hourglass"},{"floor":12,"key":"Pen Nib"},{"floor":14,"key":"Happy Flower"},{"floor":23,"key":"Torii"},{"floor":26,"key":"FossilizedHelix"},{"floor":27,"key":"PreservedInsect"},{"floor":30,"key":"Molten Egg 2"},{"floor":41,"key":"Strawberry"},{"floor":43,"key":"Snake Skull"},{"floor":45,"key":"Tingsha"},{"floor":54,"key":"Paper Crane"}],"event_choices":[{"cards_removed":["Strike_G"],"damage_healed":0,"gold_gain":0,"player_choice":"Card Removal","damage_taken":7,"max_hp_gain":0,"max_hp_loss":0,"event_name":"Golden Wing","floor":3,"gold_loss":0},{"damage_healed":0,"gold_gain":0,"player_choice":"Read","damage_taken":0,"max_hp_gain":0,"max_hp_loss":0,"event_name":"The Library","floor":19,"gold_loss":0,"cards_obtained":["Predator"]},{"damage_healed":0,"gold_gain":0,"cards_transformed":["Strike_G","Strike_G"],"player_choice":"Became Test Subject","damage_taken":0,"max_hp_gain":0,"max_hp_loss":0,"event_name":"Drug Dealer","floor":21,"gold_loss":0,"cards_obtained":["Infinite Blades","Distraction"]},{"damage_healed":0,"gold_gain":0,"player_choice":"Obtained Relic","damage_taken":0,"relics_obtained":["Oddly Smooth Stone"],"max_hp_gain":0,"max_hp_loss":0,"event_name":"Addict","floor":31,"gold_loss":85},{"damage_healed":0,"gold_gain":0,"cards_transformed":["All Out Attack"],"player_choice":"Transformed","damage_taken":0,"max_hp_gain":0,"max_hp_loss":0,"event_name":"Transmorgrifier","floor":38,"gold_loss":0,"cards_obtained":["Prepared"]},{"damage_healed":0,"gold_gain":0,"player_choice":"Upgrade","damage_taken":0,"relics_obtained":["Mark of the Bloom"],"max_hp_gain":0,"max_hp_loss":0,"event_name":"MindBloom","floor":48,"gold_loss":0,"cards_upgraded":["Defend_G","Defend_G","Defend_G","Defend_G","Defend_G","Survivor","Predator","Skewer","Leg Sweep","Bouncing Flask","PiercingWail","After Image","PiercingWail","Predator","Catalyst","Infinite Blades","Backflip","Dash","Footwork","Envenom","Prepared"]}],"is_beta":true,"boss_relics":[{"not_picked":["White Beast Statue","Eternal Feather"],"picked":"Snecko Eye"},{"not_picked":["Philosopher\u0027s Stone","Runic Pyramid"],"picked":"Astrolabe"}],"items_purged_floors":[25,53],"is_endless":false,"potions_floor_spawned":[1,2,12,16,18,22,30,35,37,54],"ascension_level":15}