{"path_per_floor":["M","M","?","M","M","R","E","M","T","M","M","$","R","E","R","B",null,"M","?","M","$","?","R","E","R","T","$","?","M","R","?","R"],"character_chosen":"IRONCLAD","items_purchased":["Fire Potion","Corruption","Flex","Limit Break","War Paint","Frozen Egg 2","Metallicize","Fire Potion","Fire Potion"],"gold_per_floor":[210,226,226,242,255,255,296,311,311,334,350,54,54,97,97,218,218,231,231,245,94,94,94,428,428,474,46,46,62,62,62,62],"floor_reached":33,"campfire_rested":1,"playtime":2271,"current_hp_per_floor":[78,80,60,52,49,49,34,29,29,30,36,36,36,33,33,17,64,19,19,46,46,46,46,20,44,44,44,44,52,52,52,52],"items_purged":[],"gold":62,"score":358,"play_id":"8aa5d8ac-cc30-4871-a41c-828231da8b8e","is_prod":false,"is_daily":false,"is_ascension_mode":true,"campfire_upgraded":3,"path_taken":["M","M","?","?","M","R","E","M","T","?","M","?","R","E","R","BOSS","M","?","M","$","?","R","E","R","T","?","?","M","R","?","R","BOSS"],"build_version":"2018-02-08-PROD1","purchased_purges":0,"victory":false,"master_deck":["Strike_R","Strike_R+1","Strike_R","Strike_R","Strike_R+1","Defend_R","Defend_R","Defend_R","Defend_R","Bash","Thunderclap","Warcry+1","Armaments+1","Spot Weakness","Whirlwind","Shockwave+1","Flex","Corruption","Flex","Limit Break+1","Heavy Blade","Impervious+1","Armaments+1","Normality","Iron Wave+1","Metallicize+1","Decay"],"max_hp_per_floor":[80,80,80,80,80,80,80,80,80,80,80,80,80,80,80,80,80,80,80,80,80,80,80,80,80,80,80,80,80,80,80,80],"relics":["Burning Blood","Bloody Idol","Whetstone","Girya","Blood Vial","Lizard Tail","War Paint","Magic Flower","Old Coin","Anchor","Frozen Egg 2"],"card_choices":[{"not_picked":["True Grit","Wild Strike"],"picked":"Thunderclap"},{"not_picked":["Entrench","Perfected Strike"],"picked":"Warcry"},{"not_picked":["Havoc","Spot Weakness"],"picked":"Armaments"},{"not_picked":["Sever Soul","Headbutt"],"picked":"Spot Weakness"},{"not_picked":["Twin Strike","Sword Boomerang"],"picked":"Whirlwind"},{"not_picked":["True Grit","Thunderclap"],"picked":"Shockwave"},{"not_picked":["Anger","Bloodletting"],"picked":"Flex"},{"not_picked":["Pommel Strike","Sever Soul"],"picked":"Heavy Blade"},{"not_picked":["Brutality","Barricade"],"picked":"Impervious"},{"not_picked":["Shrug It Off","Impervious"],"picked":"Armaments"},{"not_picked":["True Grit","Armaments"],"picked":"Iron Wave"}],"player_experience":126330,"potions_floor_usage":[24,24,29,33,33],"damage_taken":[{"damage":0.0,"enemies":"Small Slimes","floor":1.0,"turns":3.0},{"damage":3.0,"enemies":"2 Louse","floor":2.0,"turns":3.0},{"damage":14.0,"enemies":"Blue Slaver","floor":4.0,"turns":6.0},{"damage":9.0,"enemies":"Lots of Slimes","floor":5.0,"turns":4.0},{"damage":21.0,"enemies":"3 Sentries","floor":7.0,"turns":8.0},{"damage":11.0,"enemies":"Exordium Thugs","floor":8.0,"turns":3.0},{"damage":5.0,"enemies":"Exordium Wildlife","floor":10.0,"turns":4.0},{"damage":0.0,"enemies":"3 Louse","floor":11.0,"turns":3.0},{"damage":18.0,"enemies":"Gremlin Nob","floor":14.0,"turns":4.0},{"damage":30.0,"enemies":"The Guardian","floor":16.0,"turns":6.0},{"damage":53,"enemies":"Chosen","floor":18,"turns":7},{"damage":24,"enemies":"Shell Parasite","floor":20,"turns":4},{"damage":38,"enemies":"Slavers","floor":24,"turns":6},{"damage":9,"enemies":"Snecko","floor":29,"turns":3},{"damage":69,"enemies":"Automaton","floor":33,"turns":10}],"event_choices":[{"event_name":"Golden Idol","player_choice":"Take Damage","floor":3.0,"damage_taken":0.0},{"event_name":"Drug Dealer","player_choice":"Ignored","floor":19,"damage_taken":0},{"event_name":"Accursed Blacksmith","player_choice":"Rummage","floor":22,"damage_taken":0},{"event_name":"Forgotten Altar","player_choice":"Gave Idol","floor":28,"damage_taken":0},{"event_name":"Wheel of Change","player_choice":"Curse","floor":31,"damage_taken":0}],"boss_relics":[{"not_picked":["Eternal Feather","Ectoplasm"],"picked":"Lizard Tail"}],"potions_floor_spawned":[5,7,11,16,20],"seed_played":"-6736321767576646211","killed_by":"Automaton","ascension_level":6,"is_trial":false}