{"gold_per_floor":[117,117,132,82,7,7,7,7,88,88,100,100,200,219,219,317,317,335,335,211,231,85,85,98,98,98,111,123,149,167,184,184,286,286,299,28,81,81,181,207,207,222,222,236,336,336,351,378,378,378],"floor_reached":51,"playtime":2371,"items_purged":["Defend_R","Sword Boomerang+1","Defend_R+1"],"score":815,"play_id":"3c467614-0829-4884-8a65-e2a0ddfae4a7","local_time":"20190315033229","is_ascension_mode":false,"campfire_choices":[{"data":"Bash","floor":6.0,"key":"SMITH"},{"data":"Regret","floor":8.0,"key":"PURGE"},{"data":"Strike_R","floor":10.0,"key":"PURGE"},{"data":"Strike_R","floor":15.0,"key":"PURGE"},{"data":"Shrug It Off","floor":23.0,"key":"SMITH"},{"floor":25.0,"key":"REST"},{"data":"Bash+1","floor":32.0,"key":"PURGE"},{"data":"Entrench","floor":41.0,"key":"PURGE"},{"data":"Flame Barrier","floor":49,"key":"SMITH"}],"neow_cost":"TEN_PERCENT_HP_LOSS","seed_source_timestamp":28526980103328,"circlet_count":0,"master_deck":["Body Slam+1","Entrench+1","Flame Barrier+1","Body Slam+1"],"special_seed":0,"relics":["Burning Blood","Turnip","Peace Pipe","Pantograph","Astrolabe","Juzu Bracelet","Mummified Hand","Red Mask","Busted Crown","Oddly Smooth Stone","Calipers","Pocketwatch","Boot","Self Forming Clay","Ice Cream","Smiling Mask"],"potions_floor_usage":[50,50,50],"damage_taken":[{"damage":10.0,"enemies":"Small Slimes","floor":1.0,"turns":4.0},{"damage":2.0,"enemies":"2 Louse","floor":3.0,"turns":2.0},{"damage":6.0,"enemies":"Jaw Worm","floor":11.0,"turns":3.0},{"damage":0.0,"enemies":"2 Fungi Beasts","floor":14.0,"turns":3.0},{"damage":54.0,"enemies":"Slime Boss","floor":16.0,"turns":17.0},{"damage":0.0,"enemies":"Chosen","floor":18.0,"turns":4.0},{"damage":0.0,"enemies":"3 Byrds","floor":21.0,"turns":6.0},{"damage":6.0,"enemies":"Snecko","floor":24.0,"turns":4.0},{"damage":2.0,"enemies":"Sentry and Sphere","floor":27.0,"turns":4.0},{"damage":2.0,"enemies":"Chosen and Byrds","floor":28.0,"turns":6.0},{"damage":1.0,"enemies":"Masked Bandits","floor":29.0,"turns":5.0},{"damage":0.0,"enemies":"Cultist and Chosen","floor":30.0,"turns":6.0},{"damage":0.0,"enemies":"Sentry and Sphere","floor":31.0,"turns":3.0},{"damage":13.0,"enemies":"Automaton","floor":33.0,"turns":7.0},{"damage":0.0,"enemies":"3 Shapes","floor":35.0,"turns":2.0},{"damage":0.0,"enemies":"2 Orb Walkers","floor":37.0,"turns":3.0},{"damage":0.0,"enemies":"Giant Head","floor":40.0,"turns":3.0},{"damage":0.0,"enemies":"3 Darklings","floor":42.0,"turns":2.0},{"damage":0.0,"enemies":"Sphere and 2 Shapes","floor":44.0,"turns":2.0},{"damage":0.0,"enemies":"Mind Bloom Boss Battle","floor":45.0,"turns":2.0},{"damage":0,"enemies":"Jaw Worm Horde","floor":47,"turns":3},{"damage":0,"enemies":"Awakened One","floor":50,"turns":6}],"seed_played":"3764586030803786448","potions_obtained":[{"floor":3.0,"key":"SneckoOil"},{"floor":11.0,"key":"Swift Potion"},{"floor":24.0,"key":"SteroidPotion"},{"floor":30.0,"key":"Strength Potion"},{"floor":31.0,"key":"SkillPotion"},{"floor":33.0,"key":"GamblersBrew"},{"floor":35.0,"key":"LiquidBronze"},{"floor":37.0,"key":"Swift Potion"},{"floor":45.0,"key":"Explosive Potion"}],"is_trial":false,"path_per_floor":["M","?","M","?","$","R","?","R","T","R","M","?","?","M","R","B",null,"M","?","$","M","$","R","M","R","T","M","M","?","M","M","R","B",null,"M","$","?","T","?","E","R","M","T","M","?","?","M","T","R","B",null],"character_chosen":"IRONCLAD","items_purchased":["Shrug It Off","Juzu Bracelet","Oddly Smooth Stone"],"campfire_rested":1,"item_purchase_floors":[20,22,36],"current_hp_per_floor":[68,54,58,58,58,58,58,58,58,58,58,51,51,57,57,24,72,72,72,72,72,72,72,72,72,72,72,72,72,72,72,72,65,72,72,72,72,72,72,72,72,72,72,72,72,72,72,72,72,72],"gold":378,"neow_bonus":"ONE_RARE_RELIC","is_prod":false,"is_daily":false,"chose_seed":false,"campfire_upgraded":3,"win_rate":0,"timestamp":1552588349,"path_taken":["M","?","M","?","$","R","?","R","T","R","?","?","?","M","R","BOSS","M","?","$","M","$","R","M","R","T","M","M","?","M","M","R","BOSS","M","$","?","?","?","E","R","M","T","M","?","?","M","?","R","BOSS"],"build_version":"2019-01-23","purchased_purges":3,"victory":true,"max_hp_per_floor":[72,72,72,72,72,72,72,72,72,72,72,72,72,72,72,72,72,72,72,72,72,72,72,72,72,72,72,72,72,72,72,72,72,72,72,72,72,72,72,72,72,72,72,72,72,72,72,72,72,72],"card_choices":[{"not_picked":["Wild Strike","Thunderclap","True Grit"],"picked":"SKIP","floor":1.0},{"not_picked":["Pommel Strike","Cleave","Shockwave"],"picked":"SKIP","floor":3.0},{"not_picked":["Headbutt","Ghostly Armor","Flex"],"picked":"SKIP","floor":11.0},{"not_picked":["Body Slam","Pommel Strike","Disarm"],"picked":"SKIP","floor":14.0},{"not_picked":["Headbutt","Thunderclap+1","Heavy Blade"],"picked":"SKIP","floor":18.0},{"not_picked":["True Grit+1","Rupture","Heavy Blade"],"picked":"SKIP","floor":21.0},{"not_picked":["True Grit+1","Rupture","Heavy Blade"],"picked":"SKIP","floor":21.0},{"not_picked":["Clash","Sword Boomerang+1","Heavy Blade"],"picked":"SKIP","floor":24.0},{"not_picked":["True Grit","Corruption","Wild Strike+1"],"picked":"SKIP","floor":27.0},{"not_picked":["Reaper","Intimidate"],"picked":"Flame Barrier","floor":28.0},{"not_picked":["Hemokinesis","Warcry"],"picked":"Body Slam+1","floor":30.0},{"not_picked":["Reckless Charge","Infernal Blade+1","Disarm+1"],"picked":"SKIP","floor":31.0},{"not_picked":["Reckless Charge"],"picked":"SKIP","floor":35.0},{"not_picked":[],"picked":"Entrench","floor":37.0},{"not_picked":["Pommel Strike+1"],"picked":"SKIP","floor":40.0},{"not_picked":["Clash"],"picked":"SKIP","floor":42.0},{"not_picked":["Sentinel"],"picked":"SKIP","floor":44.0},{"not_picked":["Wild Strike"],"picked":"SKIP","floor":47}],"player_experience":376144,"relics_obtained":[{"floor":9.0,"key":"Pantograph"},{"floor":26.0,"key":"Mummified Hand"},{"floor":29.0,"key":"Red Mask"},{"floor":37.0,"key":"Calipers"},{"floor":38.0,"key":"Pocketwatch"},{"floor":40.0,"key":"Boot"},{"floor":43.0,"key":"Self Forming Clay"},{"floor":45.0,"key":"Ice Cream"},{"floor":48,"key":"Smiling Mask"}],"event_choices":[{"damage_healed":0.0,"max_hp_gain":0.0,"max_hp_loss":0.0,"gold_gain":0.0,"event_name":"Shining Light","player_choice":"Entered Light","floor":2.0,"gold_loss":0.0,"damage_taken":14.0,"cards_upgraded":["Strike_R","Defend_R"]},{"cards_removed":["Strike_R"],"damage_healed":0.0,"max_hp_gain":0.0,"max_hp_loss":0.0,"gold_gain":0.0,"event_name":"The Cleric","player_choice":"Card Removal","floor":4.0,"gold_loss":50.0,"damage_taken":0.0},{"damage_healed":0.0,"max_hp_gain":0.0,"max_hp_loss":0.0,"gold_gain":0.0,"event_name":"Big Fish","player_choice":"Box","floor":7.0,"gold_loss":0.0,"damage_taken":0.0,"relics_obtained":["Peace Pipe"],"cards_obtained":["Regret"]},{"cards_removed":["Defend_R"],"damage_healed":0.0,"max_hp_gain":0.0,"max_hp_loss":0.0,"gold_gain":0.0,"event_name":"Golden Wing","player_choice":"Card Removal","floor":12.0,"gold_loss":0.0,"damage_taken":7.0},{"damage_healed":0.0,"max_hp_gain":0.0,"max_hp_loss":0.0,"gold_gain":100.0,"event_name":"Golden Shrine","player_choice":"Pray","floor":13.0,"gold_loss":0.0,"damage_taken":0.0},{"damage_healed":0.0,"max_hp_gain":0.0,"max_hp_loss":0.0,"gold_gain":0.0,"event_name":"Vampires","player_choice":"Ignored","floor":19.0,"gold_loss":0.0,"damage_taken":0.0},{"damage_healed":0.0,"max_hp_gain":0.0,"max_hp_loss":0.0,"gold_gain":0.0,"event_name":"Masked Bandits","player_choice":"Fought Bandits","floor":29.0,"gold_loss":0.0,"damage_taken":0.0},{"damage_healed":0.0,"max_hp_gain":0.0,"max_hp_loss":0.0,"gold_gain":0.0,"event_name":"Mysterious Sphere","player_choice":"Fight","floor":37.0,"gold_loss":0.0,"damage_taken":0.0},{"damage_healed":0.0,"max_hp_gain":0.0,"max_hp_loss":0.0,"gold_gain":100.0,"event_name":"Golden Shrine","player_choice":"Pray","floor":39.0,"gold_loss":0.0,"damage_taken":0.0},{"damage_healed":0.0,"max_hp_gain":0.0,"max_hp_loss":0.0,"gold_gain":0.0,"event_name":"MindBloom","player_choice":"Fight","floor":45.0,"gold_loss":0.0,"damage_taken":0.0},{"cards_removed":["Shrug It Off"],"damage_healed":0,"gold_gain":0,"player_choice":"Removed Skill","damage_taken":0,"max_hp_gain":0,"max_hp_loss":0,"event_name":"Falling","floor":46,"gold_loss":0}],"is_beta":false,"boss_relics":[{"not_picked":["Coffee Dripper","Eternal Feather"],"picked":"Astrolabe"},{"not_picked":["Orrery","Velvet Choker"],"picked":"Busted Crown"}],"items_purged_floors":[5,20,36],"is_endless":false,"potions_floor_spawned":[3,11,24,30,31,33,35,37,45,47],"ascension_level":0}