{"path_per_floor":["M","?","M","?","?","R","E","R","T","?","M","E","M","E","R","B",null,"M","T","$","?","M","R","?","E","T","M","?","?","M","M","R","B",null,"M","?","M","$","?","R","?","R","T","R","M","M","T","M","R","B"],"character_chosen":"THE_SILENT","items_purchased":["Toxic Egg 2","Deadly Poison"],"gold_per_floor":[112,62,73,73,248,248,279,279,279,332,351,376,394,426,426,523,523,539,539,173,173,186,186,186,221,221,238,238,238,258,268,268,364,364,383,383,401,301,301,301,301,301,326,326,338,352,352,352,352,352],"floor_reached":51,"campfire_rested":3,"playtime":3788,"item_purchase_floors":[20,20],"current_hp_per_floor":[70,70,70,56,56,56,52,52,52,52,52,48,46,22,43,34,70,56,56,56,43,31,31,31,21,21,18,18,2,2,2,24,17,75,70,70,68,68,68,68,68,68,68,68,70,60,60,60,79,36],"items_purged":["Regret","Doubt"],"gold":352,"score":690,"play_id":"84ef1043-7ae8-4061-8a53-2b5c46c48b84","local_time":"20180603211048","is_prod":false,"is_daily":false,"chose_seed":false,"is_ascension_mode":true,"campfire_upgraded":2,"win_rate":0,"timestamp":1528053048,"campfire_choices":[{"data":"Backstab","floor":6,"key":"SMITH"},{"data":"Well Laid Plans","floor":8,"key":"SMITH"},{"floor":15,"key":"REST"},{"floor":23,"key":"DIG"},{"floor":32,"key":"REST"},{"floor":40,"key":"DIG"},{"floor":42,"key":"DIG"},{"floor":44,"key":"DIG"},{"floor":49,"key":"REST"}],"path_taken":["M","?","M","?","?","R","E","R","T","?","?","E","M","E","R","BOSS","M","?","$","?","M","R","?","E","T","?","?","?","?","M","R","BOSS","M","?","?","$","?","R","?","R","T","R","M","?","?","M","R","BOSS"],"build_version":"2018-05-31","seed_source_timestamp":535704756968936,"purchased_purges":2,"victory":true,"master_deck":["Defend_G+1","Defend_G","Strike_G+1","Strike_G+1","Survivor","Neutralize","Backstab+1","Bouncing Flask+1","Dodge and Roll","Well Laid Plans+1","Distraction","Doppelganger","PiercingWail","Prepared","Adrenaline+1","Injury","Doubt","Deadly Poison+1","Bane+1","Poisoned Stab","Footwork","Necronomicurse","Phantasmal Killer+1","Predator+1","Deflect+1","Riddle With Holes+1","Cloak And Dagger+1","Footwork+1","Finesse+1"],"max_hp_per_floor":[70,70,70,70,70,70,70,70,70,70,70,70,70,70,70,70,70,70,70,70,75,75,75,75,75,75,75,75,75,75,75,75,75,75,75,75,75,75,75,75,75,75,75,75,77,79,79,79,79,79],"relics":["Ring of the Snake","Bag of Preparation","Whetstone","Ancient Tea Set","Bottled Tornado","Calling Bell","Lantern","Pantograph","Shovel","Blue Candle","Toxic Egg 2","Mercury Hourglass","Pen Nib","Ninja Scroll","Necronomicon","Astrolabe","Frozen Egg 2","Bottled Lightning","Singing Bowl","Bag of Marbles","Tingsha"],"card_choices":[{"not_picked":["Sucker Punch","Flying Knee"],"picked":"Bouncing Flask","floor":1},{"not_picked":["Eviscerate","Outmaneuver"],"picked":"Dodge and Roll","floor":3},{"not_picked":["Slice","Dagger Throw"],"picked":"Well Laid Plans","floor":7},{"not_picked":["Dagger Throw","Deflect"],"picked":"Distraction","floor":11},{"not_picked":["Dodge and Roll","Underhanded Strike"],"picked":"Doppelganger","floor":12},{"not_picked":["Skewer","Calculated Gamble"],"picked":"PiercingWail","floor":13},{"not_picked":["Flying Knee","Acrobatics"],"picked":"Prepared","floor":14},{"not_picked":["Venomology","Envenom"],"picked":"Adrenaline","floor":16},{"not_picked":["Calculated Gamble","Infinite Blades","Underhanded Strike"],"picked":"SKIP","floor":18},{"not_picked":["Dagger Throw+1","Riddle With Holes"],"picked":"Bane+1","floor":22},{"not_picked":["Acrobatics+1","PiercingWail+1"],"picked":"Poisoned Stab","floor":25},{"not_picked":["Poisoned Stab","Infinite Blades"],"picked":"Footwork","floor":27},{"not_picked":["Wraith Form v2","Endless Agony","Quick Slash"],"picked":"SKIP","floor":30},{"not_picked":["Malaise+1","Quick Slash+1","Eviscerate"],"picked":"SKIP","floor":31},{"not_picked":["Unload","Tactician+1"],"picked":"Phantasmal Killer+1","floor":33},{"not_picked":["Dagger Throw+1","Well Laid Plans+1"],"picked":"Cloak And Dagger+1","floor":35},{"not_picked":["Deflect+1","Underhanded Strike+1"],"picked":"Footwork+1","floor":37},{"not_picked":["Panacea+1","Sadistic Nature"],"picked":"Finesse+1","floor":39},{"not_picked":["Predator","Flying Knee+1","Accuracy+1"],"picked":"Singing Bowl","floor":45},{"not_picked":["Acrobatics+1","Bane+1","Dagger Throw+1"],"picked":"Singing Bowl","floor":46}],"player_experience":182173,"potions_floor_usage":[7,25,33,33,33,33,33,33,48,50],"damage_taken":[{"damage":0,"enemies":"Small Slimes","floor":1,"turns":4},{"damage":0,"enemies":"Jaw Worm","floor":3,"turns":4},{"damage":4,"enemies":"Lagavulin","floor":7,"turns":5},{"damage":0,"enemies":"2 Louse","floor":11,"turns":1},{"damage":4,"enemies":"3 Sentries","floor":12,"turns":9},{"damage":2,"enemies":"2 Fungi Beasts","floor":13,"turns":2},{"damage":24,"enemies":"Lagavulin","floor":14,"turns":6},{"damage":9,"enemies":"The Guardian","floor":16,"turns":11},{"damage":14,"enemies":"3 Byrds","floor":18,"turns":7},{"damage":12,"enemies":"Shell Parasite","floor":22,"turns":5},{"damage":10,"enemies":"Book of Stabbing","floor":25,"turns":5},{"damage":3,"enemies":"Cultist and Chosen","floor":27,"turns":4},{"damage":0,"enemies":"Snecko","floor":30,"turns":3},{"damage":0,"enemies":"Centurion and Healer","floor":31,"turns":6},{"damage":32,"enemies":"Automaton","floor":33,"turns":12},{"damage":5,"enemies":"3 Darklings","floor":35,"turns":6},{"damage":2,"enemies":"3 Shapes","floor":37,"turns":3},{"damage":0,"enemies":"Maw","floor":45,"turns":5},{"damage":12,"enemies":"4 Shapes","floor":46,"turns":4},{"damage":0,"enemies":"Sphere and 2 Shapes","floor":48,"turns":1},{"damage":43,"enemies":"Donu and Deca","floor":50,"turns":9}],"relics_obtained":[{"floor":7,"key":"Bag of Preparation"},{"floor":9,"key":"Whetstone"},{"floor":12,"key":"Ancient Tea Set"},{"floor":14,"key":"Bottled Tornado"},{"floor":17,"key":"Lantern"},{"floor":17,"key":"Pantograph"},{"floor":17,"key":"Shovel"},{"floor":19,"key":"Blue Candle"},{"floor":23,"key":"Mercury Hourglass"},{"floor":25,"key":"Pen Nib"},{"floor":26,"key":"Ninja Scroll"},{"floor":29,"key":"Necronomicon"},{"floor":40,"key":"Frozen Egg 2"},{"floor":42,"key":"Bottled Lightning"},{"floor":43,"key":"Singing Bowl"},{"floor":44,"key":"Bag of Marbles"},{"floor":47,"key":"Tingsha"}],"event_choices":[{"event_name":"The Cleric","player_choice":"Card Removal","floor":2,"damage_taken":0},{"event_name":"Shining Light","player_choice":"Entered Light","floor":4,"damage_taken":0},{"event_name":"Liars Game","player_choice":"agreed","floor":5,"damage_taken":0},{"event_name":"Golden Wing","player_choice":"Gained Gold","floor":10,"damage_taken":0},{"event_name":"Forgotten Altar","player_choice":"Shed Blood","floor":21,"damage_taken":0},{"event_name":"The Lab","player_choice":"Got Potions","floor":24,"damage_taken":0},{"event_name":"Back to Basics","player_choice":"Elegance","floor":28,"damage_taken":0},{"event_name":"Cursed Tome","player_choice":"Obtained Book","floor":29,"damage_taken":0},{"event_name":"Upgrade Shrine","player_choice":"Upgraded","floor":36,"damage_taken":0},{"event_name":"SensoryStone","player_choice":"Memory 1","floor":39,"damage_taken":0},{"event_name":"Mysterious Sphere","player_choice":"Ignore","floor":41,"damage_taken":0}],"boss_relics":[{"not_picked":["Velvet Choker","Ectoplasm"],"picked":"Calling Bell"},{"not_picked":["White Beast Statue","Cursed Key"],"picked":"Astrolabe"}],"items_purged_floors":[20,38],"potions_floor_spawned":[3,7,12,18,27,31,35,37,46],"seed_played":"-6322230003257936816","ascension_level":1,"potions_obtained":[{"floor":3,"key":"FearPotion"},{"floor":7,"key":"Energy Potion"},{"floor":12,"key":"LiquidBronze"},{"floor":18,"key":"LiquidBronze"},{"floor":24,"key":"EntropicBrew"},{"floor":27,"key":"EntropicBrew"},{"floor":31,"key":"EssenceOfSteel"},{"floor":35,"key":"SmokeBomb"},{"floor":37,"key":"Fire Potion"},{"floor":46,"key":"Swift Potion"}],"is_trial":false}