{"gold_per_floor":[113,125,135,185,34,65,65,83,83,110,130,130,161,161,161,161],"floor_reached":16,"playtime":520,"items_purged":["Strike_R"],"score":210,"play_id":"b2f81086-ceb5-4037-ae76-73af903fb4db","local_time":"20190304174142","is_ascension_mode":true,"campfire_choices":[{"data":"Uppercut","floor":12.0,"key":"SMITH"},{"data":"Feed","floor":15.0,"key":"SMITH"}],"neow_cost":"NONE","seed_source_timestamp":1312942576148686,"circlet_count":0,"master_deck":["AscendersBane","Strike_R","Strike_R","Strike_R","Strike_R","Defend_R","Defend_R","Defend_R","Defend_R","Bash","Uppercut+1","Hemokinesis","Reaper","Feed+1","Shrug It Off"],"special_seed":0,"relics":["Burning Blood","Orichalcum","Anchor","Sundial","StoneCalendar","Juzu Bracelet","Molten Egg 2"],"potions_floor_usage":[16],"damage_taken":[{"damage":9.0,"enemies":"2 Louse","floor":1.0,"turns":4.0},{"damage":0.0,"enemies":"Cultist","floor":2.0,"turns":4.0},{"damage":4.0,"enemies":"Jaw Worm","floor":3.0,"turns":3.0},{"damage":7.0,"enemies":"3 Sentries","floor":6.0,"turns":9.0},{"damage":4.0,"enemies":"Looter","floor":8.0,"turns":2.0},{"damage":36.0,"enemies":"Lagavulin","floor":10.0,"turns":10.0},{"damage":6.0,"enemies":"Blue Slaver","floor":11.0,"turns":4.0},{"damage":17.0,"enemies":"Gremlin Nob","floor":13.0,"turns":5.0},{"damage":65,"enemies":"The Guardian","floor":16,"turns":12}],"seed_played":"7589628085749784610","potions_obtained":[{"floor":2.0,"key":"Fruit Juice"},{"floor":3.0,"key":"EssenceOfSteel"},{"floor":6.0,"key":"Dexterity Potion"}],"is_trial":false,"path_per_floor":["M","M","M","?","$","E","$","M","T","E","M","R","E","T","R","B"],"character_chosen":"IRONCLAD","items_purchased":["Reaper"],"campfire_rested":0,"item_purchase_floors":[5],"current_hp_per_floor":[65,71,73,73,73,75,75,78,78,51,54,54,47,47,47,0],"gold":161,"neow_bonus":"RANDOM_COMMON_RELIC","is_prod":false,"is_daily":false,"chose_seed":false,"campfire_upgraded":2,"win_rate":0,"timestamp":1551739302,"path_taken":["M","M","M","?","?","E","$","M","T","E","M","R","E","?","R","BOSS"],"build_version":"2019-02-06","purchased_purges":1,"victory":false,"max_hp_per_floor":[75,75,75,75,75,75,75,78,78,78,81,81,81,81,81,86],"card_choices":[{"not_picked":["Wild Strike","True Grit","Sentinel"],"picked":"SKIP","floor":1.0},{"not_picked":["Sword Boomerang","Wild Strike"],"picked":"Uppercut","floor":2.0},{"not_picked":["Shrug It Off","Clash"],"picked":"Hemokinesis","floor":3.0},{"not_picked":["Body Slam","Barricade"],"picked":"Feed","floor":6.0},{"not_picked":["Hemokinesis","Pummel","Anger"],"picked":"SKIP","floor":8.0},{"not_picked":["Clothesline","Anger","Wild Strike"],"picked":"SKIP","floor":10.0},{"not_picked":["Ghostly Armor","Clash","Blood for Blood"],"picked":"SKIP","floor":11.0},{"not_picked":["Body Slam","Clash"],"picked":"Shrug It Off","floor":13.0}],"player_experience":2084682,"relics_obtained":[{"floor":6.0,"key":"Anchor"},{"floor":9.0,"key":"Sundial"},{"floor":10.0,"key":"StoneCalendar"},{"floor":13.0,"key":"Juzu Bracelet"},{"floor":14.0,"key":"Molten Egg 2"}],"event_choices":[{"damage_healed":0.0,"max_hp_gain":0.0,"max_hp_loss":0.0,"gold_gain":50.0,"event_name":"Golden Shrine","player_choice":"Pray","floor":4.0,"gold_loss":0.0,"damage_taken":0.0}],"is_beta":true,"boss_relics":[],"items_purged_floors":[5],"is_endless":false,"potions_floor_spawned":[2,3,6],"killed_by":"The Guardian","ascension_level":15}