{"gold_per_floor":[219,229,242,257,7,7,21,21,21,49,49,65,65,97,97,201,201,220,220,220,220,220,220,220,249,273,300,311,328,228,256,256,351,351,363,363,417,430,430,464,464,115,139,139,159,179,198,215,215,215,215,215,97,122,122],"floor_reached":55,"playtime":6719,"items_purged":["Strike_B","Strike_B","Strike_B","Defend_B"],"score":924,"play_id":"aeeb04f1-e8b7-43ed-9459-116712743b32","local_time":"20190314102843","is_ascension_mode":true,"campfire_choices":[{"data":"Sunder","floor":6.0,"key":"SMITH"},{"data":"Consume","floor":15.0,"key":"SMITH"},{"data":"Capacitor","floor":23.0,"key":"SMITH"},{"data":"Buffer","floor":32.0,"key":"SMITH"},{"data":"White Noise","floor":41.0,"key":"SMITH"},{"floor":44.0,"key":"RECALL"},{"floor":49,"key":"REST"},{"data":"Blizzard","floor":52,"key":"SMITH"}],"neow_cost":"NONE","seed_source_timestamp":0,"circlet_count":0,"master_deck":["Strike_B+1","Defend_B","Defend_B","Defend_B","Zap","Dualcast+1","Ball Lightning+1","White Noise+1","Glacier","Cold Snap","Sunder+1","Conserve Battery","Skim","Cold Snap","Capacitor+1","Consume+1","Buffer+1","Leap","Blizzard+1","Defragment+1","Reinforced Body","Coolheaded","Seek+1","Skim+1","Skim","Defragment+1","Machine Learning","BootSequence"],"special_seed":0,"relics":["Cracked Core","DataDisk","PreservedInsect","Meat on the Bone","Philosopher\u0027s Stone","Strawberry","Anchor","Whetstone","Omamori","Smiling Mask","Sozu","Ice Cream","Lantern","Regal Pillow","War Paint","Happy Flower"],"potions_floor_usage":[55],"damage_taken":[{"damage":7.0,"enemies":"Jaw Worm","floor":1.0,"turns":3.0},{"damage":7.0,"enemies":"Small Slimes","floor":2.0,"turns":2.0},{"damage":2.0,"enemies":"2 Louse","floor":3.0,"turns":3.0},{"damage":3.0,"enemies":"2 Fungi Beasts","floor":4.0,"turns":3.0},{"damage":10.0,"enemies":"Large Slime","floor":7.0,"turns":4.0},{"damage":11.0,"enemies":"Gremlin Nob","floor":10.0,"turns":5.0},{"damage":7.0,"enemies":"Red Slaver","floor":12.0,"turns":3.0},{"damage":4.0,"enemies":"Lagavulin","floor":14.0,"turns":6.0},{"damage":29.0,"enemies":"The Guardian","floor":16.0,"turns":12.0},{"damage":3.0,"enemies":"Chosen","floor":18.0,"turns":5.0},{"damage":20.0,"enemies":"Gremlin Leader","floor":25.0,"turns":8.0},{"damage":2.0,"enemies":"Slavers","floor":27.0,"turns":2.0},{"damage":0.0,"enemies":"Spheric Guardian","floor":28.0,"turns":4.0},{"damage":0.0,"enemies":"Centurion and Healer","floor":29.0,"turns":12.0},{"damage":0.0,"enemies":"Book of Stabbing","floor":31.0,"turns":6.0},{"damage":0.0,"enemies":"Champ","floor":33.0,"turns":17.0},{"damage":13.0,"enemies":"3 Shapes","floor":35.0,"turns":6.0},{"damage":68.0,"enemies":"2 Orb Walkers","floor":37.0,"turns":6.0},{"damage":0.0,"enemies":"Orb Walker","floor":38.0,"turns":4.0},{"damage":0.0,"enemies":"Nemesis","floor":40.0,"turns":7.0},{"damage":0.0,"enemies":"Maw","floor":45.0,"turns":8.0},{"damage":0.0,"enemies":"4 Shapes","floor":46.0,"turns":2.0},{"damage":0,"enemies":"Sphere and 2 Shapes","floor":47,"turns":6},{"damage":1,"enemies":"Spire Growth","floor":48,"turns":4},{"damage":8,"enemies":"Time Eater","floor":50,"turns":16},{"damage":0,"enemies":"Shield and Spear","floor":54,"turns":9},{"damage":91,"enemies":"The Heart","floor":55,"turns":11}],"seed_played":"-2958137734534749887","potions_obtained":[{"floor":7.0,"key":"Regen Potion"},{"floor":10.0,"key":"SmokeBomb"},{"floor":14.0,"key":"Block Potion"},{"floor":29.0,"key":"SkillPotion"},{"floor":31.0,"key":"Ancient Potion"}],"is_trial":false,"path_per_floor":["?","?","?","?","?","?","?","M","?","?","M","?"],"character_chosen":"DEFECT","items_purchased":["Sunder","Conserve Battery","Weak Potion","Regal Pillow","War Paint","BootSequence"],"campfire_rested":1,"item_purchase_floors":[5,5,5,42,42,53],"current_hp_per_floor":[68,61,59,56,56,56,46,46,46,49,74,67,67,63,63,46,75,72,58,58,58,65,65,65,45,45,55,55,55,55,55,55,55,87,74,74,18,30,52,52,52,52,52,52,52,52,52,51,87,79,87,87,87,87,0],"gold":122,"neow_bonus":"HUNDRED_GOLD","is_prod":false,"is_daily":false,"chose_seed":false,"campfire_upgraded":6,"win_rate":0,"timestamp":1552555723,"path_taken":["M","M","M","M","$","R","M","?","T","E","?","M","$","E","R","BOSS","M","?","?","?","?","R","?","E","T","E","M","?","$","E","R","BOSS","M","?","?","?","?","E","R","$","T","R","M","M","M","M","R","BOSS","R","$","E","BOSS"],"build_version":"2019-01-23","purchased_purges":4,"victory":false,"max_hp_per_floor":[75,75,75,75,75,75,75,75,75,75,75,75,75,75,75,75,75,75,80,80,80,87,87,87,87,87,87,87,87,87,87,87,87,87,87,87,87,87,87,87,87,87,87,87,87,87,87,87,87,87,87,87,87,87,87],"card_choices":[{"not_picked":["Cold Snap","FTL"],"picked":"Ball Lightning","floor":1.0},{"not_picked":["Cold Snap","Lockon"],"picked":"White Noise","floor":2.0},{"not_picked":["Gash","Fusion"],"picked":"Glacier","floor":3.0},{"not_picked":["Turbo","Reprogram"],"picked":"Cold Snap","floor":4.0},{"not_picked":["Turbo","Stack"],"picked":"Skim","floor":7.0},{"not_picked":["Beam Cell","Sweeping Beam"],"picked":"Cold Snap","floor":10.0},{"not_picked":["Creative AI","Barrage"],"picked":"Capacitor","floor":12.0},{"not_picked":["Coolheaded","Steam Power"],"picked":"Consume","floor":14.0},{"not_picked":["Hyperbeam","All For One"],"picked":"Buffer","floor":16.0},{"not_picked":["Steam Power+1","Skim"],"picked":"Leap","floor":18.0},{"not_picked":["Rebound+1","Reboot"],"picked":"Defragment+1","floor":25.0},{"not_picked":["Heatsinks+1","Hologram+1"],"picked":"Reinforced Body","floor":27.0},{"not_picked":["Cold Snap","Compile Driver+1"],"picked":"Coolheaded","floor":28.0},{"not_picked":["Compile Driver","Reprogram+1","Beam Cell"],"picked":"SKIP","floor":29.0},{"not_picked":["Double Energy","Tempest+1","Ball Lightning"],"picked":"SKIP","floor":31.0},{"not_picked":["Rainbow","Reboot"],"picked":"Seek","floor":33.0},{"not_picked":["Sweeping Beam+1","Conserve Battery+1"],"picked":"Skim+1","floor":35.0},{"not_picked":["Steam+1","Beam Cell+1","Blizzard+1"],"picked":"SKIP","floor":38.0},{"not_picked":["Aggregate+1","Auto Shields+1"],"picked":"Skim","floor":40.0},{"not_picked":["Reinforced Body","Biased Cognition","Sweeping Beam"],"picked":"SKIP","floor":45.0},{"not_picked":["Steam","Barrage+1"],"picked":"Defragment+1","floor":46},{"not_picked":["Coolheaded","Hologram+1","Barrage"],"picked":"SKIP","floor":47},{"not_picked":["Glacier","Self Repair"],"picked":"Machine Learning","floor":48},{"not_picked":["Auto Shields","Streamline","Redo"],"picked":"SKIP","floor":54}],"player_experience":330164,"relics_obtained":[{"floor":9.0,"key":"DataDisk"},{"floor":10.0,"key":"PreservedInsect"},{"floor":14.0,"key":"Meat on the Bone"},{"floor":25.0,"key":"Anchor"},{"floor":26.0,"key":"Whetstone"},{"floor":27.0,"key":"Omamori"},{"floor":31.0,"key":"Smiling Mask"},{"floor":37.0,"key":"Ice Cream"},{"floor":40.0,"key":"Lantern"},{"floor":54,"key":"Happy Flower"}],"event_choices":[{"damage_healed":0.0,"max_hp_gain":0.0,"max_hp_loss":0.0,"gold_gain":0.0,"event_name":"Golden Idol","player_choice":"Ignored","floor":8.0,"gold_loss":0.0,"damage_taken":0.0},{"damage_healed":25.0,"max_hp_gain":0.0,"max_hp_loss":0.0,"gold_gain":0.0,"event_name":"Big Fish","player_choice":"Banana","floor":11.0,"gold_loss":0.0,"damage_taken":0.0},{"damage_healed":0.0,"max_hp_gain":5.0,"max_hp_loss":0.0,"gold_gain":0.0,"event_name":"Forgotten Altar","player_choice":"Shed Blood","floor":19.0,"gold_loss":0.0,"damage_taken":19.0},{"damage_healed":0.0,"max_hp_gain":0.0,"max_hp_loss":0.0,"gold_gain":0.0,"event_name":"The Library","player_choice":"Read","floor":20.0,"gold_loss":0.0,"damage_taken":0.0,"cards_obtained":["Blizzard"]},{"damage_healed":0.0,"max_hp_gain":0.0,"max_hp_loss":0.0,"gold_gain":0.0,"event_name":"Vampires","player_choice":"Ignored","floor":21.0,"gold_loss":0.0,"damage_taken":0.0},{"damage_healed":0.0,"max_hp_gain":0.0,"max_hp_loss":0.0,"gold_gain":0.0,"event_name":"The Mausoleum","player_choice":"Opened","floor":22.0,"gold_loss":0.0,"damage_taken":0.0,"relics_obtained":["Strawberry"]},{"damage_healed":0.0,"max_hp_gain":0.0,"max_hp_loss":0.0,"gold_gain":0.0,"event_name":"N\u0027loth","player_choice":"Ignored","floor":24.0,"gold_loss":0.0,"damage_taken":0.0},{"damage_healed":0.0,"max_hp_gain":0.0,"max_hp_loss":0.0,"gold_gain":0.0,"event_name":"Tomb of Lord Red Mask","player_choice":"Ignored","floor":36.0,"gold_loss":0.0,"damage_taken":0.0},{"damage_healed":0.0,"max_hp_gain":0.0,"max_hp_loss":0.0,"gold_gain":0.0,"event_name":"Mysterious Sphere","player_choice":"Fight","floor":37.0,"gold_loss":0.0,"damage_taken":0.0},{"damage_healed":22.0,"max_hp_gain":0.0,"max_hp_loss":0.0,"gold_gain":0.0,"event_name":"Winding Halls","player_choice":"Writhe","floor":39.0,"gold_loss":0.0,"damage_taken":0.0,"cards_obtained":["Writhe"]}],"is_beta":false,"boss_relics":[{"not_picked":["Tiny House","Coffee Dripper"],"picked":"Philosopher\u0027s Stone"},{"not_picked":["Nuclear Battery","White Beast Statue"],"picked":"Sozu"}],"items_purged_floors":[5,30,42,53],"is_endless":false,"potions_floor_spawned":[7,10,14,29,31,33,38,46,47,48],"killed_by":"The Heart","ascension_level":2}