{"gold_per_floor":[11,26,26,46,46,69,93,30,56,56,69,69,69,84,84,215,215,238,238,0,0,0,14,38,38,61,61,75,88,88],"floor_reached":30,"playtime":1102,"items_purged":["Defend_R"],"score":222,"play_id":"c904c6d0-b9ca-4ce6-81b1-babd75e2a4e7","local_time":"20190314220240","is_ascension_mode":false,"campfire_choices":[{"data":"Bash","floor":10.0,"key":"SMITH"},{"data":"Shrug It Off","floor":12.0,"key":"SMITH"},{"data":"Dropkick","floor":15.0,"key":"SMITH"},{"floor":25,"key":"REST"}],"neow_cost":"NO_GOLD","seed_source_timestamp":0,"circlet_count":0,"master_deck":["Strike_R","Strike_R","Strike_R","Strike_R","Strike_R+1","Defend_R+1","Defend_R","Defend_R","Bash+1","Shrug It Off+1","Dropkick+1"],"special_seed":0,"relics":["Burning Blood","Thread and Needle","Golden Idol","MawBank","Pen Nib","Art of War"],"potions_floor_usage":[16,16,24,28,30],"damage_taken":[{"damage":0.0,"enemies":"Small Slimes","floor":1.0,"turns":3.0},{"damage":0.0,"enemies":"Jaw Worm","floor":2.0,"turns":3.0},{"damage":2.0,"enemies":"Cultist","floor":4.0,"turns":3.0},{"damage":2.0,"enemies":"3 Louse","floor":6.0,"turns":3.0},{"damage":15.0,"enemies":"Exordium Wildlife","floor":11.0,"turns":6.0},{"damage":0.0,"enemies":"Large Slime","floor":14.0,"turns":4.0},{"damage":34,"enemies":"Hexaghost","floor":16,"turns":8},{"damage":39,"enemies":"2 Thieves","floor":18,"turns":4},{"damage":10,"enemies":"3 Byrds","floor":23,"turns":6},{"damage":37,"enemies":"Centurion and Healer","floor":24,"turns":6},{"damage":27,"enemies":"3 Cultists","floor":28,"turns":7},{"damage":16,"enemies":"Snecko","floor":29,"turns":5},{"damage":15,"enemies":"Shelled Parasite and Fungi","floor":30,"turns":5}],"seed_played":"-177000554437848176","potions_obtained":[{"floor":1.0,"key":"Fire Potion"},{"floor":2.0,"key":"Strength Potion"},{"floor":6.0,"key":"Fruit Juice"},{"floor":11.0,"key":"Regen Potion"},{"floor":23,"key":"Energy Potion"},{"floor":24,"key":"Weak Potion"},{"floor":29,"key":"Ancient Potion"}],"is_trial":false,"path_per_floor":["M","M","?","M","?","M","T","$","T","R","M","R","?","M","R","B",null,"M","?","?","$","?","M","M","R","T","?","M","M","M"],"character_chosen":"IRONCLAD","items_purchased":[],"campfire_rested":1,"item_purchase_floors":[],"current_hp_per_floor":[80,80,74,74,59,68,68,68,68,68,59,59,64,70,70,57,84,51,51,51,51,51,47,16,41,41,41,20,10,0],"gold":88,"neow_bonus":"ONE_RARE_RELIC","is_prod":false,"is_daily":false,"chose_seed":false,"campfire_upgraded":3,"win_rate":0,"timestamp":1552568560,"path_taken":["M","M","?","M","?","M","?","?","T","R","?","R","?","M","R","BOSS","M","?","?","$","?","M","M","R","T","?","?","M","M"],"build_version":"2019-01-23","purchased_purges":1,"victory":false,"max_hp_per_floor":[80,80,74,74,74,79,79,79,79,79,79,79,84,84,84,84,84,84,84,84,84,84,84,84,84,84,84,84,84,84],"card_choices":[{"not_picked":["Hemokinesis","Rupture"],"picked":"Shrug It Off","floor":1.0},{"not_picked":["Sword Boomerang","Hemokinesis","Carnage"],"picked":"SKIP","floor":2.0},{"not_picked":["Iron Wave","Combust","True Grit"],"picked":"SKIP","floor":4.0},{"not_picked":["Anger","True Grit","Blood for Blood"],"picked":"SKIP","floor":6.0},{"not_picked":["Clothesline","Reckless Charge"],"picked":"Dropkick","floor":11.0},{"not_picked":["Inflame","Wild Strike","Headbutt"],"picked":"SKIP","floor":14.0},{"not_picked":["Wild Strike","Armaments","Combust+1"],"picked":"SKIP","floor":18},{"not_picked":["Twin Strike+1","Perfected Strike+1","Heavy Blade+1"],"picked":"SKIP","floor":23},{"not_picked":["Thunderclap","Iron Wave","Corruption"],"picked":"SKIP","floor":24},{"not_picked":["Metallicize+1","Rupture+1","Clothesline+1"],"picked":"SKIP","floor":28},{"not_picked":["Flex","Havoc","Combust+1"],"picked":"SKIP","floor":29}],"player_experience":373503,"relics_obtained":[{"floor":7.0,"key":"MawBank"},{"floor":9.0,"key":"Pen Nib"},{"floor":26,"key":"Art of War"}],"event_choices":[{"damage_healed":0.0,"max_hp_gain":0.0,"max_hp_loss":6.0,"gold_gain":0.0,"event_name":"Golden Idol","player_choice":"Lose Max HP","floor":3.0,"gold_loss":0.0,"damage_taken":0.0,"relics_obtained":["Golden Idol"]},{"damage_healed":0.0,"max_hp_gain":0.0,"max_hp_loss":0.0,"gold_gain":0.0,"event_name":"Shining Light","player_choice":"Entered Light","floor":5.0,"gold_loss":0.0,"damage_taken":15.0,"cards_upgraded":["Strike_R","Defend_R"]},{"damage_healed":0.0,"max_hp_gain":5.0,"max_hp_loss":0.0,"gold_gain":0.0,"event_name":"Big Fish","player_choice":"Donut","floor":13.0,"gold_loss":0.0,"damage_taken":0.0},{"damage_healed":0,"gold_gain":0,"player_choice":"Ignored","damage_taken":0,"max_hp_gain":0,"max_hp_loss":0,"event_name":"Cursed Tome","floor":19,"gold_loss":0},{"damage_healed":0,"gold_gain":0,"player_choice":"Paid Fearfully","damage_taken":0,"max_hp_gain":0,"max_hp_loss":0,"event_name":"Masked Bandits","floor":20,"gold_loss":238},{"damage_healed":0,"gold_gain":0,"player_choice":"Bought 0 Potions","damage_taken":0,"max_hp_gain":0,"max_hp_loss":0,"event_name":"The Woman in Blue","floor":27,"gold_loss":0}],"is_beta":false,"boss_relics":[{"not_picked":["Cursed Key","Busted Crown","Ectoplasm"]}],"items_purged_floors":[8],"is_endless":false,"potions_floor_spawned":[1,2,6,11,23,24,29],"killed_by":"Shelled Parasite and Fungi","ascension_level":0}