{"gold_per_floor":[109,109,284,297,297,328,342,358,411,411,427,377,56,80,80,203,203,219,219,244,244,244,244,258,258,258,76,90,109,148,197,197,316,316,335,335,15,30,44,44,104,104,104,27,52,52,71,92,92,92,92,92,1,44,44],"floor_reached":56,"playtime":6588,"items_purged":["Strike_B","Beam Cell","Zap","Parasite"],"score":1213,"play_id":"b2be6c38-da69-478e-b793-e057fa6b3d35","local_time":"20190306232618","is_ascension_mode":true,"campfire_choices":[{"floor":10,"key":"REST"},{"floor":15,"key":"REST"},{"data":"Echo Form","floor":23,"key":"SMITH"},{"floor":32,"key":"RECALL"},{"data":"Loop","floor":40,"key":"SMITH"},{"data":"Self Repair","floor":42,"key":"SMITH"},{"data":"Defragment","floor":49,"key":"SMITH"},{"data":"Coolheaded","floor":52,"key":"SMITH"}],"neow_cost":"NONE","seed_source_timestamp":11664193778191,"circlet_count":0,"master_deck":["Dualcast","Self Repair+1","Coolheaded+1","Conserve Battery","Loop+1","Echo Form+1","Turbo+1","Leap+1","Compile Driver+1","Glacier+1","Chill","Defragment+1","Capacitor","Cold Snap+1","Defragment+1","Doom and Gloom","Biased Cognition","Ball Lightning","Cold Snap","Ball Lightning","Chaos+1","Storm+1","Panache","White Noise+1"],"relics":["Snecko Eye","Golden Idol","Spirit Poop","Singing Bowl","Whetstone","Mummified Hand","Astrolabe","Smiling Mask","DataDisk","Nuclear Battery","Membership Card","PreservedInsect","Emotion Chip","Sundial","Bronze Scales"],"potions_floor_usage":[8,11,14,28,55,55,55],"damage_taken":[{"damage":0,"enemies":"Cultist","floor":1,"turns":3},{"damage":2,"enemies":"Small Slimes","floor":4,"turns":5},{"damage":61,"enemies":"Gremlin Nob","floor":6,"turns":6},{"damage":0,"enemies":"2 Louse","floor":7,"turns":3},{"damage":9,"enemies":"Red Slaver","floor":8,"turns":5},{"damage":17,"enemies":"Large Slime","floor":11,"turns":6},{"damage":6,"enemies":"Exordium Wildlife","floor":14,"turns":7},{"damage":54,"enemies":"Slime Boss","floor":16,"turns":16},{"damage":0,"enemies":"3 Byrds","floor":18,"turns":5},{"damage":9,"enemies":"Spheric Guardian","floor":20,"turns":6},{"damage":0,"enemies":"Snake Plant","floor":24,"turns":5},{"damage":6,"enemies":"3 Cultists","floor":28,"turns":7},{"damage":7,"enemies":"Snecko","floor":29,"turns":6},{"damage":12,"enemies":"Book of Stabbing","floor":30,"turns":7},{"damage":0,"enemies":"Automaton","floor":33,"turns":10},{"damage":24,"enemies":"3 Darklings","floor":35,"turns":6},{"damage":20,"enemies":"Orb Walker","floor":38,"turns":4},{"damage":4,"enemies":"Writhing Mass","floor":39,"turns":7},{"damage":23,"enemies":"2 Orb Walkers","floor":41,"turns":7},{"damage":4,"enemies":"Spire Growth","floor":45,"turns":6},{"damage":8,"enemies":"Sphere and 2 Shapes","floor":47,"turns":6},{"damage":0,"enemies":"Maw","floor":48,"turns":6},{"damage":24,"enemies":"Donu and Deca","floor":50,"turns":7},{"damage":57,"enemies":"Shield and Spear","floor":54,"turns":5},{"damage":41,"enemies":"The Heart","floor":55,"turns":9}],"seed_played":"-4211471744696621864","potions_obtained":[{"floor":6,"key":"Swift Potion"},{"floor":8,"key":"Fire Potion"},{"floor":11,"key":"EssenceOfSteel"},{"floor":20,"key":"Energy Potion"},{"floor":30,"key":"SteroidPotion"},{"floor":38,"key":"Weak Potion"},{"floor":39,"key":"Poison Potion"},{"floor":47,"key":"SpeedPotion"},{"floor":54,"key":"Weak Potion"}],"is_trial":false,"path_per_floor":["M","?","?","M","?","E","M","M","T","R","M","?","$","M","R","B",null,"M","?","M","?","?","R","M","?","T","$","M","M","E","T","R","B",null,"M","?","$","M","M","R","?","R","T","$","M","?","M","M","R","B",null,"R","$","E","B",null],"character_chosen":"DEFECT","items_purchased":["Mummified Hand","Capacitor","Membership Card","PreservedInsect","Ball Lightning","Panache"],"campfire_rested":2,"item_purchase_floors":[13,27,37,37,44,53],"current_hp_per_floor":[75,57,57,62,62,8,15,15,15,38,30,30,30,33,57,10,81,83,83,83,83,83,83,85,85,85,85,85,85,85,85,85,85,85,75,75,75,69,81,81,74,74,74,74,88,88,88,88,88,84,88,88,88,51,20],"gold":44,"neow_bonus":"BOSS_RELIC","is_prod":false,"is_daily":false,"chose_seed":false,"campfire_upgraded":5,"win_rate":0,"timestamp":1551882378,"path_taken":["M","?","?","M","?","E","M","M","T","R","?","?","$","M","R","BOSS","M","?","M","?","?","R","?","?","T","?","M","M","E","?","R","BOSS","M","?","$","?","M","R","?","R","T","?","M","?","?","M","R","BOSS","R","$","E","BOSS"],"build_version":"2019-01-23","purchased_purges":4,"victory":true,"max_hp_per_floor":[75,75,75,75,75,75,75,77,77,77,79,79,79,81,81,81,81,83,83,83,83,83,83,85,85,85,85,85,85,85,85,85,85,85,85,85,85,85,87,87,89,89,89,86,88,88,88,88,88,88,88,88,88,88,88],"card_choices":[{"not_picked":["Gash","Ball Lightning"],"picked":"Self Repair","floor":1},{"not_picked":["Genetic Algorithm","Beam Cell"],"picked":"Coolheaded","floor":4},{"not_picked":["Steam Power","Loop"],"picked":"Conserve Battery","floor":6},{"not_picked":["Steam","Coolheaded"],"picked":"Loop","floor":7},{"not_picked":["Stack","Go for the Eyes","Barrage"],"picked":"Singing Bowl","floor":8},{"not_picked":["Stack","Lockon","Steam"],"picked":"Singing Bowl","floor":11},{"not_picked":["Barrage","Rip and Tear","Skim"],"picked":"Singing Bowl","floor":14},{"not_picked":["All For One","Thunder Strike"],"picked":"Echo Form","floor":16},{"not_picked":["BootSequence+1","Genetic Algorithm+1","Coolheaded"],"picked":"Singing Bowl","floor":18},{"not_picked":["Leap","Chill"],"picked":"Glacier+1","floor":20},{"not_picked":["Genetic Algorithm","Skim","Sweeping Beam"],"picked":"Singing Bowl","floor":24},{"not_picked":["Rip and Tear","Streamline+1"],"picked":"Cold Snap+1","floor":28},{"not_picked":["Consume+1","Gash"],"picked":"Defragment","floor":29},{"not_picked":["Sunder","Redo"],"picked":"Doom and Gloom","floor":30},{"not_picked":["Rainbow","Machine Learning"],"picked":"Biased Cognition","floor":33},{"not_picked":["Barrage+1","Hello World"],"picked":"Ball Lightning","floor":35},{"not_picked":["Steam+1","Undo"],"picked":"Cold Snap","floor":38},{"not_picked":["Genetic Algorithm+1","Steam","Skim"],"picked":"Singing Bowl","floor":39},{"not_picked":["Barrage","Beam Cell","FTL"],"picked":"Singing Bowl","floor":41},{"not_picked":["Streamline+1","Compile Driver","Turbo"],"picked":"Singing Bowl","floor":45},{"not_picked":["Capacitor","Steam"],"picked":"Chaos+1","floor":47},{"not_picked":["Stack+1","Hologram"],"picked":"Storm+1","floor":48},{"not_picked":["Thunder Strike","BootSequence"],"picked":"White Noise+1","floor":54}],"player_experience":135571,"relics_obtained":[{"floor":6,"key":"Singing Bowl"},{"floor":9,"key":"Whetstone"},{"floor":30,"key":"Smiling Mask"},{"floor":31,"key":"DataDisk"},{"floor":41,"key":"Emotion Chip"},{"floor":43,"key":"Sundial"},{"floor":54,"key":"Bronze Scales"}],"event_choices":[{"damage_healed":0,"gold_gain":0,"player_choice":"Take Damage","damage_taken":18,"relics_obtained":["Golden Idol"],"max_hp_gain":0,"max_hp_loss":0,"event_name":"Golden Idol","floor":2,"gold_loss":0},{"damage_healed":0,"gold_gain":175,"player_choice":"AGREE","damage_taken":0,"max_hp_gain":0,"max_hp_loss":0,"event_name":"Liars Game","floor":3,"gold_loss":0,"cards_obtained":["Doubt"]},{"cards_removed":["Doubt"],"damage_healed":0,"gold_gain":0,"player_choice":"Offered Curse","damage_taken":0,"relics_obtained":["Spirit Poop"],"max_hp_gain":0,"max_hp_loss":0,"event_name":"Bonfire Elementals","floor":5,"gold_loss":0},{"cards_removed":["Strike_B"],"damage_healed":0,"gold_gain":0,"player_choice":"Card Removal","damage_taken":0,"max_hp_gain":0,"max_hp_loss":0,"event_name":"The Cleric","floor":12,"gold_loss":50},{"damage_healed":0,"gold_gain":0,"player_choice":"Ignored","damage_taken":0,"max_hp_gain":0,"max_hp_loss":0,"event_name":"Vampires","floor":19,"gold_loss":0},{"damage_healed":0,"gold_gain":0,"cards_transformed":["Defend_B","Defend_B"],"player_choice":"Became Test Subject","damage_taken":0,"max_hp_gain":0,"max_hp_loss":0,"event_name":"Drug Dealer","floor":21,"gold_loss":0,"cards_obtained":["Chill","Beam Cell"]},{"damage_healed":0,"gold_gain":0,"player_choice":"Read","damage_taken":0,"max_hp_gain":0,"max_hp_loss":0,"event_name":"The Library","floor":22,"gold_loss":0,"cards_obtained":["Defragment"]},{"cards_removed":["Defend_B"],"damage_healed":0,"gold_gain":0,"player_choice":"Elegance","damage_taken":0,"max_hp_gain":0,"max_hp_loss":0,"event_name":"Back to Basics","floor":25,"gold_loss":0},{"damage_healed":0,"gold_gain":0,"player_choice":"Upgraded","damage_taken":0,"max_hp_gain":0,"max_hp_loss":0,"event_name":"Upgrade Shrine","floor":36,"gold_loss":0,"cards_upgraded":["Defragment"]},{"damage_healed":0,"gold_gain":0,"player_choice":"Fight","damage_taken":0,"max_hp_gain":0,"max_hp_loss":0,"event_name":"Mysterious Sphere","floor":41,"gold_loss":0},{"damage_healed":0,"gold_gain":0,"player_choice":"Bought 0 Potions","damage_taken":0,"max_hp_gain":0,"max_hp_loss":0,"event_name":"The Woman in Blue","floor":46,"gold_loss":0}],"is_beta":false,"boss_relics":[{"not_picked":["Coffee Dripper","Lizard Tail"],"picked":"Astrolabe"},{"not_picked":["Runic Pyramid","Eternal Feather"],"picked":"Nuclear Battery"}],"items_purged_floors":[13,27,37,44],"is_endless":false,"potions_floor_spawned":[6,8,11,20,30,38,39,47,54],"ascension_level":1}