{"path_per_floor":["M","$","?","M","?","E","R","E","T","?","$","E","M","M","R","B",null,"M","?","M","$","?","E","$","?","T","R","M","?","?","M","R"],"character_chosen":"IRONCLAD","items_purchased":["Regen Potion","Vajra","Exhume","Metallicize"],"gold_per_floor":[111,63,63,75,75,105,105,136,136,136,136,162,175,188,188,289,289,304,229,239,85,135,160,13,13,92,92,109,109,109,119,119],"floor_reached":33,"campfire_rested":3,"playtime":1647,"current_hp_per_floor":[72,72,75,81,63,35,62,62,76,76,76,61,63,63,63,32,86,68,68,55,55,55,8,8,8,8,39,25,25,25,27,58],"items_purged":[],"gold":119,"score":390,"play_id":"b5741854-232d-4f24-9ebd-81d479e96bd0","is_prod":false,"is_daily":false,"is_ascension_mode":true,"campfire_upgraded":1,"path_taken":["M","$","?","M","?","E","R","E","T","?","?","E","M","M","R","BOSS","M","?","M","$","?","E","?","?","T","R","M","?","?","M","R","BOSS"],"build_version":"2018-02-08-PROD1","purchased_purges":0,"victory":false,"master_deck":["Strike_R+1","Strike_R","Strike_R","Strike_R","Strike_R","Defend_R+1","Defend_R","Defend_R+1","Defend_R","Bash","Flame Barrier+1","Pommel Strike","Inflame+1","Warcry","Offering","Flame Barrier","Heavy Blade","Thunderclap","Spot Weakness+1","Exhume","Metallicize","Impervious"],"max_hp_per_floor":[80,80,90,90,90,90,90,90,104,104,104,104,104,104,104,104,104,104,104,104,104,104,104,104,104,104,104,104,104,104,104,104],"relics":["Burning Blood","Orichalcum","Pear","Bag of Marbles","Juzu Bracelet","Mango","War Paint","Bottled Flame","Orrery","Vajra","Omamori","Shuriken","Meat on the Bone"],"card_choices":[{"not_picked":["Infernal Blade","Immolate"],"picked":"Flame Barrier"},{"not_picked":["Headbutt","True Grit"],"picked":"Pommel Strike"},{"not_picked":["Flex","Disarm"],"picked":"Inflame"},{"not_picked":["Pommel Strike","Carnage"],"picked":"Warcry"},{"not_picked":["Exhume","Barricade"],"picked":"Offering"},{"not_picked":["Metallicize","Armaments"],"picked":"Flame Barrier"},{"not_picked":["Headbutt","Wild Strike"],"picked":"Heavy Blade"},{"not_picked":["Sentinel","Immolate"],"picked":"Thunderclap"},{"not_picked":["Wild Strike","Pummel"],"picked":"Spot Weakness"}],"player_experience":128601,"potions_floor_usage":[12,16,33,33,33],"damage_taken":[{"damage":6.0,"enemies":"Jaw Worm","floor":1.0,"turns":2.0},{"damage":0.0,"enemies":"Small Slimes","floor":4.0,"turns":3.0},{"damage":34.0,"enemies":"Gremlin Nob","floor":6.0,"turns":5.0},{"damage":21.0,"enemies":"3 Sentries","floor":8.0,"turns":10.0},{"damage":21,"enemies":"Lagavulin","floor":12,"turns":5},{"damage":4,"enemies":"Blue Slaver","floor":13,"turns":4},{"damage":6,"enemies":"Large Slime","floor":14,"turns":5},{"damage":37,"enemies":"Slime Boss","floor":16,"turns":12},{"damage":24,"enemies":"Chosen","floor":18,"turns":5},{"damage":19,"enemies":"2 Thieves","floor":20,"turns":4},{"damage":53,"enemies":"Book of Stabbing","floor":23,"turns":6},{"damage":20,"enemies":"Snake Plant","floor":28,"turns":3},{"damage":16,"enemies":"Snecko","floor":31,"turns":3},{"damage":75,"enemies":"Collector","floor":33,"turns":5}],"event_choices":[{"event_name":"Scrap Ooze","player_choice":"success","floor":3.0,"damage_taken":7.0},{"event_name":"Shining Light","player_choice":"Entered Light","floor":5.0,"damage_taken":0.0},{"event_name":"Big Fish","player_choice":"Box","floor":10.0,"damage_taken":0.0},{"event_name":"Beggar","player_choice":"Gave Gold","floor":19,"damage_taken":0},{"event_name":"The Joust","player_choice":"Bet on Murderer","floor":22,"damage_taken":0},{"event_name":"Addict","player_choice":"Ignored","floor":25,"damage_taken":0},{"event_name":"Match and Keep!","player_choice":"1 cards matched","floor":29,"damage_taken":0},{"event_name":"The Mausoleum","player_choice":"Yes","floor":30,"damage_taken":0}],"boss_relics":[{"not_picked":["Astrolabe","Ectoplasm"],"picked":"Orrery"}],"potions_floor_spawned":[6,8,12,14,31],"seed_played":"-3231827338301026459","killed_by":"Collector","ascension_level":6,"is_trial":false}