{"gold_per_floor":[118,118,137,156,171,171,202,41,41,52,70,70,70,98,98,174,174,187,187,48,62,74,74,108,124,124,152,152,0,0,19,19,94,94,113,38,38,50,1049,1049,752,777,777,777,142,159,159,175,175,175,175,175,25,59,59],"floor_reached":56,"playtime":2220,"items_purged":["Strike_G","Normality","Normality","Strike_G"],"score":1988,"play_id":"a12fe152-5cf5-4b36-bd4a-cac8d75a5eda","local_time":"20190307225727","is_ascension_mode":true,"campfire_choices":[{"data":"Dagger Spray","floor":6,"key":"SMITH"},{"data":"Corpse Explosion","floor":13,"key":"SMITH"},{"data":"Neutralize","floor":15,"key":"SMITH"},{"data":"Catalyst","floor":23,"key":"SMITH"},{"data":"Wraith Form v2","floor":28,"key":"SMITH"},{"data":"Well Laid Plans","floor":32,"key":"SMITH"},{"floor":40,"key":"RECALL"},{"floor":44,"key":"REST"},{"floor":47,"key":"REST"},{"data":"Wraith Form v2","floor":49,"key":"SMITH"},{"data":"Crippling Poison","floor":52,"key":"SMITH"}],"neow_cost":"NONE","seed_source_timestamp":0,"circlet_count":0,"master_deck":["AscendersBane","Defend_G+1","Defend_G+1","Defend_G","Defend_G","Defend_G","Strike_G","Strike_G","Strike_G","Survivor","Neutralize+1","Sucker Punch","Dagger Spray+1","Predator","Corpse Explosion+1","Wraith Form v2+1","Poisoned Stab","Adrenaline","Footwork+1","Leg Sweep","Catalyst+1","Well Laid Plans+1","Dodge and Roll","Catalyst","Wraith Form v2+1","Noxious Fumes+1","Catalyst","Crippling Poison+1","Footwork","PiercingWail","Backflip+1"],"special_seed":0,"relics":["White Beast Statue","Torii","Paper Crane","Dream Catcher","Velvet Choker","Nilry\u0027s Codex","Ginger","Gremlin Horn","Bottled Lightning","Bag of Preparation","Orrery","Lantern","Incense Burner","Pear","OrangePellets","Oddly Smooth Stone","War Paint","Ornamental Fan"],"potions_floor_usage":[5,7,11,14,14,21,24,25,27,27,33,35,42,42,46,55],"damage_taken":[{"damage":2,"enemies":"Cultist","floor":1,"turns":5},{"damage":1,"enemies":"Small Slimes","floor":3,"turns":4},{"damage":1,"enemies":"Jaw Worm","floor":4,"turns":7},{"damage":4,"enemies":"Lots of Slimes","floor":5,"turns":4},{"damage":10,"enemies":"3 Sentries","floor":7,"turns":8},{"damage":0,"enemies":"3 Louse","floor":10,"turns":2},{"damage":10,"enemies":"Large Slime","floor":11,"turns":6},{"damage":0,"enemies":"Gremlin Nob","floor":14,"turns":4},{"damage":14,"enemies":"Hexaghost","floor":16,"turns":12},{"damage":3,"enemies":"2 Thieves","floor":18,"turns":4},{"damage":0,"enemies":"Shell Parasite","floor":21,"turns":8},{"damage":3,"enemies":"Snake Plant","floor":22,"turns":4},{"damage":4,"enemies":"Gremlin Leader","floor":24,"turns":6},{"damage":2,"enemies":"Chosen and Byrds","floor":25,"turns":7},{"damage":5,"enemies":"Slavers","floor":27,"turns":4},{"damage":8,"enemies":"Cultist and Chosen","floor":31,"turns":6},{"damage":7,"enemies":"Champ","floor":33,"turns":9},{"damage":0,"enemies":"3 Darklings","floor":35,"turns":1},{"damage":1,"enemies":"3 Shapes","floor":38,"turns":6},{"damage":27,"enemies":"Reptomancer","floor":42,"turns":5},{"damage":11,"enemies":"Jaw Worm Horde","floor":46,"turns":3},{"damage":0,"enemies":"Writhing Mass","floor":48,"turns":4},{"damage":17,"enemies":"Donu and Deca","floor":50,"turns":8},{"damage":7,"enemies":"Shield and Spear","floor":54,"turns":4},{"damage":22,"enemies":"The Heart","floor":55,"turns":10}],"seed_played":"6037691164656690465","potions_obtained":[{"floor":1,"key":"SteroidPotion"},{"floor":3,"key":"GhostInAJar"},{"floor":4,"key":"Regen Potion"},{"floor":5,"key":"FearPotion"},{"floor":7,"key":"Explosive Potion"},{"floor":10,"key":"Regen Potion"},{"floor":11,"key":"EssenceOfSteel"},{"floor":14,"key":"Explosive Potion"},{"floor":16,"key":"EssenceOfSteel"},{"floor":21,"key":"Ancient Potion"},{"floor":22,"key":"Regen Potion"},{"floor":24,"key":"Swift Potion"},{"floor":25,"key":"Weak Potion"},{"floor":27,"key":"SkillPotion"},{"floor":31,"key":"AttackPotion"},{"floor":33,"key":"Poison Potion"},{"floor":35,"key":"Fire Potion"},{"floor":38,"key":"SkillPotion"},{"floor":42,"key":"Block Potion"},{"floor":46,"key":"SpeedPotion"},{"floor":48,"key":"PowerPotion"}],"is_trial":false,"path_per_floor":["M","?","M","M","M","R","E","$","T","M","M","?","R","E","R","B",null,"M","?","$","M","M","R","E","M","T","E","R","$","?","M","R","B",null,"M","$","?","M","?","R","$","E","T","R","$","M","R","M","R","B",null,"R","$","E","B",null],"character_chosen":"THE_SILENT","items_purchased":["Corpse Explosion","Footwork","Leg Sweep","Bag of Preparation","PiercingWail","Lantern","OrangePellets","Oddly Smooth Stone","War Paint"],"campfire_rested":2,"item_purchase_floors":[8,20,20,29,41,41,45,45,45],"current_hp_per_floor":[57,57,56,55,51,51,56,56,56,56,57,57,57,57,57,43,60,57,36,36,36,33,33,44,42,42,37,37,37,37,29,29,22,55,55,55,55,54,54,54,54,27,37,59,59,48,70,70,70,53,70,70,70,63,41],"gold":59,"neow_bonus":"BOSS_RELIC","is_prod":false,"is_daily":false,"chose_seed":false,"campfire_upgraded":8,"win_rate":0,"timestamp":1552017447,"path_taken":["M","?","M","M","?","R","E","$","T","M","M","?","R","E","R","BOSS","M","?","$","M","M","R","E","M","T","E","R","$","?","M","R","BOSS","M","$","?","?","?","R","$","E","T","R","$","M","R","M","R","BOSS","R","$","E","BOSS"],"build_version":"2019-02-06","purchased_purges":4,"victory":true,"max_hp_per_floor":[66,66,66,66,66,66,66,66,66,66,66,66,66,66,66,66,66,66,66,66,66,66,66,66,66,66,66,66,66,66,66,66,66,66,66,66,66,66,66,66,66,66,76,76,76,76,76,76,76,76,76,76,76,76,76],"card_choices":[{"not_picked":["Endless Agony","Choke","Prepared"],"picked":"SKIP","floor":1},{"not_picked":["Slice","Bane"],"picked":"Sucker Punch","floor":3},{"not_picked":["Dagger Throw","Sucker Punch"],"picked":"Dagger Spray","floor":4},{"not_picked":["Blur","Dagger Throw"],"picked":"Predator","floor":5},{"not_picked":["Acrobatics","Dagger Throw","Sucker Punch"],"picked":"SKIP","floor":7},{"not_picked":["Blade Dance","All Out Attack","Reflex"],"picked":"SKIP","floor":10},{"not_picked":["Cloak And Dagger","Underhanded Strike"],"picked":"Wraith Form v2","floor":11},{"not_picked":["Acrobatics","Dagger Spray"],"picked":"Poisoned Stab","floor":14},{"not_picked":["Phantasmal Killer","Night Terror"],"picked":"Adrenaline","floor":16},{"not_picked":["Dagger Throw","Caltrops","Riddle With Holes"],"picked":"SKIP","floor":18},{"not_picked":["Flying Knee","Eviscerate"],"picked":"Catalyst","floor":21},{"not_picked":["Quick Slash","Underhanded Strike","Cloak And Dagger"],"picked":"SKIP","floor":22},{"not_picked":["Dodge and Roll","Sucker Punch"],"picked":"Well Laid Plans","floor":24},{"not_picked":["Sucker Punch","Accuracy"],"picked":"Dodge and Roll","floor":25},{"not_picked":["All Out Attack","Die Die Die","Sucker Punch"],"picked":"SKIP","floor":27},{"not_picked":["Escape Plan","Flying Knee"],"picked":"Catalyst","floor":31},{"not_picked":["After Image","Adrenaline"],"picked":"Wraith Form v2","floor":33},{"not_picked":["Crippling Poison","Outmaneuver"],"picked":"Noxious Fumes+1","floor":34},{"not_picked":["Outmaneuver","Noxious Fumes"],"picked":"Catalyst","floor":34},{"not_picked":["Dagger Spray","Underhanded Strike"],"picked":"Crippling Poison","floor":35},{"not_picked":["Poisoned Stab","Acrobatics"],"picked":"Footwork","floor":38},{"not_picked":["Deflect+1","Blade Dance","Underhanded Strike"],"picked":"SKIP","floor":42},{"not_picked":["Underhanded Strike+1","Dagger Throw","Well Laid Plans"],"picked":"SKIP","floor":46},{"not_picked":["Infinite Blades+1","Deflect"],"picked":"Backflip+1","floor":47},{"not_picked":["Bane","Poisoned Stab","Flying Knee"],"picked":"SKIP","floor":48},{"not_picked":["Dagger Spray","Flying Knee","Cloak And Dagger"],"picked":"SKIP","floor":54}],"player_experience":2123493,"relics_obtained":[{"floor":7,"key":"Paper Crane"},{"floor":14,"key":"Dream Catcher"},{"floor":19,"key":"Nilry\u0027s Codex"},{"floor":24,"key":"Ginger"},{"floor":26,"key":"Gremlin Horn"},{"floor":27,"key":"Bottled Lightning"},{"floor":42,"key":"Incense Burner"},{"floor":43,"key":"Pear"},{"floor":54,"key":"Ornamental Fan"}],"event_choices":[{"damage_healed":0,"gold_gain":0,"player_choice":"Gave Potion","damage_taken":0,"relics_obtained":["Torii"],"max_hp_gain":0,"max_hp_loss":0,"event_name":"WeMeetAgain","floor":2,"gold_loss":0},{"damage_healed":0,"gold_gain":0,"player_choice":"Ignored","damage_taken":0,"max_hp_gain":0,"max_hp_loss":0,"event_name":"Liars Game","floor":12,"gold_loss":0},{"damage_healed":0,"gold_gain":0,"player_choice":"Obtained Book","damage_taken":21,"max_hp_gain":0,"max_hp_loss":0,"event_name":"Cursed Tome","floor":19,"gold_loss":0},{"damage_healed":0,"gold_gain":0,"player_choice":"Ignored","damage_taken":0,"max_hp_gain":0,"max_hp_loss":0,"event_name":"Beggar","floor":30,"gold_loss":0},{"damage_healed":0,"gold_gain":0,"player_choice":"Upgraded","damage_taken":0,"max_hp_gain":0,"max_hp_loss":0,"event_name":"Upgrade Shrine","floor":37,"gold_loss":0,"cards_upgraded":["Footwork"]},{"damage_healed":0,"gold_gain":999,"player_choice":"Gold","damage_taken":0,"max_hp_gain":0,"max_hp_loss":0,"event_name":"MindBloom","floor":39,"gold_loss":0,"cards_obtained":["Normality","Normality"]}],"is_beta":true,"boss_relics":[{"not_picked":["Sozu","Lizard Tail"],"picked":"Velvet Choker"},{"not_picked":["HoveringKite","Philosopher\u0027s Stone"],"picked":"Orrery"}],"items_purged_floors":[36,41,45,53],"is_endless":false,"potions_floor_spawned":[1,3,4,5,7,10,11,14,16,18,21,22,24,25,27,31,33,35,38,42,46,48,54],"ascension_level":15}