{"gold_per_floor":[110,35,110,122,122,122,156,156,156,186,186,216,36,53,53,158,208,225,225,325,339,113,113,141,152,452,452,466,479,26,61,61,158,158,178,15,15,15,32,32,61,61,87,98,24,24,36,36,36,36],"floor_reached":51,"playtime":4381,"items_purged":["Strike_G","Strike_G"],"score":1005,"play_id":"e079ba85-b1be-4dad-96db-00baa08efa7e","local_time":"20190306020913","is_ascension_mode":true,"campfire_choices":[{"data":"Infinite Blades","floor":6,"key":"SMITH"},{"data":"Cloak And Dagger","floor":8,"key":"SMITH"},{"data":"Blade Dance","floor":11,"key":"SMITH"},{"data":"Footwork","floor":15,"key":"SMITH"},{"floor":23,"key":"REST"},{"floor":32,"key":"REST"},{"data":"A Thousand Cuts","floor":40,"key":"SMITH"},{"data":"A Thousand Cuts","floor":42,"key":"SMITH"},{"floor":49,"key":"REST"}],"neow_cost":"NONE","seed_source_timestamp":309277429801593,"circlet_count":0,"master_deck":["Defend_G+1","Defend_G+1","Defend_G+1","Defend_G+1","Defend_G+1","Strike_G+1","Strike_G+1","Survivor+1","Neutralize+1","Dodge and Roll+1","Infinite Blades+1","Blade Dance+1","Cloak And Dagger+1","Blade Dance+1","Crippling Poison+1","Footwork+1","Cloak And Dagger+1","Distraction+1","Adrenaline+1","Dodge and Roll+1","Noxious Fumes+1","Deep Breath+1","Footwork+1","Footwork+1","Blur+1","A Thousand Cuts+1","Blade Dance+1","Backflip+1","A Thousand Cuts+1","Cloak And Dagger+1","PiercingWail+1","Backflip+1","Caltrops+1","Caltrops+1","Finesse+1","Finesse+1","Mayhem+1","Caltrops+1","Prepared+1","Adrenaline+1","Well Laid Plans+1","Blur+1","Parasite"],"relics":["Ring of the Snake","NeowsBlessing","Strawberry","Meat on the Bone","Pear","Smiling Mask","Orichalcum","Tiny House","Ginger","Mummified Hand","Prayer Wheel","Old Coin","Kunai","Ornamental Fan","White Beast Statue","Molten Egg 2","Boot","Mark of the Bloom"],"potions_floor_usage":[12,20,20,31,33,50,50,50],"damage_taken":[{"damage":0,"enemies":"Jaw Worm","floor":1,"turns":1},{"damage":0,"enemies":"2 Louse","floor":4,"turns":1},{"damage":0,"enemies":"Lagavulin","floor":7,"turns":1},{"damage":20,"enemies":"3 Sentries","floor":10,"turns":10},{"damage":18,"enemies":"Lagavulin","floor":12,"turns":6},{"damage":0,"enemies":"Small Slimes","floor":14,"turns":3},{"damage":45,"enemies":"Slime Boss","floor":16,"turns":16},{"damage":14,"enemies":"Chosen","floor":18,"turns":9},{"damage":17,"enemies":"Colosseum Slavers","floor":20,"turns":9},{"damage":49,"enemies":"Colosseum Nobs","floor":20,"turns":5},{"damage":0,"enemies":"3 Byrds","floor":21,"turns":6},{"damage":27,"enemies":"Book of Stabbing","floor":24,"turns":8},{"damage":16,"enemies":"Centurion and Healer","floor":25,"turns":9},{"damage":0,"enemies":"Shelled Parasite and Fungi","floor":28,"turns":7},{"damage":8,"enemies":"3 Cultists","floor":29,"turns":5},{"damage":18,"enemies":"Slavers","floor":31,"turns":6},{"damage":0,"enemies":"Automaton","floor":33,"turns":12},{"damage":23,"enemies":"3 Darklings","floor":35,"turns":7},{"damage":3,"enemies":"3 Shapes","floor":39,"turns":4},{"damage":5,"enemies":"Reptomancer","floor":41,"turns":10},{"damage":0,"enemies":"Maw","floor":44,"turns":7},{"damage":15,"enemies":"Writhing Mass","floor":47,"turns":6},{"damage":14,"enemies":"Time Eater","floor":50,"turns":11}],"seed_played":"5073471674112096515","potions_obtained":[{"floor":4,"key":"Poison Potion"},{"floor":12,"key":"Block Potion"},{"floor":17,"key":"Explosive Potion"},{"floor":20,"key":"Weak Potion"},{"floor":29,"key":"Block Potion"},{"floor":31,"key":"Fruit Juice"},{"floor":35,"key":"Strength Potion"},{"floor":39,"key":"FearPotion"},{"floor":41,"key":"SteroidPotion"}],"is_trial":false,"path_per_floor":["M","$","?","M","?","R","E","R","T","E","R","E","$","M","R","B",null,"M","?","?","M","$","R","E","M","T","?","M","M","$","E","R","B",null,"M","$","?","?","M","R","E","R","T","M","$","?","M","?","R","B",null],"character_chosen":"THE_SILENT","items_purchased":["Infinite Blades","Footwork","Cloak And Dagger","Noxious Fumes","Deep Breath","Kunai","A Thousand Cuts","Cloak And Dagger","Caltrops","Finesse","Well Laid Plans"],"campfire_rested":3,"item_purchase_floors":[2,13,13,22,22,30,30,30,36,36,45],"current_hp_per_floor":[70,70,59,59,63,63,63,63,73,53,53,47,47,47,47,14,92,78,78,24,36,36,63,48,44,44,26,38,42,42,36,65,70,102,79,79,69,69,66,66,61,61,61,61,61,61,58,58,58,44],"gold":36,"neow_bonus":"THREE_ENEMY_KILL","is_prod":false,"is_daily":false,"chose_seed":false,"campfire_upgraded":6,"win_rate":0,"timestamp":1551834553,"path_taken":["M","$","?","M","?","R","E","R","T","E","R","E","$","M","R","BOSS","M","?","?","M","$","R","E","M","T","?","M","M","?","E","R","BOSS","M","$","?","?","M","R","E","R","T","M","$","?","?","?","R","BOSS"],"build_version":"2019-01-23","purchased_purges":2,"victory":true,"max_hp_per_floor":[70,70,70,70,77,77,77,77,87,87,87,87,87,87,87,87,92,92,92,92,92,92,92,92,92,92,97,97,97,97,97,97,102,102,102,102,102,102,102,102,102,102,102,102,102,102,102,102,102,102],"card_choices":[{"not_picked":["Underhanded Strike","Slice"],"picked":"Dodge and Roll","floor":1},{"not_picked":["Crippling Poison","Dash"],"picked":"Blade Dance","floor":4},{"not_picked":["Well Laid Plans","Bane"],"picked":"Cloak And Dagger","floor":7},{"not_picked":["Distraction","Expertise"],"picked":"Blade Dance","floor":10},{"not_picked":["Eviscerate","Dagger Throw"],"picked":"Crippling Poison","floor":12},{"not_picked":["Terror","Deadly Poison"],"picked":"Distraction","floor":14},{"not_picked":["Doppelganger","Storm of Steel"],"picked":"Adrenaline","floor":16},{"not_picked":["Underhanded Strike","Dagger Throw"],"picked":"Dodge and Roll","floor":17},{"not_picked":["Setup","Terror","Bane"],"picked":"SKIP","floor":18},{"not_picked":["Outmaneuver","Sucker Punch","Masterful Stab+1"],"picked":"SKIP","floor":21},{"not_picked":["Underhanded Strike","Distraction"],"picked":"Footwork+1","floor":24},{"not_picked":["Deflect","Sucker Punch+1"],"picked":"Footwork","floor":25},{"not_picked":["Well Laid Plans","Dagger Throw"],"picked":"Blur","floor":25},{"not_picked":["All Out Attack+1","Deflect"],"picked":"A Thousand Cuts","floor":28},{"not_picked":["Outmaneuver","Poisoned Stab+1"],"picked":"Blade Dance","floor":28},{"not_picked":["Dash","Deadly Poison+1"],"picked":"Backflip","floor":29},{"not_picked":["Flying Knee","Backflip","Deflect"],"picked":"SKIP","floor":29},{"not_picked":["Prepared","Dagger Spray"],"picked":"PiercingWail+1","floor":31},{"not_picked":["Deflect","Reflex+1"],"picked":"Backflip+1","floor":35},{"not_picked":["Terror","Flechettes+1"],"picked":"Caltrops+1","floor":35},{"not_picked":["Blind","Violence"],"picked":"Finesse","floor":37},{"not_picked":["Trip","Chrysalis"],"picked":"Mayhem","floor":37},{"not_picked":["Cloak And Dagger","Catalyst+1"],"picked":"Caltrops+1","floor":39},{"not_picked":["Outmaneuver","PiercingWail+1"],"picked":"Prepared+1","floor":39},{"not_picked":["Bouncing Flask","Eviscerate"],"picked":"Adrenaline","floor":41},{"not_picked":["Riddle With Holes+1","Flying Knee+1","Dagger Spray+1"],"picked":"SKIP","floor":44},{"not_picked":["Flying Knee+1","Poisoned Stab+1","Backflip+1"],"picked":"SKIP","floor":44},{"not_picked":["Slice+1","Setup","Masterful Stab+1"],"picked":"SKIP","floor":47},{"not_picked":["Sucker Punch+1","Envenom","Dagger Spray+1"],"picked":"SKIP","floor":47}],"player_experience":202745,"relics_obtained":[{"floor":7,"key":"Meat on the Bone"},{"floor":9,"key":"Pear"},{"floor":10,"key":"Smiling Mask"},{"floor":12,"key":"Orichalcum"},{"floor":20,"key":"Ginger"},{"floor":20,"key":"Mummified Hand"},{"floor":24,"key":"Prayer Wheel"},{"floor":26,"key":"Old Coin"},{"floor":31,"key":"Ornamental Fan"},{"floor":41,"key":"Molten Egg 2"},{"floor":43,"key":"Boot"}],"event_choices":[{"damage_healed":0,"gold_gain":75,"player_choice":"Gather Gold","damage_taken":11,"max_hp_gain":0,"max_hp_loss":0,"event_name":"World of Goop","floor":3,"gold_loss":0},{"damage_healed":0,"gold_gain":0,"player_choice":"Success","damage_taken":3,"relics_obtained":["Strawberry"],"max_hp_gain":0,"max_hp_loss":0,"event_name":"Scrap Ooze","floor":5,"gold_loss":0},{"damage_healed":0,"gold_gain":0,"player_choice":"Ignored","damage_taken":0,"max_hp_gain":0,"max_hp_loss":0,"event_name":"Ghosts","floor":19,"gold_loss":0},{"damage_healed":0,"gold_gain":0,"player_choice":"Fight","damage_taken":0,"max_hp_gain":0,"max_hp_loss":0,"event_name":"Colosseum","floor":20,"gold_loss":0},{"damage_healed":0,"gold_gain":0,"player_choice":"Fought Nobs","damage_taken":0,"max_hp_gain":0,"max_hp_loss":0,"event_name":"Colosseum","floor":20,"gold_loss":0},{"damage_healed":0,"gold_gain":0,"player_choice":"Shed Blood","damage_taken":23,"max_hp_gain":5,"max_hp_loss":0,"event_name":"Forgotten Altar","floor":27,"gold_loss":0},{"damage_healed":0,"gold_gain":0,"player_choice":"Memory 3","damage_taken":10,"max_hp_gain":0,"max_hp_loss":0,"event_name":"SensoryStone","floor":37,"gold_loss":0},{"damage_healed":0,"gold_gain":0,"player_choice":"Ignored","damage_taken":0,"max_hp_gain":0,"max_hp_loss":0,"event_name":"Mysterious Sphere","floor":38,"gold_loss":0},{"damage_healed":0,"gold_gain":0,"cards_transformed":["Strike_G"],"player_choice":"Transformed","damage_taken":0,"max_hp_gain":0,"max_hp_loss":0,"event_name":"Transmorgrifier","floor":46,"gold_loss":0,"cards_obtained":["Blur"]},{"damage_healed":0,"gold_gain":0,"player_choice":"Upgrade","damage_taken":0,"relics_obtained":["Mark of the Bloom"],"max_hp_gain":0,"max_hp_loss":0,"event_name":"MindBloom","floor":48,"gold_loss":0,"cards_upgraded":["Defend_G","Defend_G","Defend_G","Defend_G","Defend_G","Strike_G","Strike_G","Survivor","Neutralize","Dodge and Roll","Blade Dance","Crippling Poison","Distraction","Adrenaline","Dodge and Roll","Noxious Fumes","Deep Breath","Footwork","Blur","Blade Dance","Backflip","Cloak And Dagger","Caltrops","Finesse","Finesse","Mayhem","Adrenaline","Well Laid Plans","Blur"]}],"is_beta":false,"boss_relics":[{"not_picked":["Lizard Tail","HoveringKite"],"picked":"Tiny House"},{"not_picked":["Runic Dome","Velvet Choker"],"picked":"White Beast Statue"}],"items_purged_floors":[13,22],"is_endless":false,"potions_floor_spawned":[4,12,20,20,29,31,35,39,41,44,47],"ascension_level":4}