{"gold_per_floor":[217,217,233,249,268,268,299,319,342,342,367,377,2,16,16,92,142,157,172,222,222,65,76,54,73,73,73,93,103,103,118,118,191,191,208,227,227,227,45,76,76,104,131,131,144,155,155,155,155,155,155,155,31,65,65],"floor_reached":55,"playtime":2329,"items_purged":["Strike_G","Pain"],"score":1307,"play_id":"7e3dead0-b11d-4427-b60b-50f846e6b451","local_time":"20190122201941","is_ascension_mode":true,"campfire_choices":[{"data":"Crippling Poison","floor":6.0,"key":"SMITH"},{"data":"Poisoned Stab","floor":10.0,"key":"SMITH"},{"data":"Noxious Fumes","floor":15.0,"key":"SMITH"},{"floor":27.0,"key":"REST"},{"data":"Catalyst","floor":32.0,"key":"SMITH"},{"floor":41.0,"key":"REST"},{"floor":44.0,"key":"RECALL"},{"floor":49,"key":"REST"},{"data":"Footwork","floor":52,"key":"SMITH"}],"neow_cost":"NONE","seed_source_timestamp":1161332523326025,"circlet_count":0,"master_deck":["AscendersBane","Defend_G","Defend_G","Defend_G","Defend_G","Defend_G","Strike_G","Strike_G","Strike_G+1","Survivor","Neutralize","Dagger Throw","Crippling Poison+1","Poisoned Stab+1","Predator","Deadly Poison","Noxious Fumes+1","PiercingWail","Backflip","After Image","Corpse Explosion","Footwork+1","Well Laid Plans","Footwork","Cloak And Dagger","Dodge and Roll+1","Dash+1","Catalyst+1","After Image","PiercingWail","Blur","Catalyst","Backflip+1","Blur","Writhe","Dodge and Roll","Noxious Fumes+1","PiercingWail+1"],"special_seed":0,"relics":["Ring of the Snake","Peace Pipe","Dream Catcher","Singing Bowl","Tiny House","Potion Belt","Sundial","Sozu","WarpedTongs","Vajra","Frozen Egg 2","Art of War","Oddly Smooth Stone"],"potions_floor_usage":[],"damage_taken":[{"damage":0.0,"enemies":"Jaw Worm","floor":1.0,"turns":5.0},{"damage":0.0,"enemies":"Cultist","floor":3.0,"turns":3.0},{"damage":4.0,"enemies":"2 Louse","floor":4.0,"turns":3.0},{"damage":0.0,"enemies":"Exordium Wildlife","floor":5.0,"turns":5.0},{"damage":33.0,"enemies":"Gremlin Nob","floor":7.0,"turns":5.0},{"damage":6.0,"enemies":"Gremlin Gang","floor":8.0,"turns":3.0},{"damage":24.0,"enemies":"3 Sentries","floor":11.0,"turns":12.0},{"damage":0.0,"enemies":"3 Louse","floor":12.0,"turns":3.0},{"damage":0.0,"enemies":"Looter","floor":14.0,"turns":3.0},{"damage":30.0,"enemies":"Slime Boss","floor":16.0,"turns":9.0},{"damage":4.0,"enemies":"Shell Parasite","floor":18.0,"turns":6.0},{"damage":0.0,"enemies":"3 Byrds","floor":19.0,"turns":3.0},{"damage":25.0,"enemies":"3 Cultists","floor":23.0,"turns":4.0},{"damage":16.0,"enemies":"Chosen and Byrds","floor":25.0,"turns":7.0},{"damage":0.0,"enemies":"Centurion and Healer","floor":28.0,"turns":6.0},{"damage":0.0,"enemies":"3 Cultists","floor":29.0,"turns":4.0},{"damage":17.0,"enemies":"Shelled Parasite and Fungi","floor":31.0,"turns":9.0},{"damage":27.0,"enemies":"Champ","floor":33.0,"turns":10.0},{"damage":6.0,"enemies":"Orb Walker","floor":35.0,"turns":6.0},{"damage":0.0,"enemies":"3 Shapes","floor":36.0,"turns":4.0},{"damage":0.0,"enemies":"Jaw Worm Horde","floor":37.0,"turns":1.0},{"damage":23.0,"enemies":"Giant Head","floor":40.0,"turns":11.0},{"damage":26.0,"enemies":"Reptomancer","floor":42.0,"turns":10.0},{"damage":18.0,"enemies":"Maw","floor":45.0,"turns":6.0},{"damage":5,"enemies":"Sphere and 2 Shapes","floor":46,"turns":8},{"damage":20,"enemies":"Time Eater","floor":50,"turns":19},{"damage":50,"enemies":"Shield and Spear","floor":54,"turns":7},{"damage":48,"enemies":"The Heart","floor":55,"turns":3}],"seed_played":"1912160108503211403","potions_obtained":[{"floor":4.0,"key":"SpeedPotion"},{"floor":5.0,"key":"Regen Potion"},{"floor":7.0,"key":"Regen Potion"},{"floor":14.0,"key":"EssenceOfSteel"},{"floor":16.0,"key":"Weak Potion"},{"floor":18.0,"key":"Explosive Potion"},{"floor":29.0,"key":"Regen Potion"},{"floor":31.0,"key":"SmokeBomb"},{"floor":33.0,"key":"AttackPotion"}],"is_trial":false,"path_per_floor":["?","M","M","?","?","M","?","?","M","?","?"],"character_chosen":"THE_SILENT","items_purchased":["Singing Bowl","Backflip","Potion Belt","Cloak And Dagger","Blur","Dodge and Roll","Noxious Fumes+1"],"campfire_rested":3,"item_purchase_floors":[13,13,22,24,39,53,53],"current_hp_per_floor":[59,59,59,55,55,55,22,16,16,16,47,47,47,47,47,17,61,57,57,57,57,57,32,32,18,18,40,40,42,42,40,40,13,61,55,57,57,57,57,34,57,33,33,33,17,12,29,31,58,38,75,75,75,25,0],"gold":65,"neow_bonus":"HUNDRED_GOLD","is_prod":false,"is_daily":false,"chose_seed":false,"campfire_upgraded":5,"win_rate":0,"timestamp":1548206381,"path_taken":["M","?","M","M","?","R","E","M","T","R","E","?","$","M","R","BOSS","M","M","?","?","$","?","$","M","T","R","M","M","?","M","R","BOSS","M","M","M","?","$","E","R","E","T","R","M","?","?","?","R","BOSS","R","$","E","BOSS"],"build_version":"2019-01-22","purchased_purges":2,"victory":false,"max_hp_per_floor":[66,66,66,66,66,66,66,66,66,66,66,66,66,66,66,66,73,73,73,73,73,73,73,73,75,75,75,75,77,77,77,77,77,77,77,79,79,79,79,79,79,81,81,81,83,83,83,85,87,87,87,87,87,87,87],"card_choices":[{"not_picked":["Outmaneuver","Backflip"],"picked":"Dagger Throw","floor":1.0},{"not_picked":["Slice","Poisoned Stab"],"picked":"Crippling Poison","floor":3.0},{"not_picked":["Sucker Punch","Acrobatics","Caltrops"],"picked":"SKIP","floor":4.0},{"not_picked":["Slice","Prepared"],"picked":"Poisoned Stab","floor":5.0},{"not_picked":["Flying Knee","Blade Dance"],"picked":"Predator","floor":7.0},{"not_picked":["Dagger Spray","Terror"],"picked":"Deadly Poison","floor":8.0},{"not_picked":["Acrobatics","Glass Knife"],"picked":"Noxious Fumes","floor":11.0},{"not_picked":["Blade Dance","Deflect"],"picked":"PiercingWail","floor":12.0},{"not_picked":["Skewer","Cloak And Dagger"],"picked":"After Image","floor":14.0},{"not_picked":["Phantasmal Killer","Doppelganger"],"picked":"Corpse Explosion","floor":16.0},{"not_picked":["Dagger Spray","Acrobatics","Outmaneuver"],"picked":"Singing Bowl","floor":17.0},{"not_picked":["Predator","Crippling Poison"],"picked":"Footwork","floor":18.0},{"not_picked":["Eviscerate","Riddle With Holes"],"picked":"Well Laid Plans","floor":19.0},{"not_picked":["Acrobatics","Infinite Blades"],"picked":"Footwork","floor":23.0},{"not_picked":["Slice","Riddle With Holes+1","Blade Dance"],"picked":"Singing Bowl","floor":25.0},{"not_picked":["Eviscerate","Flying Knee"],"picked":"Dodge and Roll+1","floor":27.0},{"not_picked":["Bullet Time","Heel Hook"],"picked":"Dash+1","floor":28.0},{"not_picked":["Bouncing Flask","Endless Agony","Cloak And Dagger"],"picked":"Singing Bowl","floor":29.0},{"not_picked":["Underhanded Strike+1","Outmaneuver+1"],"picked":"Catalyst","floor":31.0},{"not_picked":["Grand Finale","Wraith Form v2"],"picked":"After Image","floor":33.0},{"not_picked":["Concentrate","Acrobatics"],"picked":"PiercingWail","floor":35.0},{"not_picked":["Flechettes+1","PiercingWail","Cloak And Dagger+1"],"picked":"Singing Bowl","floor":36.0},{"not_picked":["Acrobatics","Deadly Poison"],"picked":"Catalyst","floor":40.0},{"not_picked":["Masterful Stab","PiercingWail"],"picked":"Backflip+1","floor":41.0},{"not_picked":["Escape Plan+1","Flying Knee+1","Deadly Poison"],"picked":"Singing Bowl","floor":42.0},{"not_picked":["Dodge and Roll","Deadly Poison","Grand Finale"],"picked":"Singing Bowl","floor":45.0},{"not_picked":["Bane+1","Dagger Spray+1"],"picked":"Blur","floor":46},{"not_picked":["Bandage Up","Mind Blast","Dark Shackles"],"picked":"Singing Bowl","floor":48},{"not_picked":["Bane","Sucker Punch","Catalyst"],"picked":"Singing Bowl","floor":49},{"not_picked":["Prepared","Tools of the Trade+1"],"picked":"PiercingWail+1","floor":54}],"player_experience":1868813,"relics_obtained":[{"floor":7.0,"key":"Peace Pipe"},{"floor":11.0,"key":"Dream Catcher"},{"floor":26.0,"key":"Sundial"},{"floor":40.0,"key":"Vajra"},{"floor":42.0,"key":"Frozen Egg 2"},{"floor":43.0,"key":"Art of War"},{"floor":54,"key":"Oddly Smooth Stone"}],"event_choices":[{"damage_healed":0.0,"max_hp_gain":0.0,"max_hp_loss":0.0,"gold_gain":0.0,"event_name":"Match and Keep!","player_choice":"0 cards matched","floor":2.0,"gold_loss":0.0,"damage_taken":0.0,"cards_obtained":[]},{"damage_healed":0.0,"max_hp_gain":0.0,"max_hp_loss":0.0,"gold_gain":50.0,"event_name":"Nest","player_choice":"Stole From Cult","floor":20.0,"gold_loss":0.0,"damage_taken":0.0},{"cards_removed":["Strike_G"],"damage_healed":0.0,"max_hp_gain":0.0,"max_hp_loss":0.0,"gold_gain":0.0,"event_name":"Purifier","player_choice":"Purged","floor":21.0,"gold_loss":0.0,"damage_taken":0.0},{"damage_healed":0.0,"max_hp_gain":0.0,"max_hp_loss":0.0,"gold_gain":0.0,"event_name":"The Mausoleum","player_choice":"Ignored","floor":30.0,"gold_loss":0.0,"damage_taken":0.0},{"damage_healed":0.0,"max_hp_gain":0.0,"max_hp_loss":0.0,"gold_gain":0.0,"event_name":"Accursed Blacksmith","player_choice":"Rummage","floor":38.0,"gold_loss":0.0,"damage_taken":0.0,"relics_obtained":["WarpedTongs"],"cards_obtained":["Pain"]},{"damage_healed":17,"gold_gain":0,"player_choice":"Writhe","damage_taken":0,"max_hp_gain":0,"max_hp_loss":0,"event_name":"Winding Halls","floor":47,"gold_loss":0,"cards_obtained":["Writhe"]},{"damage_healed":0,"gold_gain":0,"player_choice":"Memory 1","damage_taken":0,"max_hp_gain":0,"max_hp_loss":0,"event_name":"SensoryStone","floor":48,"gold_loss":0}],"is_beta":true,"boss_relics":[{"not_picked":["Orrery","Runic Dome"],"picked":"Tiny House"},{"not_picked":["Coffee Dripper","Ring of the Serpent"],"picked":"Sozu"}],"items_purged_floors":[13,39],"is_endless":false,"potions_floor_spawned":[4,5,7,8,14,16,18,29,31,33,40,42,45],"killed_by":"The Heart","ascension_level":15}