{"gold_per_floor":[111,111,122,134,145,156,81,110,110,110,140,140,140,140,140,218,218,233,249,249,249,249,249,4,4,30,62,62,81,92,107,107,184,184,194,212,212,153,171,171,0,0,27,62,75,87,133,149,149,149,149],"floor_reached":52,"playtime":3306,"items_purged":[],"score":1853,"play_id":"c2655aac-99ab-4b17-9735-08332fbb9056","local_time":"20190314011241","is_ascension_mode":true,"campfire_choices":[{"floor":10.0,"key":"REST"},{"floor":12.0,"key":"REST"},{"floor":15.0,"key":"REST"},{"floor":23.0,"key":"REST"},{"data":"Fission","floor":25.0,"key":"SMITH"},{"floor":32.0,"key":"REST"},{"floor":40.0,"key":"REST"},{"floor":49.0,"key":"REST"}],"neow_cost":"NONE","seed_source_timestamp":117447701005200,"circlet_count":0,"master_deck":["AscendersBane","Defend_B","Defend_B","Defend_B","Zap+1","Dualcast","Seek","Steam","Scrape","Cold Snap","FTL","Cold Snap","Go for the Eyes+1","Fission+1","Buffer+1","Echo Form+1","Chill+1","Ball Lightning","All For One","Gash","Conserve Battery","Buffer+1","Defragment+1","Buffer+1","All For One","Gash","Coolheaded+1","Gash"],"special_seed":0,"relics":["Cracked Core","Frozen Egg 2","Darkstone Periapt","Bag of Marbles","Bronze Scales","Astrolabe","Bag of Preparation","Ancient Tea Set","Singing Bowl","Busted Crown","Red Mask","Centennial Puzzle","Bottled Tornado","Prayer Wheel"],"potions_floor_usage":[],"damage_taken":[{"damage":4.0,"enemies":"Jaw Worm","floor":1.0,"turns":3.0},{"damage":0.0,"enemies":"Cultist","floor":3.0,"turns":3.0},{"damage":0.0,"enemies":"Small Slimes","floor":4.0,"turns":2.0},{"damage":19.0,"enemies":"Exordium Wildlife","floor":5.0,"turns":4.0},{"damage":0.0,"enemies":"Looter","floor":6.0,"turns":3.0},{"damage":32.0,"enemies":"Gremlin Nob","floor":8.0,"turns":4.0},{"damage":10.0,"enemies":"3 Sentries","floor":11.0,"turns":10.0},{"damage":38.0,"enemies":"Slime Boss","floor":16.0,"turns":12.0},{"damage":1.0,"enemies":"Spheric Guardian","floor":18.0,"turns":4.0},{"damage":16.0,"enemies":"2 Thieves","floor":19.0,"turns":3.0},{"damage":0.0,"enemies":"Snake Plant","floor":22.0,"turns":2.0},{"damage":28.0,"enemies":"Gremlin Leader","floor":27.0,"turns":7.0},{"damage":0.0,"enemies":"Snecko","floor":29.0,"turns":4.0},{"damage":0.0,"enemies":"Shelled Parasite and Fungi","floor":30.0,"turns":5.0},{"damage":0.0,"enemies":"Chosen and Byrds","floor":31.0,"turns":5.0},{"damage":27.0,"enemies":"Champ","floor":33.0,"turns":12.0},{"damage":8.0,"enemies":"3 Darklings","floor":35.0,"turns":6.0},{"damage":0.0,"enemies":"Orb Walker","floor":36.0,"turns":4.0},{"damage":20.0,"enemies":"Jaw Worm Horde","floor":39.0,"turns":4.0},{"damage":0.0,"enemies":"Reptomancer","floor":44.0,"turns":7.0},{"damage":0.0,"enemies":"Sphere and 2 Shapes","floor":45.0,"turns":3.0},{"damage":3.0,"enemies":"4 Shapes","floor":46.0,"turns":6.0},{"damage":7.0,"enemies":"2 Orb Walkers","floor":47.0,"turns":6.0},{"damage":6.0,"enemies":"Jaw Worm Horde","floor":48.0,"turns":5.0},{"damage":32.0,"enemies":"Awakened One","floor":50.0,"turns":11.0},{"damage":40,"enemies":"Time Eater","floor":51,"turns":17}],"seed_played":"8413026437867632506","potions_obtained":[{"floor":3.0,"key":"FairyPotion"},{"floor":6.0,"key":"SkillPotion"},{"floor":8.0,"key":"Energy Potion"},{"floor":21.0,"key":"SmokeBomb"},{"floor":21.0,"key":"SteroidPotion"},{"floor":29.0,"key":"Regen Potion"},{"floor":31.0,"key":"Fire Potion"},{"floor":35.0,"key":"Swift Potion"},{"floor":47.0,"key":"Fire Potion"}],"is_trial":false,"path_per_floor":["M","?","M","M","M","M","?","E","T","R","E","R","T","?","R","B",null,"M","M","?","?","M","R","$","R","T","E","?","M","M","M","R","B",null,"M","M","?","$","M","R","?","?","T","E","M","M","?","M","R","B","B",null],"character_chosen":"DEFECT","items_purchased":["Gash","Bag of Preparation","Conserve Battery","Gash"],"campfire_rested":7,"item_purchase_floors":[24,24,24,38],"current_hp_per_floor":[60,60,60,60,41,41,41,9,9,30,20,41,41,34,55,17,58,57,41,21,21,21,43,43,43,43,17,17,19,21,35,59,32,70,64,66,66,66,46,71,71,71,71,73,75,72,67,65,93,61,21],"gold":149,"neow_bonus":"ONE_RANDOM_RARE_CARD","is_prod":false,"is_daily":false,"chose_seed":false,"campfire_upgraded":1,"win_rate":0,"timestamp":1552540361,"path_taken":["M","?","M","M","?","M","?","E","T","R","E","R","?","?","R","BOSS","M","M","?","?","?","R","?","R","T","E","?","?","M","M","R","BOSS","M","M","?","?","M","R","?","?","T","E","?","M","?","M","R","BOSS","BOSS"],"build_version":"2019-01-23","purchased_purges":0,"victory":true,"max_hp_per_floor":[71,71,71,71,71,71,71,71,71,71,71,71,71,71,71,71,71,71,71,76,76,76,76,76,76,76,78,78,80,82,82,82,82,82,84,86,86,86,86,86,86,86,86,88,90,90,92,96,96,96,96],"card_choices":[{"not_picked":["Compile Driver","Sweeping Beam"],"picked":"Steam","floor":1.0},{"not_picked":["Consume","Redo"],"picked":"Scrape","floor":3.0},{"not_picked":["Rebound","Barrage"],"picked":"Cold Snap","floor":4.0},{"not_picked":["Capacitor","Sunder"],"picked":"FTL","floor":5.0},{"not_picked":["Steam","Loop"],"picked":"Cold Snap","floor":6.0},{"not_picked":["Leap","Capacitor"],"picked":"Go for the Eyes","floor":8.0},{"not_picked":["Stack","Coolheaded"],"picked":"Fission","floor":11.0},{"not_picked":["Hyperbeam","Multi-Cast"],"picked":"Buffer+1","floor":16.0},{"not_picked":["Streamline+1","Redo"],"picked":"Ball Lightning","floor":18.0},{"not_picked":["Rebound+1","Coolheaded"],"picked":"All For One","floor":19.0},{"not_picked":["Ball Lightning","Streamline","Hologram"],"picked":"Singing Bowl","floor":27.0},{"not_picked":["Hologram","Compile Driver","Barrage"],"picked":"Singing Bowl","floor":29.0},{"not_picked":["Rebound","Static Discharge+1","Melter"],"picked":"Singing Bowl","floor":30.0},{"not_picked":["Cold Snap","Ball Lightning"],"picked":"Buffer+1","floor":31.0},{"not_picked":["Meteor Strike","Amplify"],"picked":"All For One","floor":33.0},{"not_picked":["Beam Cell"],"picked":"Singing Bowl","floor":35.0},{"not_picked":["Rebound+1"],"picked":"Singing Bowl","floor":36.0},{"not_picked":[],"picked":"Coolheaded+1","floor":39.0},{"not_picked":["Steam"],"picked":"Singing Bowl","floor":44.0},{"not_picked":["Steam+1"],"picked":"Singing Bowl","floor":45.0},{"not_picked":[],"picked":"Gash","floor":46.0},{"not_picked":["Heatsinks+1"],"picked":"Singing Bowl","floor":47.0},{"not_picked":["Ball Lightning"],"picked":"Singing Bowl","floor":48.0},{"not_picked":["Beam Cell"],"picked":"Singing Bowl","floor":48.0}],"player_experience":1321658,"relics_obtained":[{"floor":8.0,"key":"Frozen Egg 2"},{"floor":9.0,"key":"Darkstone Periapt"},{"floor":11.0,"key":"Bag of Marbles"},{"floor":13.0,"key":"Bronze Scales"},{"floor":26.0,"key":"Ancient Tea Set"},{"floor":27.0,"key":"Singing Bowl"},{"floor":43.0,"key":"Centennial Puzzle"},{"floor":44.0,"key":"Bottled Tornado"},{"floor":47.0,"key":"Prayer Wheel"}],"event_choices":[{"damage_healed":0.0,"max_hp_gain":0.0,"max_hp_loss":0.0,"gold_gain":0.0,"event_name":"Upgrade Shrine","player_choice":"Upgraded","floor":2.0,"gold_loss":0.0,"damage_taken":0.0,"cards_upgraded":["Zap"]},{"cards_removed":["Strike_B"],"damage_healed":0.0,"max_hp_gain":0.0,"max_hp_loss":0.0,"gold_gain":0.0,"event_name":"The Cleric","player_choice":"Card Removal","floor":7.0,"gold_loss":75.0,"damage_taken":0.0},{"cards_removed":["Strike_B"],"damage_healed":0.0,"max_hp_gain":0.0,"max_hp_loss":0.0,"gold_gain":0.0,"event_name":"Golden Wing","player_choice":"Card Removal","floor":14.0,"gold_loss":0.0,"damage_taken":7.0},{"damage_healed":0.0,"max_hp_gain":5.0,"max_hp_loss":0.0,"gold_gain":0.0,"event_name":"Forgotten Altar","player_choice":"Shed Blood","floor":20.0,"gold_loss":0.0,"damage_taken":25.0},{"damage_healed":0.0,"max_hp_gain":0.0,"max_hp_loss":0.0,"gold_gain":0.0,"event_name":"Lab","player_choice":"Got Potions","floor":21.0,"gold_loss":0.0,"damage_taken":0.0},{"damage_healed":0.0,"max_hp_gain":0.0,"max_hp_loss":0.0,"gold_gain":0.0,"event_name":"Match and Keep!","player_choice":"2 cards matched","floor":28.0,"gold_loss":0.0,"damage_taken":0.0,"cards_obtained":["Buffer","Defragment"]},{"cards_removed":["Streamline"],"damage_healed":0.0,"max_hp_gain":0.0,"max_hp_loss":0.0,"gold_gain":0.0,"event_name":"Wheel of Change","player_choice":"Card Removal","floor":37.0,"gold_loss":0.0,"damage_taken":0.0},{"damage_healed":0.0,"max_hp_gain":0.0,"max_hp_loss":0.0,"gold_gain":0.0,"event_name":"Tomb of Lord Red Mask","player_choice":"Paid","floor":41.0,"gold_loss":171.0,"damage_taken":0.0,"relics_obtained":["Red Mask"]},{"damage_healed":0.0,"max_hp_gain":0.0,"max_hp_loss":0.0,"gold_gain":0.0,"event_name":"Accursed Blacksmith","player_choice":"Forge","floor":42.0,"gold_loss":0.0,"damage_taken":0.0,"cards_upgraded":["Go for the Eyes"]},{"damage_healed":0.0,"max_hp_gain":0.0,"max_hp_loss":0.0,"gold_gain":0.0,"event_name":"Mysterious Sphere","player_choice":"Fight","floor":47.0,"gold_loss":0.0,"damage_taken":0.0}],"is_beta":false,"boss_relics":[{"not_picked":["Tiny House","Sozu"],"picked":"Astrolabe"},{"not_picked":["Runic Pyramid","White Beast Statue"],"picked":"Busted Crown"}],"items_purged_floors":[],"is_endless":false,"potions_floor_spawned":[3,6,8,22,29,31,35,36,47],"ascension_level":20}