{"gold_per_floor":[143,143,168,188,208,208,225,11,65,77,102,122,122,157,157,234,234,254,279,329,131,144,179,193,225,225,225,236,256,256,269,269,340,340,351,351,367,347,363,397,397,428,452,469,520,520,742,767,767,767,767,767,508,534,534],"floor_reached":56,"playtime":2859,"items_purged":["Strike_G","Dagger Spray"],"score":2359,"play_id":"645ab9a6-1348-4a52-8d97-c1df55188b5b","local_time":"20190109200715","is_ascension_mode":true,"campfire_choices":[{"data":"Neutralize","floor":6.0,"key":"SMITH"},{"data":"A Thousand Cuts","floor":13.0,"key":"SMITH"},{"data":"Footwork","floor":15.0,"key":"SMITH"},{"data":"Skewer","floor":27,"key":"SMITH"},{"data":"Crippling Poison","floor":30,"key":"SMITH"},{"data":"Footwork","floor":32,"key":"SMITH"},{"floor":41,"key":"RECALL"},{"data":"Malaise","floor":49,"key":"SMITH"},{"data":"Deadly Poison","floor":52,"key":"SMITH"}],"neow_cost":"NONE","seed_source_timestamp":36969866816720,"circlet_count":0,"master_deck":["AscendersBane","Defend_G","Defend_G","Defend_G","Defend_G","Defend_G","Survivor","Neutralize+1","Footwork+1","Predator","A Thousand Cuts+1","Backflip","Backstab","Deadly Poison+1","Skewer+1","Dodge and Roll","Footwork+1","Bullet Time","Backflip","Crippling Poison+1","Blur","Malaise+1","Leg Sweep+1","Eviscerate+1","Tools of the Trade+1","Leg Sweep","Backflip+1","Dash"],"special_seed":0,"relics":["Ring of the Snake","Tiny Chest","Matryoshka","Bag of Preparation","Vajra","Membership Card","Ancient Tea Set","PreservedInsect","Anchor","Bag of Marbles","Snecko Eye","Red Mask","Singing Bowl","Frozen Egg 2","Bronze Scales","Turnip","Astrolabe","Mercury Hourglass","Centennial Puzzle","StoneCalendar","Pen Nib","OrangePellets","Lantern","Boot"],"potions_floor_usage":[23,25,42,55,55],"damage_taken":[{"damage":5.0,"enemies":"Cultist","floor":1.0,"turns":6.0},{"damage":0.0,"enemies":"Jaw Worm","floor":4.0,"turns":4.0},{"damage":0.0,"enemies":"Small Slimes","floor":5.0,"turns":3.0},{"damage":0.0,"enemies":"Gremlin Gang","floor":7.0,"turns":3.0},{"damage":8.0,"enemies":"Blue Slaver","floor":10.0,"turns":5.0},{"damage":1.0,"enemies":"Lagavulin","floor":11.0,"turns":7.0},{"damage":4.0,"enemies":"Looter","floor":12.0,"turns":3.0},{"damage":0.0,"enemies":"3 Sentries","floor":14.0,"turns":2.0},{"damage":13.0,"enemies":"Hexaghost","floor":16.0,"turns":9.0},{"damage":0.0,"enemies":"Shell Parasite","floor":18.0,"turns":4.0},{"damage":1.0,"enemies":"Masked Bandits","floor":19.0,"turns":3.0},{"damage":3.0,"enemies":"2 Thieves","floor":22.0,"turns":3.0},{"damage":2,"enemies":"Gremlin Leader","floor":23,"turns":6},{"damage":0,"enemies":"Snake Plant","floor":24,"turns":3},{"damage":0,"enemies":"Book of Stabbing","floor":25,"turns":3},{"damage":0,"enemies":"Snecko","floor":28,"turns":3},{"damage":0,"enemies":"Sentry and Sphere","floor":29,"turns":3},{"damage":0,"enemies":"Centurion and Healer","floor":31,"turns":3},{"damage":0,"enemies":"Automaton","floor":33,"turns":8},{"damage":0,"enemies":"Orb Walker","floor":35,"turns":2},{"damage":8,"enemies":"3 Darklings","floor":37,"turns":4},{"damage":0,"enemies":"Maw","floor":39,"turns":8},{"damage":0,"enemies":"Giant Head","floor":40,"turns":6},{"damage":5,"enemies":"Nemesis","floor":42,"turns":9},{"damage":6,"enemies":"Transient","floor":44,"turns":5},{"damage":3,"enemies":"2 Orb Walkers","floor":45,"turns":4},{"damage":12,"enemies":"Giant Head","floor":48,"turns":7},{"damage":0,"enemies":"Donu and Deca","floor":50,"turns":9},{"damage":0,"enemies":"Shield and Spear","floor":54,"turns":5},{"damage":19,"enemies":"The Heart","floor":55,"turns":11}],"seed_played":"6026731732248292370","potions_obtained":[{"floor":1.0,"key":"SkillPotion"},{"floor":4.0,"key":"AttackPotion"},{"floor":7.0,"key":"SpeedPotion"},{"floor":12.0,"key":"GamblersBrew"},{"floor":19.0,"key":"FearPotion"},{"floor":23,"key":"SteroidPotion"},{"floor":25,"key":"Energy Potion"},{"floor":37,"key":"Regen Potion"},{"floor":38,"key":"PowerPotion"},{"floor":42,"key":"SpeedPotion"}],"is_trial":false,"path_per_floor":["M","T","T","M","M","R","M","$","T","M","E","M","R","E","R","B",null,"M","?","?","$","M","E","M","E","T","R","M","M","R","M","R","B",null,"M","?","M","?","M","E","R","E","T","M","?","?","?","E","R","B",null,"R","$","E","B",null],"character_chosen":"THE_SILENT","items_purchased":["Membership Card","Dagger Spray","Singing Bowl","Footwork","OrangePellets","Lantern","Dash"],"campfire_rested":0,"item_purchase_floors":[8,8,21,21,53,53,53],"current_hp_per_floor":[54,54,54,54,54,54,54,54,54,46,45,41,41,41,41,28,57,57,56,50,50,49,47,47,47,47,47,47,49,49,51,51,51,67,69,69,61,61,63,63,63,75,75,71,70,66,66,56,56,56,82,82,82,84,65],"gold":534,"neow_bonus":"RANDOM_COMMON_RELIC","is_prod":false,"is_daily":false,"chose_seed":false,"campfire_upgraded":8,"win_rate":0,"timestamp":1547082435,"path_taken":["M","?","?","M","M","R","M","$","T","M","E","M","R","E","R","BOSS","M","?","?","$","?","E","M","E","T","R","M","M","R","M","R","BOSS","M","?","M","?","?","E","R","E","T","M","?","?","?","E","R","BOSS","R","$","E","BOSS"],"build_version":"2019-01-08","purchased_purges":2,"victory":true,"max_hp_per_floor":[66,66,66,66,66,66,66,66,66,66,66,66,66,66,66,66,66,66,66,66,66,68,68,68,68,68,68,68,70,70,72,72,72,72,74,74,74,74,76,76,76,78,78,80,82,88,88,90,90,90,90,90,90,92,92],"card_choices":[{"not_picked":["Choke","Bane"],"picked":"Footwork","floor":1.0},{"not_picked":["Quick Slash","Underhanded Strike"],"picked":"Predator","floor":4.0},{"not_picked":["Flechettes","Flying Knee","Deflect"],"picked":"SKIP","floor":5.0},{"not_picked":["Dagger Throw","Underhanded Strike"],"picked":"A Thousand Cuts","floor":7.0},{"not_picked":["Riddle With Holes","Choke"],"picked":"Backflip","floor":10.0},{"not_picked":["Cloak And Dagger","Poisoned Stab"],"picked":"Backstab","floor":11.0},{"not_picked":["Backflip","Blade Dance"],"picked":"Deadly Poison","floor":12.0},{"not_picked":["Storm of Steel","Heel Hook","Setup"],"picked":"SKIP","floor":14.0},{"not_picked":["Deadly Poison","Catalyst"],"picked":"Skewer","floor":18.0},{"not_picked":["Deadly Poison","Poisoned Stab"],"picked":"Dodge and Roll","floor":19.0},{"not_picked":["Flechettes+1","Outmaneuver","Cloak And Dagger"],"picked":"Singing Bowl","floor":22.0},{"not_picked":["Outmaneuver","Glass Knife"],"picked":"Bullet Time","floor":23},{"not_picked":["Underhanded Strike+1","Backstab"],"picked":"Backflip","floor":24},{"not_picked":["PiercingWail","All Out Attack"],"picked":"Crippling Poison","floor":25},{"not_picked":["Calculated Gamble","Underhanded Strike"],"picked":"Blur","floor":28},{"not_picked":["Storm of Steel","Setup","Blade Dance"],"picked":"Singing Bowl","floor":29},{"not_picked":["Underhanded Strike","Bane+1","Dagger Spray"],"picked":"Singing Bowl","floor":31},{"not_picked":["Grand Finale","Unload"],"picked":"Malaise","floor":33},{"not_picked":["Deadly Poison","Dodge and Roll","Accuracy+1"],"picked":"Singing Bowl","floor":35},{"not_picked":["Expertise","Riddle With Holes"],"picked":"Leg Sweep","floor":37},{"not_picked":["Cloak And Dagger","Backflip","Quick Slash"],"picked":"Singing Bowl","floor":39},{"not_picked":["Skewer","Prepared"],"picked":"Backflip+1","floor":40},{"not_picked":["Dagger Spray","Unload","Choke"],"picked":"Singing Bowl","floor":42},{"not_picked":["Prepared","Terror","Deadly Poison"],"picked":"Singing Bowl","floor":44},{"not_picked":["Masterful Stab","Backflip","Dagger Throw"],"picked":"Singing Bowl","floor":45},{"not_picked":["Bandage Up","Impatience","Madness"],"picked":"Singing Bowl","floor":46},{"not_picked":["Swift Strike","Panacea","Bandage Up"],"picked":"Singing Bowl","floor":46},{"not_picked":["Madness","Trip","Master of Strategy"],"picked":"Singing Bowl","floor":46},{"not_picked":["Underhanded Strike","Escape Plan","Backstab+1"],"picked":"Singing Bowl","floor":48},{"not_picked":["Outmaneuver","Distraction","Expertise"],"picked":"Singing Bowl","floor":54}],"player_experience":1820400,"relics_obtained":[{"floor":2.0,"key":"Matryoshka"},{"floor":3.0,"key":"Bag of Preparation"},{"floor":3.0,"key":"Vajra"},{"floor":9.0,"key":"Ancient Tea Set"},{"floor":9.0,"key":"PreservedInsect"},{"floor":11.0,"key":"Anchor"},{"floor":14.0,"key":"Bag of Marbles"},{"floor":19.0,"key":"Red Mask"},{"floor":23,"key":"Frozen Egg 2"},{"floor":25,"key":"Bronze Scales"},{"floor":26,"key":"Turnip"},{"floor":40,"key":"Mercury Hourglass"},{"floor":42,"key":"Centennial Puzzle"},{"floor":45,"key":"StoneCalendar"},{"floor":48,"key":"Pen Nib"},{"floor":54,"key":"Boot"}],"event_choices":[{"damage_healed":0.0,"max_hp_gain":0.0,"max_hp_loss":0.0,"gold_gain":0.0,"event_name":"Masked Bandits","player_choice":"Fought Bandits","floor":19.0,"gold_loss":0.0,"damage_taken":0.0},{"damage_healed":0.0,"max_hp_gain":0.0,"max_hp_loss":0.0,"gold_gain":50.0,"event_name":"FaceTrader","player_choice":"Touch","floor":20.0,"gold_loss":0.0,"damage_taken":6.0},{"cards_removed":["Strike_G"],"damage_healed":0,"gold_gain":0,"player_choice":"Removed Attack","damage_taken":0,"max_hp_gain":0,"max_hp_loss":0,"event_name":"Falling","floor":36,"gold_loss":0},{"damage_healed":0,"gold_gain":0,"player_choice":"Bought 1 Potion","damage_taken":0,"max_hp_gain":0,"max_hp_loss":0,"event_name":"The Woman in Blue","floor":38,"gold_loss":0},{"damage_healed":0,"gold_gain":0,"player_choice":"Fight","damage_taken":0,"max_hp_gain":0,"max_hp_loss":0,"event_name":"Mysterious Sphere","floor":45,"gold_loss":0},{"damage_healed":0,"gold_gain":0,"player_choice":"Memory 3","damage_taken":10,"max_hp_gain":0,"max_hp_loss":0,"event_name":"SensoryStone","floor":46,"gold_loss":0},{"damage_healed":0,"gold_gain":222,"player_choice":"Wore Mask","damage_taken":0,"max_hp_gain":0,"max_hp_loss":0,"event_name":"Tomb of Lord Red Mask","floor":47,"gold_loss":0}],"is_beta":true,"boss_relics":[{"not_picked":["Empty Cage","Fusion Hammer"],"picked":"Snecko Eye"},{"not_picked":["Calling Bell","Tiny House"],"picked":"Astrolabe"}],"items_purged_floors":[21,53],"is_endless":false,"potions_floor_spawned":[1,4,7,12,19,23,24,25,29,37,40,42],"ascension_level":15}