{"gold_per_floor":[116,41,41,51,5,37,37,69,69,69,89,89,124,18,18,92,92,112,0,0,17,0,0,57,107,107,107],"floor_reached":27,"playtime":754,"items_purged":[],"score":429,"play_id":"97cd2e2c-cb89-48cd-9b1a-7b1cd4287195","local_time":"20190127153903","is_ascension_mode":true,"campfire_choices":[{"data":"Hologram","floor":10,"key":"SMITH"},{"data":"Streamline","floor":12,"key":"SMITH"},{"floor":15,"key":"REST"},{"data":"Defragment","floor":23,"key":"SMITH"}],"neow_cost":"NONE","seed_source_timestamp":1578383743591592,"circlet_count":0,"master_deck":["AscendersBane","Strike_B","Strike_B","Defend_B","Defend_B","Defend_B","Zap","Dualcast","Gash","Cold Snap","Sweeping Beam","Hologram+1","Streamline+1","Undo","Genetic Algorithm","Defragment+1","Biased Cognition","Compile Driver","Defragment","Reinforced Body","Ghostly","Ghostly","Ghostly","Coolheaded","Defragment+1"],"relics":["Cracked Core","Regal Pillow","Pen Nib","Pear","Question Card","Black Star","Tiny Chest","Calipers","Frozen Egg 2"],"potions_floor_usage":[6,18,24],"damage_taken":[{"damage":0,"enemies":"Cultist","floor":1,"turns":3},{"damage":7,"enemies":"Jaw Worm","floor":4,"turns":3},{"damage":19,"enemies":"3 Sentries","floor":6,"turns":6},{"damage":29,"enemies":"Gremlin Nob","floor":8,"turns":4},{"damage":4,"enemies":"2 Louse","floor":11,"turns":2},{"damage":14,"enemies":"Lagavulin","floor":13,"turns":7},{"damage":3,"enemies":"The Guardian","floor":16,"turns":12},{"damage":23,"enemies":"3 Byrds","floor":18,"turns":4},{"damage":2,"enemies":"Chosen","floor":21,"turns":6},{"damage":32,"enemies":"Slavers","floor":24,"turns":11},{"damage":6,"enemies":"Book of Stabbing","floor":27,"turns":1}],"seed_played":"2037470657388376942","potions_obtained":[{"floor":4,"key":"Regen Potion"},{"floor":13,"key":"LiquidBronze"},{"floor":16,"key":"EssenceOfSteel"}],"is_trial":false,"path_per_floor":["M","?","?","M","$","E","?","E","T","R","M","R","E","$","R","B",null,"M","$","?","M","?","R","E","?","T","E"],"character_chosen":"DEFECT","items_purchased":["Sweeping Beam","Genetic Algorithm","Defragment","Defragment","Reinforced Body"],"campfire_rested":1,"item_purchase_floors":[5,14,14,19,19],"current_hp_per_floor":[64,64,57,50,50,46,46,17,27,27,23,23,9,9,48,45,72,49,49,40,38,38,38,6,6,6,0],"gold":107,"neow_bonus":"REMOVE_CARD","is_prod":false,"is_daily":false,"chose_seed":false,"campfire_upgraded":3,"win_rate":0,"timestamp":1548621543,"path_taken":["M","?","?","M","$","E","?","E","T","R","?","R","E","?","R","BOSS","M","$","?","M","?","R","E","?","T","E"],"build_version":"2019-01-23","purchased_purges":0,"victory":false,"max_hp_per_floor":[71,71,71,71,71,71,71,71,81,81,81,81,81,81,81,81,81,81,81,40,40,40,40,40,40,40,40],"card_choices":[{"not_picked":["Steam","Stack"],"picked":"Gash","floor":1},{"not_picked":["Sweeping Beam","Compile Driver"],"picked":"Cold Snap","floor":4},{"not_picked":["Reboot","Blizzard","Beam Cell"],"picked":"SKIP","floor":6},{"not_picked":["Beam Cell","Cold Snap"],"picked":"Hologram","floor":8},{"not_picked":["Steam Power","Go for the Eyes"],"picked":"Streamline","floor":11},{"not_picked":["Doom and Gloom","Barrage"],"picked":"Undo","floor":13},{"not_picked":["Buffer","Electrodynamics","Thunder Strike"],"picked":"Biased Cognition","floor":16},{"not_picked":["Redo","Chaos","Turbo"],"picked":"Compile Driver","floor":18},{"not_picked":["Force Field","Redo","Turbo"],"picked":"Coolheaded","floor":21},{"not_picked":["Hologram","Reboot","Barrage"],"picked":"Defragment+1","floor":24}],"player_experience":1894234,"relics_obtained":[{"floor":6,"key":"Regal Pillow"},{"floor":8,"key":"Pen Nib"},{"floor":9,"key":"Pear"},{"floor":13,"key":"Question Card"},{"floor":24,"key":"Tiny Chest"},{"floor":24,"key":"Calipers"},{"floor":26,"key":"Frozen Egg 2"}],"event_choices":[{"cards_removed":["Strike_B"],"damage_healed":0,"gold_gain":0,"player_choice":"Card Removal","damage_taken":0,"max_hp_gain":0,"max_hp_loss":0,"event_name":"The Cleric","floor":2,"gold_loss":75},{"cards_removed":["Defend_B"],"damage_healed":0,"gold_gain":0,"player_choice":"Card Removal","damage_taken":7,"max_hp_gain":0,"max_hp_loss":0,"event_name":"Golden Wing","floor":3,"gold_loss":0},{"damage_healed":0,"gold_gain":0,"player_choice":"Ignored","damage_taken":0,"max_hp_gain":0,"max_hp_loss":0,"event_name":"Liars Game","floor":7,"gold_loss":0},{"damage_healed":0,"gold_gain":0,"player_choice":"Became a Ghost","damage_taken":0,"max_hp_gain":0,"max_hp_loss":41,"event_name":"Ghosts","floor":20,"gold_loss":0,"cards_obtained":["Ghostly","Ghostly","Ghostly"]},{"damage_healed":0,"gold_gain":0,"player_choice":"Paid Fearfully","damage_taken":0,"max_hp_gain":0,"max_hp_loss":0,"event_name":"Masked Bandits","floor":22,"gold_loss":17},{"damage_healed":0,"gold_gain":50,"player_choice":"Stole From Cult","damage_taken":0,"max_hp_gain":0,"max_hp_loss":0,"event_name":"Nest","floor":25,"gold_loss":0}],"is_beta":true,"boss_relics":[{"not_picked":["Lizard Tail","Eternal Feather"],"picked":"Black Star"}],"items_purged_floors":[],"is_endless":false,"potions_floor_spawned":[4,13,16],"killed_by":"Book of Stabbing","ascension_level":15}