{"gold_per_floor":[116,133,133,144,156,186,186,201,228,228,228,258,258,277,277,356,356,368,383,398,448,458,458,474,474,474,474,491,516,534,534,534,610,610,627,727,727,739,755,755,781,781,781,806,806,819,479,494,494,494,494,494,23,50,50],"floor_reached":55,"playtime":3159,"items_purged":["Injury"],"score":1321,"play_id":"cf97f7a8-c65f-4841-b917-93ae3a32c906","local_time":"20190310213049","is_ascension_mode":true,"campfire_choices":[{"data":"Quick Slash","floor":7.0,"key":"SMITH"},{"data":"Neutralize","floor":11.0,"key":"SMITH"},{"data":"Footwork","floor":15.0,"key":"SMITH"},{"data":"Skewer","floor":23.0,"key":"SMITH"},{"data":"Malaise","floor":25.0,"key":"SMITH"},{"data":"After Image","floor":27.0,"key":"SMITH"},{"data":"Predator","floor":32,"key":"SMITH"},{"floor":40,"key":"RECALL"},{"data":"After Image","floor":42,"key":"SMITH"},{"data":"Leg Sweep","floor":49,"key":"SMITH"},{"data":"Dodge and Roll","floor":52,"key":"SMITH"}],"neow_cost":"NONE","seed_source_timestamp":1838945172273774,"circlet_count":0,"master_deck":["AscendersBane","Defend_G","Defend_G","Defend_G","Defend_G","Defend_G","Strike_G","Strike_G","Strike_G","Strike_G","Strike_G","Survivor","Neutralize+1","PiercingWail","Terror","Leg Sweep+1","Quick Slash+1","Backflip","Malaise+1","Footwork+1","After Image+1","Quick Slash","Footwork+1","Skewer+1","Clumsy","Dagger Spray","Predator+1","Backflip","After Image+1","Backflip","Acrobatics","Backflip","Dodge and Roll+1","PiercingWail","Backflip+1","Infinite Blades+1","Dodge and Roll+1"],"special_seed":0,"relics":["Coffee Dripper","The Courier","Pen Nib","Cursed Key","Matryoshka","Ancient Tea Set","White Beast Statue","The Specimen","PreservedInsect","Gremlin Horn","Happy Flower","ClockworkSouvenir","Art of War","Pantograph","Bag of Marbles","Bronze Scales","Centennial Puzzle"],"potions_floor_usage":[29,38,39,41,48,50,54,55,55],"damage_taken":[{"damage":0.0,"enemies":"2 Louse","floor":1.0,"turns":3.0},{"damage":1.0,"enemies":"Small Slimes","floor":2.0,"turns":5.0},{"damage":0.0,"enemies":"Cultist","floor":4.0,"turns":4.0},{"damage":0.0,"enemies":"Blue Slaver","floor":5.0,"turns":4.0},{"damage":35.0,"enemies":"Gremlin Nob","floor":6.0,"turns":6.0},{"damage":6.0,"enemies":"Exordium Thugs","floor":8.0,"turns":6.0},{"damage":3.0,"enemies":"Looter","floor":14.0,"turns":3.0},{"damage":34.0,"enemies":"Slime Boss","floor":16.0,"turns":13.0},{"damage":0.0,"enemies":"Shell Parasite","floor":18.0,"turns":6.0},{"damage":7.0,"enemies":"Spheric Guardian","floor":19.0,"turns":5.0},{"damage":0.0,"enemies":"Shelled Parasite and Fungi","floor":20.0,"turns":7.0},{"damage":0.0,"enemies":"Centurion and Healer","floor":22.0,"turns":8.0},{"damage":13.0,"enemies":"Sentry and Sphere","floor":24.0,"turns":6.0},{"damage":8.0,"enemies":"Snake Plant","floor":28.0,"turns":6.0},{"damage":18,"enemies":"Gremlin Leader","floor":29,"turns":8},{"damage":0,"enemies":"3 Cultists","floor":30,"turns":6},{"damage":13,"enemies":"Automaton","floor":33,"turns":12},{"damage":11,"enemies":"Orb Walker","floor":35,"turns":5},{"damage":0,"enemies":"Mind Bloom Boss Battle","floor":36,"turns":9},{"damage":0,"enemies":"3 Darklings","floor":38,"turns":7},{"damage":20,"enemies":"Sphere and 2 Shapes","floor":39,"turns":7},{"damage":19,"enemies":"Giant Head","floor":41,"turns":14},{"damage":0,"enemies":"Reptomancer","floor":44,"turns":6},{"damage":1,"enemies":"Spire Growth","floor":46,"turns":7},{"damage":12,"enemies":"4 Shapes","floor":48,"turns":9},{"damage":17,"enemies":"Awakened One","floor":50,"turns":28},{"damage":17,"enemies":"Shield and Spear","floor":54,"turns":10},{"damage":63,"enemies":"The Heart","floor":55,"turns":12}],"seed_played":"5024162107304636501","potions_obtained":[{"floor":4.0,"key":"LiquidBronze"},{"floor":8.0,"key":"Swift Potion"},{"floor":14.0,"key":"Swift Potion"},{"floor":20.0,"key":"Regen Potion"},{"floor":22.0,"key":"Regen Potion"},{"floor":28.0,"key":"SteroidPotion"},{"floor":33,"key":"SpeedPotion"},{"floor":35,"key":"Weak Potion"},{"floor":36,"key":"GhostInAJar"},{"floor":38,"key":"PowerPotion"},{"floor":39,"key":"SkillPotion"},{"floor":41,"key":"Energy Potion"},{"floor":44,"key":"EssenceOfSteel"},{"floor":46,"key":"SteroidPotion"},{"floor":48,"key":"Regen Potion"},{"floor":54,"key":"Energy Potion"}],"is_trial":false,"path_per_floor":["M","M","?","M","M","E","R","M","T","?","R","?","?","M","R","B",null,"M","M","M","?","M","R","M","R","T","R","M","E","M","?","R","B",null,"M","?","?","M","M","R","E","R","T","E","?","M","$","M","R","B",null,"R","$","E","B"],"character_chosen":"THE_SILENT","items_purchased":["ClockworkSouvenir","Art of War","Pantograph","Bag of Marbles","Bronze Scales","SpeedPotion"],"campfire_rested":0,"item_purchase_floors":[47,47,53,53,53,53],"current_hp_per_floor":[59,58,58,58,58,23,23,17,17,39,39,39,39,36,36,2,50,50,43,43,43,58,58,57,57,57,57,49,31,31,31,31,18,54,43,43,66,66,46,46,27,27,27,27,27,26,26,14,14,12,53,53,53,36,0],"gold":50,"neow_bonus":"BOSS_RELIC","is_prod":false,"is_daily":false,"chose_seed":false,"campfire_upgraded":10,"win_rate":0,"timestamp":1552267849,"path_taken":["M","M","?","M","M","E","R","M","T","?","R","?","?","M","R","BOSS","M","?","M","?","?","R","M","R","T","R","M","E","M","?","R","BOSS","M","?","?","?","M","R","E","R","T","E","?","M","$","M","R","BOSS","R","$","E","BOSS"],"build_version":"2019-02-06","purchased_purges":1,"victory":false,"max_hp_per_floor":[66,66,66,66,66,66,66,66,66,66,66,66,66,66,66,66,66,66,66,66,66,66,66,66,66,66,66,66,66,66,66,66,66,66,66,66,66,66,66,66,66,66,66,66,66,66,66,66,66,66,66,66,66,66,66],"card_choices":[{"not_picked":["Flying Knee","Deadly Poison"],"picked":"PiercingWail","floor":1.0},{"not_picked":["Escape Plan","Caltrops"],"picked":"Terror","floor":2.0},{"not_picked":["Flying Knee","Escape Plan","Dodge and Roll"],"picked":"SKIP","floor":4.0},{"not_picked":["Cloak And Dagger","Dagger Throw"],"picked":"Leg Sweep","floor":5.0},{"not_picked":["Blade Dance","All Out Attack"],"picked":"Quick Slash","floor":6.0},{"not_picked":["Deadly Poison","Quick Slash"],"picked":"Backflip","floor":8.0},{"not_picked":["Deadly Poison","Grand Finale"],"picked":"Footwork","floor":14.0},{"not_picked":["Die Die Die","Envenom"],"picked":"After Image","floor":16.0},{"not_picked":["Bane","Outmaneuver+1"],"picked":"Quick Slash","floor":18.0},{"not_picked":["Choke","Deflect"],"picked":"Dagger Throw","floor":19.0},{"not_picked":["Blade Dance+1","Endless Agony"],"picked":"Footwork+1","floor":20.0},{"not_picked":["Storm of Steel","Bane"],"picked":"Skewer","floor":22.0},{"not_picked":["Sucker Punch","Underhanded Strike+1","Blade Dance"],"picked":"SKIP","floor":24.0},{"not_picked":["Sucker Punch","Underhanded Strike+1","Blade Dance"],"picked":"SKIP","floor":24.0},{"not_picked":["Blade Dance","Bane"],"picked":"Dagger Spray","floor":28.0},{"not_picked":["Blade Dance","Calculated Gamble"],"picked":"Predator","floor":29},{"not_picked":["Sucker Punch","Cloak And Dagger"],"picked":"Backflip","floor":30},{"not_picked":["Envenom","Wraith Form v2"],"picked":"After Image","floor":33},{"not_picked":["PiercingWail","Dagger Spray"],"picked":"Backflip","floor":35},{"not_picked":["Prepared+1","Calculated Gamble+1"],"picked":"Acrobatics","floor":36},{"not_picked":["Backstab+1","Bane"],"picked":"Backflip","floor":38},{"not_picked":["Prepared+1","Predator"],"picked":"Dodge and Roll","floor":39},{"not_picked":["Dagger Spray","Die Die Die"],"picked":"PiercingWail","floor":41},{"not_picked":["Heel Hook+1","Blade Dance"],"picked":"Backflip+1","floor":44},{"not_picked":["Poisoned Stab","Cloak And Dagger+1"],"picked":"Infinite Blades+1","floor":46},{"not_picked":["Masterful Stab+1","Catalyst+1","Terror"],"picked":"SKIP","floor":48},{"not_picked":["Sucker Punch","Slice"],"picked":"Dodge and Roll+1","floor":54}],"player_experience":2143553,"relics_obtained":[{"floor":6.0,"key":"The Courier"},{"floor":9.0,"key":"Pen Nib"},{"floor":26.0,"key":"Matryoshka"},{"floor":29,"key":"Ancient Tea Set"},{"floor":36,"key":"The Specimen"},{"floor":41,"key":"PreservedInsect"},{"floor":43,"key":"Gremlin Horn"},{"floor":44,"key":"Happy Flower"},{"floor":54,"key":"Centennial Puzzle"}],"event_choices":[{"damage_healed":0.0,"max_hp_gain":0.0,"max_hp_loss":0.0,"gold_gain":0.0,"event_name":"Golden Wing","player_choice":"Ignored","floor":3.0,"gold_loss":0.0,"damage_taken":0.0},{"damage_healed":22.0,"max_hp_gain":0.0,"max_hp_loss":0.0,"gold_gain":0.0,"event_name":"Big Fish","player_choice":"Banana","floor":10.0,"gold_loss":0.0,"damage_taken":0.0},{"damage_healed":0.0,"max_hp_gain":0.0,"max_hp_loss":0.0,"gold_gain":30.0,"event_name":"Dead Adventurer","player_choice":"Searched \u00272\u0027 times","floor":12.0,"gold_loss":0.0,"damage_taken":0.0},{"damage_healed":0.0,"max_hp_gain":0.0,"max_hp_loss":0.0,"gold_gain":0.0,"event_name":"Match and Keep!","player_choice":"1 cards matched","floor":13.0,"gold_loss":0.0,"damage_taken":0.0,"cards_obtained":["Malaise"]},{"damage_healed":0.0,"max_hp_gain":0.0,"max_hp_loss":0.0,"gold_gain":50.0,"event_name":"Golden Shrine","player_choice":"Pray","floor":21.0,"gold_loss":0.0,"damage_taken":0.0},{"damage_healed":0,"gold_gain":0,"player_choice":"Ignored","damage_taken":0,"max_hp_gain":0,"max_hp_loss":0,"event_name":"Ghosts","floor":31,"gold_loss":0},{"damage_healed":0,"gold_gain":0,"player_choice":"Fight","damage_taken":0,"max_hp_gain":0,"max_hp_loss":0,"event_name":"MindBloom","floor":36,"gold_loss":0},{"damage_healed":23,"gold_gain":0,"player_choice":"Full Heal","damage_taken":0,"max_hp_gain":0,"max_hp_loss":0,"event_name":"Wheel of Change","floor":37,"gold_loss":0},{"cards_removed":["Dagger Throw"],"damage_healed":0,"gold_gain":0,"player_choice":"Removed Attack","damage_taken":0,"max_hp_gain":0,"max_hp_loss":0,"event_name":"Falling","floor":45,"gold_loss":0}],"is_beta":true,"boss_relics":[{"not_picked":["Sozu","Calling Bell"],"picked":"Cursed Key"},{"not_picked":["Philosopher\u0027s Stone","Runic Pyramid"],"picked":"White Beast Statue"}],"items_purged_floors":[47],"is_endless":false,"potions_floor_spawned":[4,8,14,20,22,28,33,35,36,38,39,41,44,46,48,54],"killed_by":"The Heart","ascension_level":15}