{"gold_per_floor":[115,115,126,27,27,43,71,71,151,151,209,0,20,40,40,140,140,153,153,166,193,203,203,214,229,252,266,266,278,295,38,38,143,143,157,0,100,110,122,122,132,147,200,200,200,214,214,232,232,232],"floor_reached":50,"playtime":3573,"items_purged":["Doubt"],"score":500,"play_id":"2e46a3cc-df02-4cb4-811e-1fa7b3555b4a","local_time":"20190314183434","is_ascension_mode":false,"campfire_choices":[{"data":"Electrodynamics","floor":8,"key":"SMITH"},{"data":"Defragment","floor":10,"key":"SMITH"},{"floor":15,"key":"REST"},{"floor":23,"key":"REST"},{"floor":28,"key":"REST"},{"floor":32,"key":"REST"},{"floor":40,"key":"REST"},{"floor":45,"key":"REST"},{"floor":49,"key":"REST"}],"neow_cost":"CURSE","seed_source_timestamp":82080702465201,"circlet_count":0,"master_deck":["Strike_B","Strike_B","Strike_B","Defend_B+1","Defend_B","Defend_B","Defend_B+1","Zap","Dualcast","Electrodynamics+1","Gash","Defragment+1","Streamline+1","Force Field","Go for the Eyes","Ball Lightning","Storm","Sweeping Beam","Doom and Gloom","Coolheaded","Coolheaded","Ball Lightning","Machine Learning","Go for the Eyes","Storm+1","Gash+1","Core Surge","Sunder","Beam Cell","Capacitor+1","Hello World","Amplify","Static Discharge","Melter","Compile Driver","Core Surge","White Noise","Self Repair+1","Defragment","Loop","Defragment","Darkness+1","Beam Cell+1","Buffer","Leap+1","Barrage+1","Self Repair+1","Sweeping Beam+1","Writhe","Double Energy"],"relics":["Cracked Core","Vajra","Shuriken","Centennial Puzzle","Lizard Tail","Nilry\u0027s Codex","Anchor","Whetstone","Orrery","Red Mask","FossilizedHelix","Juzu Bracelet"],"potions_floor_usage":[11,16,16,16,16,27,27,29,33,37,37,39,46,48,50,50,50],"damage_taken":[{"damage":0,"enemies":"Small Slimes","floor":1,"turns":2},{"damage":0,"enemies":"Jaw Worm","floor":3,"turns":3},{"damage":0,"enemies":"2 Louse","floor":6,"turns":1},{"damage":18,"enemies":"Gremlin Nob","floor":7,"turns":4},{"damage":17,"enemies":"Lagavulin Event","floor":11,"turns":4},{"damage":0,"enemies":"2 Fungi Beasts","floor":13,"turns":2},{"damage":16,"enemies":"Exordium Thugs","floor":14,"turns":3},{"damage":33,"enemies":"Hexaghost","floor":16,"turns":7},{"damage":10,"enemies":"3 Byrds","floor":18,"turns":2},{"damage":10,"enemies":"Spheric Guardian","floor":20,"turns":3},{"damage":12,"enemies":"Shelled Parasite and Fungi","floor":22,"turns":3},{"damage":19,"enemies":"Chosen and Byrds","floor":24,"turns":5},{"damage":0,"enemies":"Cultist and Chosen","floor":25,"turns":3},{"damage":15,"enemies":"Shelled Parasite and Fungi","floor":27,"turns":3},{"damage":3,"enemies":"Chosen and Byrds","floor":29,"turns":4},{"damage":15,"enemies":"Snake Plant","floor":30,"turns":3},{"damage":25,"enemies":"Automaton","floor":33,"turns":8},{"damage":14,"enemies":"3 Shapes","floor":35,"turns":3},{"damage":28,"enemies":"Mind Bloom Boss Battle","floor":37,"turns":5},{"damage":24,"enemies":"3 Darklings","floor":38,"turns":4},{"damage":6,"enemies":"Spire Growth","floor":39,"turns":3},{"damage":29,"enemies":"Maw","floor":41,"turns":7},{"damage":42,"enemies":"3 Darklings","floor":42,"turns":5},{"damage":15,"enemies":"4 Shapes","floor":46,"turns":3},{"damage":38,"enemies":"Spire Growth","floor":48,"turns":4},{"damage":36,"enemies":"Time Eater","floor":50,"turns":7}],"seed_played":"1812716395896330032","potions_obtained":[{"floor":7,"key":"Poison Potion"},{"floor":14,"key":"EntropicBrew"},{"floor":16,"key":"FearPotion"},{"floor":22,"key":"Strength Potion"},{"floor":27,"key":"Swift Potion"},{"floor":30,"key":"SpeedPotion"},{"floor":33,"key":"Poison Potion"},{"floor":35,"key":"Fire Potion"},{"floor":37,"key":"SpeedPotion"},{"floor":42,"key":"SkillPotion"},{"floor":46,"key":"EntropicBrew"}],"is_trial":false,"path_per_floor":["M","?","M","$","?","M","E","R","T","R","?","$","M","M","R","B",null,"M","?","M","T","M","R","M","M","T","M","R","M","M","$","R","B",null,"M","?","?","M","M","R","M","M","T","?","R","M","?","M","R","B"],"character_chosen":"DEFECT","items_purchased":["Streamline","Storm","Sweeping Beam","Doom and Gloom","Coolheaded","Amplify","Static Discharge","Melter","Compile Driver"],"campfire_rested":7,"item_purchase_floors":[4,12,12,12,12,31,31,31,31],"current_hp_per_floor":[75,60,60,60,60,60,42,42,42,42,25,25,25,9,31,13,75,65,49,39,39,27,49,30,30,30,15,37,34,19,19,41,16,75,61,61,33,9,3,25,47,15,15,15,37,32,51,13,35,0],"gold":232,"neow_bonus":"THREE_RARE_CARDS","is_prod":false,"is_daily":false,"chose_seed":false,"campfire_upgraded":2,"win_rate":0.0,"timestamp":1552613674,"path_taken":["M","?","M","$","?","M","E","R","T","R","?","$","M","M","R","BOSS","M","?","M","?","M","R","M","M","T","M","R","?","M","$","R","BOSS","M","?","?","M","M","R","M","M","T","?","R","M","?","M","R","BOSS"],"build_version":"2019-01-23","purchased_purges":1,"victory":false,"max_hp_per_floor":[75,75,75,75,75,75,75,75,75,75,75,75,75,75,75,75,75,75,75,75,75,75,75,75,75,75,75,75,75,75,75,75,75,75,75,75,75,75,75,75,75,75,75,75,75,75,75,75,75,75],"card_choices":[{"not_picked":["Echo Form","Biased Cognition"],"picked":"Electrodynamics","floor":0},{"not_picked":["Streamline","Steam"],"picked":"Gash","floor":1},{"not_picked":["Leap","Sweeping Beam"],"picked":"Defragment","floor":3},{"not_picked":["Turbo","Stack"],"picked":"Force Field","floor":6},{"not_picked":["Streamline","Blizzard"],"picked":"Go for the Eyes","floor":7},{"not_picked":["Steam","Rip and Tear"],"picked":"Ball Lightning","floor":11},{"not_picked":["Hologram","Turbo"],"picked":"Coolheaded","floor":13},{"not_picked":["Skim","Barrage"],"picked":"Ball Lightning","floor":14},{"not_picked":["All For One","Seek"],"picked":"Machine Learning","floor":16},{"not_picked":["Reinforced Body+1","Barrage"],"picked":"Go for the Eyes","floor":18},{"not_picked":["Coolheaded","Streamline+1"],"picked":"Storm+1","floor":20},{"not_picked":["Steam+1","Go for the Eyes"],"picked":"Gash","floor":22},{"not_picked":["Cold Snap","Sweeping Beam"],"picked":"Core Surge","floor":24},{"not_picked":["Barrage","Chill"],"picked":"Sunder","floor":25},{"not_picked":["Coolheaded","Force Field"],"picked":"Beam Cell","floor":27},{"not_picked":["BootSequence","Hologram"],"picked":"Capacitor+1","floor":29},{"not_picked":["Capacitor","Fusion"],"picked":"Hello World","floor":30},{"not_picked":["Amplify","Electrodynamics"],"picked":"Core Surge","floor":33},{"not_picked":["Stack","Ball Lightning"],"picked":"White Noise","floor":34},{"not_picked":["Beam Cell","Reinforced Body"],"picked":"Self Repair+1","floor":34},{"not_picked":["Capacitor+1","Barrage"],"picked":"Defragment","floor":34},{"not_picked":["Compile Driver+1","Consume+1"],"picked":"Loop","floor":34},{"not_picked":["Beam Cell+1","Streamline"],"picked":"Defragment","floor":34},{"not_picked":["Turbo+1","Leap"],"picked":"Darkness+1","floor":35},{"not_picked":["Reprogram+1","Barrage"],"picked":"Beam Cell+1","floor":37},{"not_picked":["Consume","Stack+1"],"picked":"Buffer","floor":38},{"not_picked":["Heatsinks","Go for the Eyes"],"picked":"Leap+1","floor":39},{"not_picked":["Beam Cell+1","Turbo"],"picked":"Barrage+1","floor":41},{"not_picked":["Turbo+1","Double Energy+1"],"picked":"Self Repair+1","floor":42},{"not_picked":["Compile Driver","Rebound+1"],"picked":"Sweeping Beam+1","floor":46},{"not_picked":["Go for the Eyes","Beam Cell"],"picked":"Double Energy","floor":48}],"player_experience":92088,"relics_obtained":[{"floor":7,"key":"Vajra"},{"floor":9,"key":"Shuriken"},{"floor":11,"key":"Centennial Puzzle"},{"floor":19,"key":"Nilry\u0027s Codex"},{"floor":21,"key":"Anchor"},{"floor":26,"key":"Whetstone"},{"floor":37,"key":"FossilizedHelix"},{"floor":43,"key":"Juzu Bracelet"}],"event_choices":[{"damage_healed":0,"gold_gain":0,"player_choice":"Entered Light","damage_taken":15,"max_hp_gain":0,"max_hp_loss":0,"event_name":"Shining Light","floor":2,"gold_loss":0,"cards_upgraded":["Defend_B","Defend_B"]},{"damage_healed":0,"gold_gain":0,"player_choice":"Ignored","damage_taken":0,"max_hp_gain":0,"max_hp_loss":0,"event_name":"Liars Game","floor":5,"gold_loss":0},{"damage_healed":0,"gold_gain":0,"player_choice":"Searched \u00272\u0027 times","damage_taken":0,"max_hp_gain":0,"max_hp_loss":0,"event_name":"Dead Adventurer","floor":11,"gold_loss":0},{"damage_healed":0,"gold_gain":0,"player_choice":"Obtained Book","damage_taken":16,"max_hp_gain":0,"max_hp_loss":0,"event_name":"Cursed Tome","floor":19,"gold_loss":0},{"damage_healed":0,"gold_gain":0,"player_choice":"Paid","damage_taken":0,"relics_obtained":["Red Mask"],"max_hp_gain":0,"max_hp_loss":0,"event_name":"Tomb of Lord Red Mask","floor":36,"gold_loss":157},{"damage_healed":0,"gold_gain":0,"player_choice":"Fight","damage_taken":0,"max_hp_gain":0,"max_hp_loss":0,"event_name":"MindBloom","floor":37,"gold_loss":0},{"cards_removed":["Strike_B"],"damage_healed":0,"gold_gain":0,"player_choice":"Purged","damage_taken":0,"max_hp_gain":0,"max_hp_loss":0,"event_name":"Purifier","floor":44,"gold_loss":0},{"damage_healed":19,"gold_gain":0,"player_choice":"Writhe","damage_taken":0,"max_hp_gain":0,"max_hp_loss":0,"event_name":"Winding Halls","floor":47,"gold_loss":0,"cards_obtained":["Writhe"]}],"is_beta":false,"boss_relics":[{"not_picked":["Snecko Eye","Runic Dome"],"picked":"Lizard Tail"},{"not_picked":["Calling Bell","Sozu"],"picked":"Orrery"}],"items_purged_floors":[4],"is_endless":false,"potions_floor_spawned":[7,14,16,22,27,30,33,35,37,42,46],"killed_by":"Time Eater","ascension_level":0}