{"gold_per_floor":[119,119,119,29,29,49,49,63,87,114,114,21,39,52,52,147,147,157,157,44,18,18,18,18,18,18,18,18,29,29,29],"floor_reached":31,"playtime":1217,"items_purged":[],"score":229,"play_id":"89f5caab-2e51-42e7-9f7f-57f094f313ff","local_time":"20190314143042","is_ascension_mode":false,"campfire_choices":[{"data":"Sunder","floor":7,"key":"SMITH"},{"data":"Redo","floor":11,"key":"SMITH"},{"floor":15,"key":"REST"},{"data":"Creative AI","floor":23,"key":"SMITH"},{"data":"Static Discharge","floor":25,"key":"SMITH"}],"neow_cost":"NONE","seed_source_timestamp":69807129718724,"circlet_count":0,"master_deck":["Strike_B+1","Strike_B+1","Strike_B+1","Strike_B+1","Defend_B+1","Defend_B+1","Defend_B+1","Defend_B+1","Zap","Dualcast","Gash","Genetic Algorithm","Self Repair","Redo+1","Sunder+1","Compile Driver","Steam","Go for the Eyes","Static Discharge+1","Creative AI+1","Ball Lightning","All For One","Coolheaded+1","FTL","Hello World","Coolheaded","Cold Snap+1"],"relics":["FrozenCore","Omamori","Oddly Smooth Stone","Juzu Bracelet","Du-Vu Doll","Lantern","Bag of Marbles"],"potions_floor_usage":[29,31],"damage_taken":[{"damage":11,"enemies":"Jaw Worm","floor":1,"turns":3},{"damage":18,"enemies":"Small Slimes","floor":6,"turns":4},{"damage":0,"enemies":"Cultist","floor":8,"turns":2},{"damage":20,"enemies":"3 Sentries","floor":10,"turns":5},{"damage":2,"enemies":"Blue Slaver","floor":13,"turns":2},{"damage":8,"enemies":"Exordium Thugs","floor":14,"turns":4},{"damage":43,"enemies":"Hexaghost","floor":16,"turns":8},{"damage":30,"enemies":"2 Thieves","floor":18,"turns":4},{"damage":28,"enemies":"3 Byrds","floor":29,"turns":5},{"damage":11,"enemies":"Shelled Parasite and Fungi","floor":31,"turns":2}],"seed_played":"1921970061467355101","potions_obtained":[{"floor":1,"key":"Fire Potion"},{"floor":13,"key":"SteroidPotion"},{"floor":18,"key":"Dexterity Potion"}],"is_trial":false,"path_per_floor":["M","?","?","$","?","M","R","M","T","E","R","$","M","M","R","B",null,"M","?","$","$","T","R","?","R","T","?","?","M","$","M"],"character_chosen":"DEFECT","items_purchased":["Self Repair","Redo","Go for the Eyes","Static Discharge","FTL","Hello World","Coolheaded"],"campfire_rested":1,"item_purchase_floors":[4,4,12,12,20,20,21],"current_hp_per_floor":[64,64,64,64,64,53,53,53,53,40,40,40,38,37,59,23,75,45,45,45,45,45,45,45,45,45,31,31,10,10,0],"gold":29,"neow_bonus":"THREE_CARDS","is_prod":false,"is_daily":false,"chose_seed":false,"campfire_upgraded":4,"win_rate":0.0,"timestamp":1552599042,"path_taken":["M","?","?","$","?","M","R","?","T","E","R","$","M","M","R","BOSS","M","?","?","$","?","R","?","R","T","?","?","M","?","M"],"build_version":"2019-01-23","purchased_purges":0,"victory":false,"max_hp_per_floor":[75,75,75,75,75,75,75,75,75,75,75,75,75,75,75,75,75,75,75,75,75,75,75,75,75,75,80,80,80,80,80],"card_choices":[{"not_picked":["Undo","Stack"],"picked":"Gash","floor":0},{"not_picked":["Reinforced Body","Cold Snap"],"picked":"Genetic Algorithm","floor":1},{"not_picked":["Sweeping Beam","Go for the Eyes"],"picked":"Sunder","floor":6},{"not_picked":["Steam Power","Streamline"],"picked":"Compile Driver","floor":8},{"not_picked":["Undo","Force Field"],"picked":"Steam","floor":10},{"not_picked":["Leap","Coolheaded"],"picked":"Creative AI","floor":13},{"not_picked":["Blizzard","Barrage"],"picked":"Ball Lightning","floor":14},{"not_picked":["Buffer","Creative AI"],"picked":"All For One","floor":16},{"not_picked":["Undo","Gash"],"picked":"Coolheaded+1","floor":18},{"not_picked":["Conserve Battery","Hologram+1"],"picked":"Cold Snap+1","floor":29}],"player_experience":80365,"relics_obtained":[{"floor":9,"key":"Oddly Smooth Stone"},{"floor":10,"key":"Juzu Bracelet"},{"floor":22,"key":"Du-Vu Doll"},{"floor":26,"key":"Bag of Marbles"}],"event_choices":[{"damage_healed":0,"gold_gain":0,"player_choice":"Ignored","damage_taken":0,"max_hp_gain":0,"max_hp_loss":0,"event_name":"Golden Wing","floor":2,"gold_loss":0},{"damage_healed":0,"gold_gain":0,"player_choice":"Ignored","damage_taken":0,"max_hp_gain":0,"max_hp_loss":0,"event_name":"Liars Game","floor":3,"gold_loss":0},{"damage_healed":0,"gold_gain":0,"player_choice":"Gave Potion","damage_taken":0,"relics_obtained":["Omamori"],"max_hp_gain":0,"max_hp_loss":0,"event_name":"WeMeetAgain","floor":5,"gold_loss":0},{"damage_healed":0,"gold_gain":0,"player_choice":"Ignored","damage_taken":0,"max_hp_gain":0,"max_hp_loss":0,"event_name":"Ghosts","floor":19,"gold_loss":0},{"damage_healed":0,"gold_gain":0,"player_choice":"Stole Relic","damage_taken":0,"relics_obtained":["Lantern"],"max_hp_gain":0,"max_hp_loss":0,"event_name":"Addict","floor":24,"gold_loss":0,"cards_obtained":["Shame"]},{"damage_healed":0,"gold_gain":0,"player_choice":"Shed Blood","damage_taken":19,"max_hp_gain":5,"max_hp_loss":0,"event_name":"Forgotten Altar","floor":27,"gold_loss":0},{"damage_healed":0,"gold_gain":0,"player_choice":"Simplicity","damage_taken":0,"max_hp_gain":0,"max_hp_loss":0,"event_name":"Back to Basics","floor":28,"gold_loss":0,"cards_upgraded":["Strike_B","Strike_B","Strike_B","Strike_B","Defend_B","Defend_B","Defend_B","Defend_B"]}],"is_beta":false,"boss_relics":[{"not_picked":["Fusion Hammer","Snecko Eye"],"picked":"FrozenCore"}],"items_purged_floors":[],"is_endless":false,"potions_floor_spawned":[1,13,18],"killed_by":"Shelled Parasite and Fungi","ascension_level":0}