{"gold_per_floor":[118,118,118,128,128,128,157,167,167,201,212,231,245,260,260,337,337,337,337,337,337,337,337,337,337,337,262,262,262,262,262,262,262,262,262,78,78,78,78,78,78,78,78,78,78,78,78,78,78,78,78,78,30,30,30],"floor_reached":56,"playtime":4617,"items_purged":["Strike_R","Strike_R"],"score":1923,"play_id":"964e6099-3124-46d7-b7c6-ccd3330af343","local_time":"20190314213656","is_ascension_mode":true,"campfire_choices":[{"data":"Anger","floor":6.0,"key":"SMITH"},{"data":"Spot Weakness","floor":15.0,"key":"SMITH"},{"data":"Limit Break","floor":25.0,"key":"SMITH"},{"data":"Whirlwind","floor":29.0,"key":"SMITH"},{"floor":32.0,"key":"REST"},{"floor":41.0,"key":"REST"},{"floor":47,"key":"REST"},{"floor":49,"key":"RECALL"},{"data":"Shockwave","floor":52,"key":"SMITH"}],"neow_cost":"NONE","seed_source_timestamp":0,"circlet_count":0,"master_deck":["AscendersBane","Strike_R","Strike_R","Defend_R","Defend_R","Defend_R","Defend_R","Bash+1","Shrug It Off","Anger+1","Impervious","Whirlwind+1","Shrug It Off","Twin Strike","Spot Weakness+1","Limit Break+1","Clothesline","Shockwave+1","Impervious+1","Power Through+1","Armaments+1","Feel No Pain","Second Wind+1","Headbutt","True Grit+1","Intimidate+1","Parasite","Feel No Pain+1","Ghostly Armor+1","True Grit+1","Burning Pact+1"],"special_seed":0,"relics":["Burning Blood","Bag of Marbles","Pantograph","Art of War","Red Skull","Unceasing Top","Ectoplasm","Red Mask","Toxic Egg 2","Ice Cream","Matryoshka","Ginger","Runic Cube","Shuriken","Lantern","Bag of Preparation","Kunai"],"potions_floor_usage":[55,55],"damage_taken":[{"damage":6.0,"enemies":"2 Louse","floor":1.0,"turns":3.0},{"damage":7.0,"enemies":"Jaw Worm","floor":4.0,"turns":3.0},{"damage":30.0,"enemies":"Gremlin Nob","floor":7.0,"turns":4.0},{"damage":0.0,"enemies":"Small Slimes","floor":8.0,"turns":2.0},{"damage":7.0,"enemies":"3 Sentries","floor":10.0,"turns":5.0},{"damage":3.0,"enemies":"Blue Slaver","floor":11.0,"turns":3.0},{"damage":0.0,"enemies":"Gremlin Gang","floor":12.0,"turns":1.0},{"damage":12.0,"enemies":"Exordium Wildlife","floor":13.0,"turns":3.0},{"damage":0.0,"enemies":"2 Fungi Beasts","floor":14.0,"turns":1.0},{"damage":27.0,"enemies":"Hexaghost","floor":16.0,"turns":7.0},{"damage":6.0,"enemies":"Shell Parasite","floor":18.0,"turns":3.0},{"damage":15.0,"enemies":"Masked Bandits","floor":19.0,"turns":4.0},{"damage":0.0,"enemies":"3 Byrds","floor":20.0,"turns":5.0},{"damage":16.0,"enemies":"Snake Plant","floor":22.0,"turns":4.0},{"damage":29.0,"enemies":"Book of Stabbing","floor":23.0,"turns":5.0},{"damage":8.0,"enemies":"Centurion and Healer","floor":24.0,"turns":6.0},{"damage":11.0,"enemies":"Slavers","floor":28.0,"turns":2.0},{"damage":27.0,"enemies":"Book of Stabbing","floor":30.0,"turns":3.0},{"damage":0.0,"enemies":"Sentry and Sphere","floor":31.0,"turns":2.0},{"damage":44.0,"enemies":"Collector","floor":33.0,"turns":9.0},{"damage":9.0,"enemies":"Orb Walker","floor":35.0,"turns":3.0},{"damage":4.0,"enemies":"3 Darklings","floor":39.0,"turns":2.0},{"damage":55.0,"enemies":"Nemesis","floor":40.0,"turns":13.0},{"damage":34.0,"enemies":"Giant Head","floor":42.0,"turns":9.0},{"damage":0,"enemies":"Sphere and 2 Shapes","floor":44,"turns":3},{"damage":16,"enemies":"4 Shapes","floor":45,"turns":7},{"damage":4,"enemies":"Writhing Mass","floor":46,"turns":5},{"damage":0,"enemies":"Sphere and 2 Shapes","floor":48,"turns":2},{"damage":45,"enemies":"Time Eater","floor":50,"turns":15},{"damage":31,"enemies":"Shield and Spear","floor":54,"turns":6},{"damage":63,"enemies":"The Heart","floor":55,"turns":11}],"seed_played":"134806336642228574","potions_obtained":[{"floor":7.0,"key":"Weak Potion"},{"floor":11.0,"key":"Regen Potion"},{"floor":22.0,"key":"BloodPotion"},{"floor":24.0,"key":"BloodPotion"},{"floor":40.0,"key":"LiquidBronze"},{"floor":44,"key":"SpeedPotion"}],"is_trial":false,"path_per_floor":["M","?","?","M","?","R","E","M","T","E","M","M","M","M","R","B",null,"M","?","M","?","M","E","M","R","T","$","E","R","E","M","R","B",null,"M","$","?","$","M","E","R","E","T","M","M","M","R","M","R","B",null,"R","$","E","B",null],"character_chosen":"IRONCLAD","items_purchased":["Armaments+1","Feel No Pain","True Grit+1"],"campfire_rested":3,"item_purchase_floors":[36,36,53],"current_hp_per_floor":[68,68,61,60,49,49,25,31,31,30,33,39,33,39,39,43,67,67,58,64,64,66,43,41,41,41,41,36,36,15,21,43,30,64,61,61,61,61,63,28,50,22,22,28,18,20,42,48,48,34,65,65,65,40,8],"gold":30,"neow_bonus":"RANDOM_COMMON_RELIC","is_prod":false,"is_daily":false,"chose_seed":false,"campfire_upgraded":5,"win_rate":0,"timestamp":1552613816,"path_taken":["M","?","?","M","?","R","E","M","T","E","M","M","M","M","R","BOSS","M","?","M","?","M","E","M","R","T","$","E","R","E","M","R","BOSS","M","$","?","$","M","E","R","E","T","M","M","M","R","M","R","BOSS","R","$","E","BOSS"],"build_version":"2019-02-06","purchased_purges":2,"victory":true,"max_hp_per_floor":[75,75,75,75,75,75,75,75,75,75,75,75,75,75,75,75,75,75,75,75,75,75,75,75,75,75,75,75,75,75,75,75,75,75,75,75,75,75,75,75,75,75,75,75,75,75,75,75,75,75,75,75,75,75,75],"card_choices":[{"not_picked":["Twin Strike","Sever Soul"],"picked":"Shrug It Off","floor":1.0},{"not_picked":["Pommel Strike","Twin Strike"],"picked":"Anger","floor":4.0},{"not_picked":["Berserk","Clash"],"picked":"Impervious","floor":7.0},{"not_picked":["Iron Wave","Twin Strike"],"picked":"Whirlwind","floor":8.0},{"not_picked":["Perfected Strike","Warcry"],"picked":"Shrug It Off","floor":10.0},{"not_picked":["Havoc","Iron Wave","Warcry"],"picked":"SKIP","floor":11.0},{"not_picked":["Evolve","Iron Wave","Pommel Strike"],"picked":"SKIP","floor":12.0},{"not_picked":["Shrug It Off","Seeing Red"],"picked":"Twin Strike","floor":13.0},{"not_picked":["Havoc","Burning Pact"],"picked":"Spot Weakness","floor":14.0},{"not_picked":["Double Tap","Berserk"],"picked":"Limit Break","floor":16.0},{"not_picked":["Thunderclap","Perfected Strike","Carnage+1"],"picked":"SKIP","floor":18.0},{"not_picked":["Thunderclap","Armaments"],"picked":"Clothesline","floor":19.0},{"not_picked":["Rampage","Clash","Flex+1"],"picked":"SKIP","floor":20.0},{"not_picked":["Havoc","Infernal Blade","Flex"],"picked":"SKIP","floor":22.0},{"not_picked":["Iron Wave","Twin Strike","Thunderclap"],"picked":"SKIP","floor":23.0},{"not_picked":["Barricade","Cleave","Havoc+1"],"picked":"SKIP","floor":24.0},{"not_picked":["Heavy Blade","Perfected Strike","Sentinel+1"],"picked":"SKIP","floor":28.0},{"not_picked":["Rampage","Infernal Blade+1","Rupture"],"picked":"SKIP","floor":30.0},{"not_picked":["Sword Boomerang","Anger"],"picked":"Impervious+1","floor":31.0},{"not_picked":["Havoc+1","Wild Strike"],"picked":"Power Through+1","floor":35.0},{"not_picked":["Intimidate+1","Twin Strike"],"picked":"Second Wind+1","floor":39.0},{"not_picked":["Second Wind+1","Flex+1"],"picked":"Headbutt","floor":40.0},{"not_picked":["Body Slam","Thunderclap"],"picked":"True Grit+1","floor":42.0},{"not_picked":["Havoc+1","Flex+1","Sword Boomerang"],"picked":"SKIP","floor":44},{"not_picked":["Bludgeon","Wild Strike"],"picked":"Intimidate+1","floor":45},{"not_picked":["Bloodletting+1","True Grit+1"],"picked":"Feel No Pain+1","floor":46},{"not_picked":["Reckless Charge","Searing Blow"],"picked":"Ghostly Armor+1","floor":48},{"not_picked":["Iron Wave","Clash"],"picked":"Burning Pact+1","floor":54}],"player_experience":2173220,"relics_obtained":[{"floor":7.0,"key":"Art of War"},{"floor":9.0,"key":"Red Skull"},{"floor":10.0,"key":"Unceasing Top"},{"floor":19.0,"key":"Red Mask"},{"floor":23.0,"key":"Toxic Egg 2"},{"floor":26.0,"key":"Ice Cream"},{"floor":28.0,"key":"Matryoshka"},{"floor":30.0,"key":"Ginger"},{"floor":40.0,"key":"Shuriken"},{"floor":42.0,"key":"Lantern"},{"floor":43,"key":"Bag of Preparation"},{"floor":54,"key":"Kunai"}],"event_choices":[{"damage_healed":0.0,"max_hp_gain":0.0,"max_hp_loss":0.0,"gold_gain":0.0,"event_name":"Living Wall","player_choice":"Grow","floor":2.0,"gold_loss":0.0,"damage_taken":0.0,"cards_upgraded":["Bash"]},{"cards_removed":["Strike_R"],"damage_healed":0.0,"max_hp_gain":0.0,"max_hp_loss":0.0,"gold_gain":0.0,"event_name":"Golden Wing","player_choice":"Card Removal","floor":3.0,"gold_loss":0.0,"damage_taken":7.0},{"damage_healed":0.0,"max_hp_gain":0.0,"max_hp_loss":0.0,"gold_gain":0.0,"event_name":"Scrap Ooze","player_choice":"Success","floor":5.0,"gold_loss":0.0,"damage_taken":11.0,"relics_obtained":["Pantograph"]},{"damage_healed":0.0,"max_hp_gain":0.0,"max_hp_loss":0.0,"gold_gain":0.0,"event_name":"Masked Bandits","player_choice":"Fought Bandits","floor":19.0,"gold_loss":0.0,"damage_taken":0.0},{"damage_healed":0.0,"max_hp_gain":0.0,"max_hp_loss":0.0,"gold_gain":0.0,"event_name":"The Library","player_choice":"Read","floor":21.0,"gold_loss":0.0,"damage_taken":0.0,"cards_obtained":["Shockwave"]},{"damage_healed":0.0,"max_hp_gain":0.0,"max_hp_loss":0.0,"gold_gain":0.0,"event_name":"SecretPortal","player_choice":"Ignored","floor":37.0,"gold_loss":0.0,"damage_taken":0.0}],"is_beta":true,"boss_relics":[{"not_picked":["Calling Bell","Mark of Pain"],"picked":"Ectoplasm"},{"not_picked":["Tiny House","Philosopher\u0027s Stone"],"picked":"Runic Cube"}],"items_purged_floors":[27,36],"is_endless":false,"potions_floor_spawned":[7,11,12,13,22,24,28,31,39,40,44,45,46,54],"ascension_level":15}