{"gold_per_floor":[114,129,129,144,154,179,191,229,241,178,178,178,191,225,225,303,303,323,338,388,213,0,26,26,43,90,107,126,126,139,167,167,239,239,258,258,272,75,87,87,113,126,149,181,181,181,213,113,113,113,113,113,15,45,45],"floor_reached":56,"playtime":2762,"items_purged":["Pain","Strike_R","Strike_R"],"score":1973,"play_id":"d213982f-6c8a-4f28-9b4a-c1881b32bc22","local_time":"20190306223039","is_ascension_mode":true,"campfire_choices":[{"data":"Bash","floor":11.0,"key":"SMITH"},{"data":"Disarm","floor":15.0,"key":"SMITH"},{"floor":24.0,"key":"REST"},{"floor":29.0,"key":"REST"},{"floor":32.0,"key":"REST"},{"data":"Limit Break","floor":40.0,"key":"SMITH"},{"floor":45.0,"key":"RECALL"},{"floor":49,"key":"REST"},{"data":"Impervious","floor":52,"key":"SMITH"}],"neow_cost":"NONE","seed_source_timestamp":1500723937400526,"circlet_count":0,"master_deck":["AscendersBane","Strike_R","Strike_R","Defend_R","Defend_R","Defend_R","Defend_R","Bash+1","Headbutt","Pommel Strike","Spot Weakness","Twin Strike","Disarm+1","Limit Break+1","Evolve","Power Through","Uppercut+1","Shrug It Off","Corruption","Impervious+1","Sword Boomerang","Metallicize","Flame Barrier+1","Reaper","PanicButton","Limit Break"],"special_seed":0,"relics":["Eternal Feather","WarpedTongs","MawBank","Matryoshka","Red Skull","Ornamental Fan","Mummified Hand","Black Star","Bag of Marbles","Meat on the Bone","Oddly Smooth Stone","Orichalcum","Blood Vial","Art of War","Sozu","Dodecahedron","Anchor","Happy Flower","Smiling Mask","PreservedInsect","Bird Faced Urn","Vajra","FossilizedHelix","Bottled Tornado"],"potions_floor_usage":[],"damage_taken":[{"damage":3.0,"enemies":"2 Louse","floor":1.0,"turns":4.0},{"damage":11.0,"enemies":"Cultist","floor":2.0,"turns":4.0},{"damage":3.0,"enemies":"Jaw Worm","floor":4.0,"turns":3.0},{"damage":3.0,"enemies":"2 Fungi Beasts","floor":5.0,"turns":3.0},{"damage":18.0,"enemies":"3 Sentries","floor":6.0,"turns":6.0},{"damage":14.0,"enemies":"Lagavulin","floor":8.0,"turns":6.0},{"damage":0.0,"enemies":"Large Slime","floor":13.0,"turns":6.0},{"damage":28.0,"enemies":"Gremlin Nob","floor":14.0,"turns":4.0},{"damage":17.0,"enemies":"The Guardian","floor":16.0,"turns":11.0},{"damage":27.0,"enemies":"3 Byrds","floor":18.0,"turns":6.0},{"damage":6.0,"enemies":"Spheric Guardian","floor":19.0,"turns":3.0},{"damage":19.0,"enemies":"Slavers","floor":23.0,"turns":6.0},{"damage":24.0,"enemies":"Snake Plant","floor":25.0,"turns":4.0},{"damage":6.0,"enemies":"Cultist and Chosen","floor":27.0,"turns":5.0},{"damage":6.0,"enemies":"Snecko","floor":28.0,"turns":5.0},{"damage":24.0,"enemies":"Centurion and Healer","floor":30.0,"turns":9.0},{"damage":35.0,"enemies":"Gremlin Leader","floor":31.0,"turns":7.0},{"damage":56.0,"enemies":"Collector","floor":33.0,"turns":10.0},{"damage":2.0,"enemies":"Orb Walker","floor":35.0,"turns":3.0},{"damage":9.0,"enemies":"3 Darklings","floor":37.0,"turns":9.0},{"damage":0.0,"enemies":"4 Shapes","floor":39.0,"turns":8.0},{"damage":34.0,"enemies":"Giant Head","floor":41.0,"turns":8.0},{"damage":6.0,"enemies":"Maw","floor":42.0,"turns":8.0},{"damage":28.0,"enemies":"Nemesis","floor":44.0,"turns":9.0},{"damage":33,"enemies":"Giant Head","floor":47,"turns":8},{"damage":57,"enemies":"Donu and Deca","floor":50,"turns":9},{"damage":70,"enemies":"Shield and Spear","floor":54,"turns":9},{"damage":85,"enemies":"The Heart","floor":55,"turns":9}],"seed_played":"-2679888437187777514","potions_obtained":[{"floor":1.0,"key":"GamblersBrew"},{"floor":4.0,"key":"EssenceOfSteel"},{"floor":5.0,"key":"SkillPotion"},{"floor":6.0,"key":"Poison Potion"},{"floor":18.0,"key":"Energy Potion"},{"floor":19.0,"key":"Swift Potion"},{"floor":25.0,"key":"Strength Potion"},{"floor":28.0,"key":"PowerPotion"},{"floor":31.0,"key":"Fire Potion"}],"is_trial":false,"path_per_floor":["M","M","?","M","M","E","?","E","T","$","R","?","M","E","R","B",null,"M","M","?","$","?","E","R","M","T","M","M","R","M","E","R","B",null,"M","?","M","$","M","R","E","M","T","E","R","?","E","?","R","B",null,"R","$","E","B",null],"character_chosen":"IRONCLAD","items_purchased":["Power Through","Metallicize","PanicButton"],"campfire_rested":4,"item_purchase_floors":[21,38,53],"current_hp_per_floor":[65,54,54,51,48,30,55,41,41,41,50,50,50,22,31,14,60,33,27,27,27,27,8,39,27,27,33,39,73,49,26,60,18,61,61,61,54,54,56,68,48,44,44,30,45,45,26,26,60,66,73,75,75,41,24],"gold":45,"neow_bonus":"BOSS_RELIC","is_prod":false,"is_daily":false,"chose_seed":false,"campfire_upgraded":4,"win_rate":0,"timestamp":1551929439,"path_taken":["M","M","?","M","?","E","?","E","T","$","R","?","M","E","R","BOSS","M","M","?","$","?","E","R","M","T","M","?","R","?","E","R","BOSS","M","?","M","$","M","R","E","M","T","E","R","?","E","?","R","BOSS","R","$","E","BOSS"],"build_version":"2019-02-06","purchased_purges":3,"victory":true,"max_hp_per_floor":[75,75,75,75,75,75,75,75,75,75,75,75,75,75,75,75,75,75,75,75,75,75,75,75,75,75,75,75,75,75,75,75,75,75,75,75,75,75,75,75,75,75,75,75,75,75,75,75,75,75,75,75,75,75,75],"card_choices":[{"not_picked":["Hemokinesis","Shrug It Off"],"picked":"Headbutt","floor":1.0},{"not_picked":["Metallicize","Cleave"],"picked":"Pommel Strike","floor":2.0},{"not_picked":["Wild Strike","Iron Wave"],"picked":"Spot Weakness","floor":4.0},{"not_picked":["Ghostly Armor","Dual Wield"],"picked":"Twin Strike","floor":5.0},{"not_picked":["Havoc","Sentinel"],"picked":"Disarm","floor":6.0},{"not_picked":["Entrench","Flex","Spot Weakness"],"picked":"SKIP","floor":8.0},{"not_picked":["Bludgeon","Iron Wave","Burning Pact"],"picked":"SKIP","floor":13.0},{"not_picked":["Headbutt","Ghostly Armor","Havoc"],"picked":"SKIP","floor":14.0},{"not_picked":["Juggernaut","Reaper"],"picked":"Limit Break","floor":16.0},{"not_picked":["Heavy Blade","Clothesline+1"],"picked":"Evolve","floor":18.0},{"not_picked":["Pummel","Burning Pact+1","Perfected Strike"],"picked":"SKIP","floor":19.0},{"not_picked":["Sword Boomerang","Iron Wave"],"picked":"Uppercut+1","floor":23.0},{"not_picked":["Reckless Charge","Iron Wave","Cleave"],"picked":"SKIP","floor":25.0},{"not_picked":["Twin Strike","Heavy Blade+1"],"picked":"Shrug It Off","floor":27.0},{"not_picked":["Ghostly Armor","Hemokinesis","Wild Strike+1"],"picked":"SKIP","floor":28.0},{"not_picked":["Uppercut","Armaments","Reckless Charge"],"picked":"SKIP","floor":30.0},{"not_picked":["Feed","Iron Wave+1"],"picked":"Corruption","floor":31.0},{"not_picked":["Immolate","Limit Break"],"picked":"Impervious","floor":33.0},{"not_picked":["Perfected Strike","Clothesline"],"picked":"Sword Boomerang","floor":35.0},{"not_picked":["Sever Soul","Twin Strike","Anger"],"picked":"SKIP","floor":37.0},{"not_picked":["Seeing Red","Second Wind","Flex"],"picked":"SKIP","floor":39.0},{"not_picked":["Cleave","Twin Strike+1"],"picked":"Flame Barrier+1","floor":41.0},{"not_picked":["Cleave+1","Havoc","Heavy Blade"],"picked":"SKIP","floor":42.0},{"not_picked":["Carnage","Perfected Strike"],"picked":"Reaper","floor":44.0},{"not_picked":["Infernal Blade+1","Warcry","Body Slam+1"],"picked":"SKIP","floor":47},{"not_picked":["Flame Barrier","Armaments"],"picked":"Limit Break","floor":54}],"player_experience":2108729,"relics_obtained":[{"floor":6.0,"key":"MawBank"},{"floor":8.0,"key":"Matryoshka"},{"floor":9.0,"key":"Red Skull"},{"floor":9.0,"key":"Ornamental Fan"},{"floor":14.0,"key":"Mummified Hand"},{"floor":23.0,"key":"Bag of Marbles"},{"floor":23.0,"key":"Meat on the Bone"},{"floor":26.0,"key":"Oddly Smooth Stone"},{"floor":26.0,"key":"Orichalcum"},{"floor":31.0,"key":"Blood Vial"},{"floor":31.0,"key":"Art of War"},{"floor":41.0,"key":"Dodecahedron"},{"floor":41.0,"key":"Anchor"},{"floor":44.0,"key":"Happy Flower"},{"floor":44.0,"key":"Smiling Mask"},{"floor":47,"key":"PreservedInsect"},{"floor":47,"key":"Bird Faced Urn"},{"floor":54,"key":"FossilizedHelix"},{"floor":54,"key":"Bottled Tornado"}],"event_choices":[{"damage_healed":0.0,"max_hp_gain":0.0,"max_hp_loss":0.0,"gold_gain":0.0,"event_name":"Accursed Blacksmith","player_choice":"Rummage","floor":3.0,"gold_loss":0.0,"damage_taken":0.0,"relics_obtained":["WarpedTongs"],"cards_obtained":["Pain"]},{"damage_healed":25.0,"max_hp_gain":0.0,"max_hp_loss":0.0,"gold_gain":0.0,"event_name":"Big Fish","player_choice":"Banana","floor":7.0,"gold_loss":0.0,"damage_taken":0.0},{"damage_healed":0.0,"max_hp_gain":0.0,"max_hp_loss":0.0,"gold_gain":0.0,"event_name":"Liars Game","player_choice":"Ignored","floor":12.0,"gold_loss":0.0,"damage_taken":0.0},{"damage_healed":0.0,"max_hp_gain":0.0,"max_hp_loss":0.0,"gold_gain":50.0,"event_name":"Nest","player_choice":"Stole From Cult","floor":20.0,"gold_loss":0.0,"damage_taken":0.0},{"damage_healed":0.0,"max_hp_gain":0.0,"max_hp_loss":0.0,"gold_gain":0.0,"event_name":"Masked Bandits","player_choice":"Paid Fearfully","floor":22.0,"gold_loss":213.0,"damage_taken":0.0},{"damage_healed":0.0,"max_hp_gain":0.0,"max_hp_loss":0.0,"gold_gain":0.0,"event_name":"Tomb of Lord Red Mask","player_choice":"Ignored","floor":36.0,"gold_loss":0.0,"damage_taken":0.0},{"cards_removed":["Strike_R"],"damage_healed":0.0,"max_hp_gain":0.0,"max_hp_loss":0.0,"gold_gain":0.0,"event_name":"Falling","player_choice":"Removed Attack","floor":46.0,"gold_loss":0.0,"damage_taken":0.0},{"damage_healed":0,"gold_gain":0,"player_choice":"Paid Gold","damage_taken":0,"relics_obtained":["Vajra"],"max_hp_gain":0,"max_hp_loss":0,"event_name":"WeMeetAgain","floor":48,"gold_loss":100}],"is_beta":true,"boss_relics":[{"not_picked":["Runic Dome","Tiny House"],"picked":"Black Star"},{"not_picked":["Lizard Tail","Runic Pyramid"],"picked":"Sozu"}],"items_purged_floors":[10,21,38],"is_endless":false,"potions_floor_spawned":[1,4,5,6,18,19,25,28,31,37,39,54],"ascension_level":15}