{"gold_per_floor":[109,109,109,126,126,167,167,19,93,93,106,106,125,148,148,277,277,301,29,29,43,43,43,6,16,16,16,27,39,53,73,73,73],"floor_reached":33,"playtime":740,"items_purged":[],"score":274,"play_id":"b39cd731-dcbf-4a13-8754-3c102b9b2bdf","local_time":"20190314202152","is_ascension_mode":false,"campfire_choices":[{"data":"Bash","floor":10,"key":"SMITH"},{"data":"Wild Strike","floor":12,"key":"SMITH"},{"data":"Flex","floor":15,"key":"SMITH"},{"data":"Infernal Blade","floor":23,"key":"SMITH"},{"floor":32,"key":"REST"}],"neow_cost":"NONE","seed_source_timestamp":4502028440590,"circlet_count":0,"master_deck":["Strike_R+1","Strike_R","Strike_R","Strike_R","Defend_R+1","Defend_R","Defend_R","Defend_R","Bash+1","Wild Strike+1","Cleave","Sword Boomerang","Sever Soul","Flex+1","Exhume","Infernal Blade+1","Flex","Fire Breathing","Shrug It Off+1","Rampage","Carnage","Reaper","Limit Break","Heavy Blade","Infernal Blade"],"relics":["Burning Blood","NeowsBlessing","Pantograph","Torii","Red Skull","Bottled Lightning","Velvet Choker","Happy Flower","Nloth\u0027s Gift","Bronze Scales","Question Card"],"potions_floor_usage":[14,16,16,16,28,30,33],"damage_taken":[{"damage":0,"enemies":"2 Louse","floor":1,"turns":1},{"damage":0,"enemies":"Small Slimes","floor":4,"turns":1},{"damage":0,"enemies":"Gremlin Nob","floor":6,"turns":1},{"damage":1,"enemies":"Jaw Worm","floor":11,"turns":2},{"damage":12,"enemies":"Blue Slaver","floor":13,"turns":2},{"damage":0,"enemies":"Gremlin Gang","floor":14,"turns":3},{"damage":50,"enemies":"Hexaghost","floor":16,"turns":5},{"damage":30,"enemies":"Spheric Guardian","floor":18,"turns":4},{"damage":14,"enemies":"3 Byrds","floor":21,"turns":5},{"damage":34,"enemies":"Snake Plant","floor":25,"turns":3},{"damage":0,"enemies":"Sentry and Sphere","floor":28,"turns":2},{"damage":1,"enemies":"Chosen and Byrds","floor":29,"turns":3},{"damage":9,"enemies":"Centurion and Healer","floor":30,"turns":4},{"damage":28,"enemies":"Cultist and Chosen","floor":31,"turns":6},{"damage":82,"enemies":"Automaton","floor":33,"turns":6}],"seed_played":"2984554395252184790","potions_obtained":[{"floor":1,"key":"Poison Potion"},{"floor":6,"key":"BloodPotion"},{"floor":13,"key":"Explosive Potion"},{"floor":14,"key":"Poison Potion"},{"floor":16,"key":"Dexterity Potion"},{"floor":28,"key":"Weak Potion"},{"floor":29,"key":"Dexterity Potion"},{"floor":30,"key":"SmokeBomb"}],"is_trial":false,"path_per_floor":["M","?","?","M","?","E","?","$","T","R","M","R","M","M","R","B",null,"M","$","?","M","?","R","$","M","T","?","M","M","M","M","R","B"],"character_chosen":"IRONCLAD","items_purchased":["Red Skull","Flex","Fire Breathing","Happy Flower","Rampage"],"campfire_rested":1,"item_purchase_floors":[8,19,19,19,24],"current_hp_per_floor":[80,64,57,63,63,69,66,66,66,66,71,71,65,71,71,37,74,50,50,50,42,42,42,42,14,14,14,20,25,29,29,51,0],"gold":73,"neow_bonus":"THREE_ENEMY_KILL","is_prod":false,"is_daily":false,"chose_seed":false,"campfire_upgraded":4,"win_rate":0,"timestamp":1552562512,"path_taken":["M","?","?","M","?","E","?","$","T","R","?","R","M","M","R","BOSS","M","$","?","?","?","R","$","M","T","?","M","?","M","M","R","BOSS"],"build_version":"2019-01-23","purchased_purges":0,"victory":false,"max_hp_per_floor":[80,80,80,80,74,74,74,74,74,74,74,74,74,74,74,74,74,74,74,74,74,74,74,74,74,74,74,74,74,74,74,74,74],"card_choices":[{"not_picked":["Sever Soul","Second Wind","Evolve"],"picked":"SKIP","floor":1},{"not_picked":["Sword Boomerang","Metallicize"],"picked":"Wild Strike","floor":4},{"not_picked":["Pummel","Rage"],"picked":"Cleave","floor":6},{"not_picked":["Reckless Charge","True Grit"],"picked":"Sword Boomerang","floor":11},{"not_picked":["Warcry","Blood for Blood"],"picked":"Sever Soul","floor":13},{"not_picked":["Anger","Iron Wave"],"picked":"Flex","floor":14},{"not_picked":["Juggernaut","Berserk"],"picked":"Exhume","floor":16},{"not_picked":["Warcry","Clash+1"],"picked":"Infernal Blade","floor":18},{"not_picked":["Anger+1","Searing Blow+1"],"picked":"Shrug It Off+1","floor":21},{"not_picked":["Berserk","Iron Wave+1"],"picked":"Carnage","floor":25},{"not_picked":["Limit Break","Clash","Flex"],"picked":"Reaper","floor":28},{"not_picked":["Infernal Blade","Havoc+1","Flex"],"picked":"Limit Break","floor":29},{"not_picked":["Combust","Perfected Strike","Power Through+1"],"picked":"Heavy Blade","floor":30},{"not_picked":["Iron Wave","Shockwave+1","Combust+1"],"picked":"Infernal Blade","floor":31}],"player_experience":368729,"relics_obtained":[{"floor":6,"key":"Pantograph"},{"floor":9,"key":"Bottled Lightning"},{"floor":26,"key":"Question Card"}],"event_choices":[{"damage_healed":0,"gold_gain":0,"player_choice":"Entered Light","damage_taken":16,"max_hp_gain":0,"max_hp_loss":0,"event_name":"Shining Light","floor":2,"gold_loss":0,"cards_upgraded":["Strike_R","Defend_R"]},{"cards_removed":["Strike_R"],"damage_healed":0,"gold_gain":0,"player_choice":"Card Removal","damage_taken":7,"max_hp_gain":0,"max_hp_loss":0,"event_name":"Golden Wing","floor":3,"gold_loss":0},{"damage_healed":0,"gold_gain":0,"player_choice":"Lose Max HP","damage_taken":0,"relics_obtained":["Golden Idol"],"max_hp_gain":0,"max_hp_loss":6,"event_name":"Golden Idol","floor":5,"gold_loss":0},{"damage_healed":0,"gold_gain":0,"player_choice":"Success","damage_taken":3,"relics_obtained":["Torii"],"max_hp_gain":0,"max_hp_loss":0,"event_name":"Scrap Ooze","floor":7,"gold_loss":0},{"damage_healed":0,"gold_gain":0,"player_choice":"Traded Relic","damage_taken":0,"relics_obtained":["Nloth\u0027s Gift"],"max_hp_gain":0,"max_hp_loss":0,"event_name":"N\u0027loth","floor":20,"relics_lost":["Golden Idol"],"gold_loss":0},{"damage_healed":0,"gold_gain":0,"player_choice":"Stole Relic","damage_taken":0,"relics_obtained":["Bronze Scales"],"max_hp_gain":0,"max_hp_loss":0,"event_name":"Addict","floor":22,"gold_loss":0,"cards_obtained":["Shame"]},{"cards_removed":["Shame"],"damage_healed":0,"gold_gain":0,"player_choice":"Card Removal","damage_taken":0,"max_hp_gain":0,"max_hp_loss":0,"event_name":"Wheel of Change","floor":27,"gold_loss":0}],"is_beta":false,"boss_relics":[{"not_picked":["Runic Pyramid","Philosopher\u0027s Stone"],"picked":"Velvet Choker"}],"items_purged_floors":[],"is_endless":false,"potions_floor_spawned":[1,6,13,14,16,28,29,30],"killed_by":"Automaton","ascension_level":0}