{"gold_per_floor":[209,224,224,38,50,77,77,112,112,188,188,188,258,302,302,391,391,409,424,324,299,44,79,102,102,174,174,224,252,270,115,115,186,186,197,213,363,382,400,412,412,462,462,196,225,275,302,322,322,322,322,322,15,49,49],"floor_reached":56,"playtime":5473,"items_purged":["Pain","Strike_G","Strike_G","Strike_G"],"score":2160,"play_id":"fe8a7289-7980-47e5-9c5c-e370f6d1a3c3","local_time":"20190204185946","is_ascension_mode":true,"campfire_choices":[{"floor":12,"key":"REST"},{"data":"Caltrops","floor":15,"key":"SMITH"},{"data":"After Image","floor":25,"key":"SMITH"},{"data":"Well Laid Plans","floor":27,"key":"SMITH"},{"data":"Infinite Blades","floor":32,"key":"SMITH"},{"floor":41,"key":"RECALL"},{"data":"Night Terror","floor":49,"key":"SMITH"},{"data":"Terror","floor":52,"key":"SMITH"}],"neow_cost":"NONE","seed_source_timestamp":2276925708890403,"circlet_count":0,"master_deck":["AscendersBane","Defend_G","Defend_G","Defend_G","Defend_G","Defend_G","Strike_G","Survivor","Neutralize","Caltrops+1","Dagger Throw","Leg Sweep","Predator","PiercingWail","Blur","Well Laid Plans+1","After Image+1","Terror+1","Crippling Poison","Heel Hook","Infinite Blades+1","Backflip","Night Terror+1","Malaise","Infinite Blades","Backflip","Dodge and Roll","Acrobatics","Cloak And Dagger+1","Footwork","Dash","Tools of the Trade","Master of Strategy","Dark Shackles","Well Laid Plans","Blur"],"relics":["Ring of the Snake","WarpedTongs","Lantern","Bloody Idol","Peace Pipe","Ninja Scroll","SsserpentHead","Bronze Scales","Sozu","Kunai","Gremlin Horn","Bottled Lightning","Bird Faced Urn","Orrery","Calipers","Bag of Marbles","Ice Cream","Darkstone Periapt","Oddly Smooth Stone","Blood Vial"],"potions_floor_usage":[14,55],"damage_taken":[{"damage":4,"enemies":"2 Louse","floor":1,"turns":4},{"damage":6,"enemies":"Cultist","floor":2,"turns":5},{"damage":0,"enemies":"Small Slimes","floor":5,"turns":4},{"damage":21,"enemies":"Lagavulin","floor":6,"turns":10},{"damage":20,"enemies":"3 Sentries","floor":8,"turns":10},{"damage":5,"enemies":"Gremlin Gang","floor":13,"turns":6},{"damage":2,"enemies":"Lagavulin","floor":14,"turns":8},{"damage":0,"enemies":"Hexaghost","floor":16,"turns":9},{"damage":7,"enemies":"Spheric Guardian","floor":18,"turns":5},{"damage":0,"enemies":"3 Byrds","floor":19,"turns":3},{"damage":0,"enemies":"Book of Stabbing","floor":23,"turns":5},{"damage":0,"enemies":"Shelled Parasite and Fungi","floor":24,"turns":5},{"damage":0,"enemies":"Gremlin Leader","floor":29,"turns":8},{"damage":0,"enemies":"Sentry and Sphere","floor":30,"turns":6},{"damage":7,"enemies":"Collector","floor":33,"turns":11},{"damage":13,"enemies":"3 Darklings","floor":35,"turns":8},{"damage":0,"enemies":"Orb Walker","floor":36,"turns":5},{"damage":0,"enemies":"Mind Bloom Boss Battle","floor":37,"turns":6},{"damage":6,"enemies":"Writhing Mass","floor":38,"turns":10},{"damage":6,"enemies":"Maw","floor":39,"turns":9},{"damage":1,"enemies":"Spire Growth","floor":40,"turns":6},{"damage":0,"enemies":"Nemesis","floor":45,"turns":15},{"damage":2,"enemies":"Reptomancer","floor":47,"turns":9},{"damage":0,"enemies":"Jaw Worm Horde","floor":48,"turns":7},{"damage":43,"enemies":"Time Eater","floor":50,"turns":23},{"damage":5,"enemies":"Shield and Spear","floor":54,"turns":18},{"damage":52,"enemies":"The Heart","floor":55,"turns":12}],"seed_played":"1354138768885242349","potions_obtained":[{"floor":1,"key":"Strength Potion"},{"floor":8,"key":"Energy Potion"},{"floor":13,"key":"FearPotion"},{"floor":14,"key":"AttackPotion"}],"is_trial":false,"path_per_floor":["M","M","?","$","M","E","?","E","T","?","?","R","M","E","R","B",null,"M","M","$","?","$","E","M","R","T","R","?","E","M","$","R","B",null,"M","M","?","M","M","M","R","?","T","$","E","?","E","M","R","B",null,"R","$","E","B",null],"character_chosen":"THE_SILENT","items_purchased":["Leg Sweep","Predator","Kunai","Night Terror","Footwork","Bag of Marbles","Dash","Oddly Smooth Stone"],"campfire_rested":1,"item_purchase_floors":[4,4,22,31,44,44,44,53],"current_hp_per_floor":[55,49,49,49,49,28,28,8,8,8,8,26,21,19,19,19,50,43,43,43,43,43,43,43,43,43,43,43,48,60,60,60,60,60,60,60,60,60,60,60,60,57,57,57,57,47,57,57,57,27,50,50,50,57,15],"gold":49,"neow_bonus":"HUNDRED_GOLD","is_prod":false,"is_daily":false,"chose_seed":false,"campfire_upgraded":6,"win_rate":0,"timestamp":1549324786,"path_taken":["M","M","?","$","?","E","?","E","T","?","?","R","?","E","R","BOSS","M","M","$","?","$","E","M","R","T","R","?","E","M","?","R","BOSS","M","M","?","M","M","M","R","?","T","$","E","?","E","M","R","BOSS","R","$","E","BOSS"],"build_version":"2019-01-23","purchased_purges":4,"victory":true,"max_hp_per_floor":[66,66,66,66,66,66,60,60,60,60,60,60,60,60,60,60,60,60,60,60,60,60,60,60,60,60,60,60,60,60,60,60,60,60,60,60,60,60,60,60,60,57,57,57,57,57,57,57,57,57,57,57,57,57,57],"card_choices":[{"not_picked":["Choke","Underhanded Strike"],"picked":"Caltrops","floor":1},{"not_picked":["Poisoned Stab","Acrobatics"],"picked":"Dagger Throw","floor":2},{"not_picked":["Endless Agony","Masterful Stab","Quick Slash"],"picked":"SKIP","floor":5},{"not_picked":["Eviscerate","Catalyst","Quick Slash"],"picked":"SKIP","floor":6},{"not_picked":["Accuracy","Setup"],"picked":"PiercingWail","floor":8},{"not_picked":["Blade Dance","Cloak And Dagger"],"picked":"Blur","floor":13},{"not_picked":["Acrobatics","Blur"],"picked":"Well Laid Plans","floor":14},{"not_picked":["Adrenaline","Glass Knife"],"picked":"After Image","floor":16},{"not_picked":["Expertise","Skewer"],"picked":"Terror","floor":18},{"not_picked":["Bouncing Flask","Underhanded Strike"],"picked":"Crippling Poison","floor":19},{"not_picked":["Reflex","Predator","Poisoned Stab+1"],"picked":"SKIP","floor":23},{"not_picked":["Acrobatics","Heel Hook","Expertise"],"picked":"SKIP","floor":24},{"not_picked":["Acrobatics","Expertise"],"picked":"Heel Hook","floor":24},{"not_picked":["Deflect","Endless Agony+1"],"picked":"Infinite Blades","floor":29},{"not_picked":["Prepared","Acrobatics"],"picked":"Backflip","floor":30},{"not_picked":["Tools of the Trade","Adrenaline"],"picked":"Malaise","floor":33},{"not_picked":["Well Laid Plans","Crippling Poison"],"picked":"Infinite Blades","floor":34},{"not_picked":["Quick Slash","Dagger Throw"],"picked":"Backflip","floor":34},{"not_picked":["Deflect","Underhanded Strike"],"picked":"Dodge and Roll","floor":35},{"not_picked":["Outmaneuver","Sucker Punch","Dagger Spray"],"picked":"SKIP","floor":36},{"not_picked":["Deadly Poison","Reflex","Riddle With Holes"],"picked":"SKIP","floor":38},{"not_picked":["Choke","Slice"],"picked":"Acrobatics","floor":39},{"not_picked":["Eviscerate","Escape Plan"],"picked":"Cloak And Dagger+1","floor":40},{"not_picked":["Deflect+1","Outmaneuver"],"picked":"Tools of the Trade","floor":45},{"not_picked":["Swift Strike","Impatience"],"picked":"Master of Strategy","floor":46},{"not_picked":["Magnetism","Panacea"],"picked":"Dark Shackles","floor":46},{"not_picked":["Concentrate+1","Dash"],"picked":"Well Laid Plans","floor":47},{"not_picked":["Dagger Spray","Deadly Poison","Prepared"],"picked":"SKIP","floor":48},{"not_picked":["Caltrops","Riddle With Holes"],"picked":"Blur","floor":54}],"player_experience":1944518,"relics_obtained":[{"floor":6,"key":"Lantern"},{"floor":8,"key":"Peace Pipe"},{"floor":9,"key":"Ninja Scroll"},{"floor":14,"key":"Bronze Scales"},{"floor":23,"key":"Gremlin Horn"},{"floor":26,"key":"Bottled Lightning"},{"floor":29,"key":"Bird Faced Urn"},{"floor":37,"key":"Calipers"},{"floor":45,"key":"Ice Cream"},{"floor":47,"key":"Darkstone Periapt"},{"floor":54,"key":"Blood Vial"}],"event_choices":[{"damage_healed":0,"gold_gain":0,"player_choice":"Rummage","damage_taken":0,"relics_obtained":["WarpedTongs"],"max_hp_gain":0,"max_hp_loss":0,"event_name":"Accursed Blacksmith","floor":3,"gold_loss":0,"cards_obtained":["Pain"]},{"damage_healed":0,"gold_gain":0,"player_choice":"Lose Max HP","damage_taken":0,"relics_obtained":["Golden Idol"],"max_hp_gain":0,"max_hp_loss":6,"event_name":"Golden Idol","floor":7,"gold_loss":0},{"damage_healed":0,"gold_gain":76,"player_choice":"Gained Gold","damage_taken":0,"max_hp_gain":0,"max_hp_loss":0,"event_name":"Golden Wing","floor":10,"gold_loss":0},{"damage_healed":0,"gold_gain":0,"player_choice":"Trade","damage_taken":0,"relics_obtained":["SsserpentHead"],"max_hp_gain":0,"max_hp_loss":0,"event_name":"FaceTrader","floor":11,"gold_loss":0},{"cards_removed":["Strike_G"],"damage_healed":0,"gold_gain":0,"player_choice":"Gave Gold","damage_taken":0,"max_hp_gain":0,"max_hp_loss":0,"event_name":"Beggar","floor":21,"gold_loss":75},{"damage_healed":0,"gold_gain":0,"player_choice":"Gave Idol","damage_taken":0,"relics_obtained":["Bloody Idol"],"max_hp_gain":0,"max_hp_loss":0,"event_name":"Forgotten Altar","floor":28,"relics_lost":["Golden Idol"],"gold_loss":0},{"damage_healed":0,"gold_gain":0,"player_choice":"Fight","damage_taken":0,"max_hp_gain":0,"max_hp_loss":0,"event_name":"MindBloom","floor":37,"gold_loss":0},{"damage_healed":0,"gold_gain":0,"player_choice":"Max HP","damage_taken":0,"max_hp_gain":0,"max_hp_loss":3,"event_name":"Winding Halls","floor":42,"gold_loss":0},{"damage_healed":0,"gold_gain":0,"player_choice":"Memory 3","damage_taken":10,"max_hp_gain":0,"max_hp_loss":0,"event_name":"SensoryStone","floor":46,"gold_loss":0}],"is_beta":true,"boss_relics":[{"not_picked":["Calling Bell","Velvet Choker"],"picked":"Sozu"},{"not_picked":["Ring of the Serpent","Pandora\u0027s Box"],"picked":"Orrery"}],"items_purged_floors":[4,20,31,53],"is_endless":false,"potions_floor_spawned":[1,8,13,14,18,19,29,33,36,39,47],"ascension_level":15}