{"gold_per_floor":[114,39,55,72,72,91,122,122,122,142,142],"floor_reached":11,"playtime":372,"items_purged":["Strike_B"],"score":75,"play_id":"bdeaa96c-e7e0-475b-9e4b-18f2f38af4cc","local_time":"20190314220905","is_ascension_mode":false,"campfire_choices":[],"neow_cost":"NONE","seed_source_timestamp":11304847186353,"circlet_count":0,"master_deck":["Strike_B","Strike_B","Strike_B","Defend_B","Defend_B","Defend_B","Zap","Dualcast"],"relics":["Cracked Core","NeowsBlessing","StoneCalendar","Singing Bowl"],"potions_floor_usage":[11],"damage_taken":[{"damage":0,"enemies":"Jaw Worm","floor":1,"turns":1},{"damage":0,"enemies":"Small Slimes","floor":3,"turns":1},{"damage":0,"enemies":"2 Louse","floor":4,"turns":1},{"damage":1,"enemies":"2 Fungi Beasts","floor":6,"turns":3},{"damage":38,"enemies":"3 Sentries","floor":7,"turns":8},{"damage":15,"enemies":"3 Louse","floor":10,"turns":3},{"damage":19,"enemies":"Gremlin Gang","floor":11,"turns":3}],"seed_played":"1078338679191265825","potions_obtained":[{"floor":6,"key":"Strength Potion"},{"floor":10,"key":"Regen Potion"}],"is_trial":false,"path_per_floor":["M","$","M","M","?","M","E","?","T","M","M"],"character_chosen":"DEFECT","items_purchased":[],"campfire_rested":0,"item_purchase_floors":[],"current_hp_per_floor":[75,75,75,75,68,67,29,34,34,21,11],"gold":142,"neow_bonus":"THREE_ENEMY_KILL","is_prod":false,"is_daily":false,"chose_seed":false,"campfire_upgraded":0,"win_rate":0,"timestamp":1552568945,"path_taken":["M","$","M","M","?","M","E","?","T","M","M"],"build_version":"2019-01-23","purchased_purges":1,"victory":false,"max_hp_per_floor":[75,75,75,75,75,75,75,80,80,82,82],"card_choices":[{"not_picked":["Go for the Eyes","Cold Snap","Sunder"],"picked":"SKIP","floor":1},{"not_picked":["Sweeping Beam","Steam Power","Steam"],"picked":"SKIP","floor":3},{"not_picked":["Gash","Conserve Battery","Steam"],"picked":"SKIP","floor":4},{"not_picked":["Rainbow","Chaos","Leap"],"picked":"SKIP","floor":6},{"not_picked":["Sweeping Beam","Redo","Beam Cell"],"picked":"SKIP","floor":7},{"not_picked":["Lockon","Compile Driver","Go for the Eyes"],"picked":"Singing Bowl","floor":10}],"player_experience":374605,"relics_obtained":[{"floor":7,"key":"StoneCalendar"},{"floor":9,"key":"Singing Bowl"}],"event_choices":[{"cards_removed":["Defend_B"],"damage_healed":0,"gold_gain":0,"player_choice":"Card Removal","damage_taken":7,"max_hp_gain":0,"max_hp_loss":0,"event_name":"Golden Wing","floor":5,"gold_loss":0},{"damage_healed":0,"gold_gain":0,"player_choice":"Donut","damage_taken":0,"max_hp_gain":5,"max_hp_loss":0,"event_name":"Big Fish","floor":8,"gold_loss":0}],"is_beta":false,"boss_relics":[],"items_purged_floors":[2],"is_endless":false,"potions_floor_spawned":[6,10],"killed_by":"Gremlin Gang","ascension_level":0}