{"gold_per_floor":[15,15,35,52,28,28,28,48,129,129,140,240,240,267,267,370,370,386,31,26,45,45,45,79,79,103,3,3,17,17,37,37,141,141,154,165,182,7,7,7,39,39,66,82,11,11,27,46,46,46],"floor_reached":50,"playtime":5108,"items_purged":["Normality","Doubt","Injury"],"score":542,"play_id":"ca1dfc5c-ada6-467c-a202-13e1348d5dbd","local_time":"20190309202240","is_ascension_mode":false,"campfire_choices":[{"data":"Cloak And Dagger","floor":6.0,"key":"SMITH"},{"data":"Neutralize","floor":13.0,"key":"SMITH"},{"data":"Prepared","floor":15.0,"key":"SMITH"},{"floor":23.0,"key":"REST"},{"floor":28.0,"key":"REST"},{"data":"Cloak And Dagger","floor":30.0,"key":"SMITH"},{"floor":32.0,"key":"REST"},{"data":"Night Terror","floor":40.0,"key":"SMITH"},{"floor":49,"key":"REST"}],"neow_cost":"NO_GOLD","seed_source_timestamp":46126007229780,"circlet_count":0,"master_deck":["Defend_G","Defend_G","Defend_G","Defend_G","Strike_G","Strike_G","Strike_G","Strike_G","Survivor","Neutralize+1","Cloak And Dagger+1","Backflip","Backflip","Cloak And Dagger+1","Expertise","Prepared+1","Burst","Cloak And Dagger+1","Accuracy","Cloak And Dagger","Caltrops","Tactician","Well Laid Plans","Acrobatics+1","Night Terror+1","Accuracy+1","Well Laid Plans+1","Infinite Blades","Outmaneuver","Prepared","Noxious Fumes","Outmaneuver","Adrenaline","Storm of Steel","Writhe","Bouncing Flask+1"],"special_seed":0,"relics":["Ring of the Snake","Turnip","Molten Egg 2","Vajra","Bag of Preparation","Calling Bell","Ancient Tea Set","Ornamental Fan","Thread and Needle","Blood Vial","Sundial","Pen Nib","Orrery","Smiling Mask","Boot"],"potions_floor_usage":[50,50,50],"damage_taken":[{"damage":0.0,"enemies":"2 Louse","floor":1.0,"turns":4.0},{"damage":0.0,"enemies":"Cultist","floor":3.0,"turns":6.0},{"damage":0.0,"enemies":"Small Slimes","floor":4.0,"turns":5.0},{"damage":0.0,"enemies":"Exordium Wildlife","floor":8.0,"turns":8.0},{"damage":0.0,"enemies":"2 Fungi Beasts","floor":11.0,"turns":3.0},{"damage":14.0,"enemies":"Gremlin Nob","floor":14.0,"turns":4.0},{"damage":17.0,"enemies":"Hexaghost","floor":16.0,"turns":13.0},{"damage":24.0,"enemies":"3 Byrds","floor":18.0,"turns":13.0},{"damage":15.0,"enemies":"2 Thieves","floor":20.0,"turns":4.0},{"damage":29.0,"enemies":"Cultist and Chosen","floor":21.0,"turns":12.0},{"damage":33.0,"enemies":"Slavers","floor":24.0,"turns":8.0},{"damage":0.0,"enemies":"Colosseum Slavers","floor":25.0,"turns":5.0},{"damage":7.0,"enemies":"3 Cultists","floor":29.0,"turns":6.0},{"damage":18.0,"enemies":"Snecko","floor":31.0,"turns":5.0},{"damage":8.0,"enemies":"Champ","floor":33.0,"turns":13.0},{"damage":0.0,"enemies":"Orb Walker","floor":35.0,"turns":3.0},{"damage":14.0,"enemies":"3 Darklings","floor":36.0,"turns":6.0},{"damage":22.0,"enemies":"Maw","floor":37.0,"turns":8.0},{"damage":28,"enemies":"Nemesis","floor":41,"turns":7},{"damage":17,"enemies":"Sphere and 2 Shapes","floor":44,"turns":7},{"damage":1,"enemies":"3 Darklings","floor":47,"turns":4},{"damage":18,"enemies":"4 Shapes","floor":48,"turns":9},{"damage":37,"enemies":"Donu and Deca","floor":50,"turns":4}],"seed_played":"-1488786688779072897","potions_obtained":[{"floor":2.0,"key":"FairyPotion"},{"floor":2.0,"key":"Weak Potion"},{"floor":2.0,"key":"FairyPotion"},{"floor":4.0,"key":"LiquidBronze"},{"floor":24.0,"key":"AttackPotion"},{"floor":31.0,"key":"SneckoOil"},{"floor":33.0,"key":"Weak Potion"},{"floor":47,"key":"SkillPotion"},{"floor":48,"key":"SkillPotion"}],"is_trial":false,"path_per_floor":["M","?","M","M","$","R","?","M","T","T","M","?","R","E","R","B",null,"M","$","M","M","?","R","E","?","T","$","R","M","R","M","R","B",null,"M","M","M","$","?","R","E","?","T","M","$","?","M","M","R","B"],"character_chosen":"THE_SILENT","items_purchased":["Cloak And Dagger","Accuracy","Blood Vial","Cloak And Dagger","Outmaneuver","Storm of Steel"],"campfire_rested":4,"item_purchase_floors":[5,19,19,19,38,45],"current_hp_per_floor":[70,70,70,70,70,70,70,70,70,70,70,70,70,56,56,39,70,46,46,33,6,6,27,7,9,9,9,30,25,25,9,30,24,70,70,56,36,36,36,36,10,10,10,7,7,25,26,10,31,0],"gold":46,"neow_bonus":"ONE_RARE_RELIC","is_prod":false,"is_daily":false,"chose_seed":false,"campfire_upgraded":5,"win_rate":0,"timestamp":1552130560,"path_taken":["M","?","M","?","$","R","?","M","T","?","M","?","R","E","R","BOSS","M","$","M","?","?","R","E","?","T","?","R","M","R","M","R","BOSS","M","?","M","$","?","R","E","?","T","M","?","?","M","M","R","BOSS"],"build_version":"2019-01-23","purchased_purges":3,"victory":false,"max_hp_per_floor":[70,70,70,70,70,70,70,70,70,70,70,70,70,70,70,70,70,70,70,70,70,70,70,70,70,70,70,70,70,70,70,70,70,70,70,70,70,70,70,70,70,70,70,70,70,70,70,70,70,70],"card_choices":[{"not_picked":["Riddle With Holes","Deflect"],"picked":"Cloak And Dagger","floor":1.0},{"not_picked":["Acrobatics","Sucker Punch"],"picked":"Backflip","floor":3.0},{"not_picked":["Deadly Poison","Blur"],"picked":"Backflip","floor":4.0},{"not_picked":["Dagger Spray","Concentrate"],"picked":"Expertise","floor":8.0},{"not_picked":["Deflect","Backstab+1"],"picked":"Prepared","floor":11.0},{"not_picked":["Outmaneuver","Catalyst","Dagger Spray+1"],"picked":"SKIP","floor":14.0},{"not_picked":["Wraith Form v2","Night Terror"],"picked":"Burst","floor":16.0},{"not_picked":["Flying Knee+1","PiercingWail"],"picked":"Cloak And Dagger","floor":18.0},{"not_picked":["Expertise","Riddle With Holes+1","Flechettes+1"],"picked":"SKIP","floor":20.0},{"not_picked":["Deadly Poison","Catalyst","Choke+1"],"picked":"SKIP","floor":21.0},{"not_picked":["Acrobatics","Bane+1"],"picked":"Well Laid Plans","floor":24.0},{"not_picked":["PiercingWail","Setup"],"picked":"Acrobatics+1","floor":29.0},{"not_picked":["Riddle With Holes+1","Underhanded Strike+1","Sucker Punch+1"],"picked":"SKIP","floor":31.0},{"not_picked":["Phantasmal Killer","Glass Knife+1"],"picked":"Night Terror","floor":33.0},{"not_picked":["Poisoned Stab+1","All Out Attack+1"],"picked":"Accuracy+1","floor":34.0},{"not_picked":["PiercingWail","Bouncing Flask"],"picked":"Well Laid Plans+1","floor":34.0},{"not_picked":["Outmaneuver","Glass Knife+1"],"picked":"Infinite Blades","floor":34.0},{"not_picked":["Catalyst","Poisoned Stab+1"],"picked":"Slice+1","floor":34.0},{"not_picked":["Underhanded Strike+1","Dagger Throw+1"],"picked":"Outmaneuver","floor":34.0},{"not_picked":["Crippling Poison+1","Backflip"],"picked":"Prepared","floor":35.0},{"not_picked":["Dagger Throw+1","Choke+1"],"picked":"Noxious Fumes","floor":36.0},{"not_picked":["Distraction","Sucker Punch+1","Dagger Spray+1"],"picked":"SKIP","floor":37.0},{"not_picked":["Escape Plan+1","Flechettes+1"],"picked":"Adrenaline","floor":41},{"not_picked":["Backflip","Bane+1","Deflect"],"picked":"SKIP","floor":44},{"not_picked":["Deadly Poison+1","Backstab+1","Poisoned Stab+1"],"picked":"SKIP","floor":47},{"not_picked":["Bane+1","Tools of the Trade"],"picked":"Bouncing Flask+1","floor":48}],"player_experience":260008,"relics_obtained":[{"floor":9.0,"key":"Molten Egg 2"},{"floor":10.0,"key":"Vajra"},{"floor":14.0,"key":"Bag of Preparation"},{"floor":17.0,"key":"Ancient Tea Set"},{"floor":17.0,"key":"Ornamental Fan"},{"floor":17.0,"key":"Thread and Needle"},{"floor":24.0,"key":"Sundial"},{"floor":26.0,"key":"Pen Nib"},{"floor":41,"key":"Smiling Mask"},{"floor":43,"key":"Boot"}],"event_choices":[{"damage_healed":0.0,"max_hp_gain":0.0,"max_hp_loss":0.0,"gold_gain":0.0,"event_name":"Lab","player_choice":"Got Potions","floor":2.0,"gold_loss":0.0,"damage_taken":0.0},{"damage_healed":0.0,"max_hp_gain":0.0,"max_hp_loss":0.0,"gold_gain":0.0,"event_name":"Living Wall","player_choice":"Grow","floor":7.0,"gold_loss":0.0,"damage_taken":0.0,"cards_upgraded":["Cloak And Dagger"]},{"damage_healed":0.0,"max_hp_gain":0.0,"max_hp_loss":0.0,"gold_gain":100.0,"event_name":"Golden Shrine","player_choice":"Pray","floor":12.0,"gold_loss":0.0,"damage_taken":0.0},{"damage_healed":0.0,"max_hp_gain":0.0,"max_hp_loss":0.0,"gold_gain":0.0,"cards_transformed":["Defend_G","Strike_G"],"event_name":"Drug Dealer","player_choice":"Became Test Subject","floor":22.0,"gold_loss":0.0,"damage_taken":0.0,"cards_obtained":["Caltrops","Tactician"]},{"damage_healed":0.0,"max_hp_gain":0.0,"max_hp_loss":0.0,"gold_gain":0.0,"event_name":"Colosseum","player_choice":"Fight","floor":25.0,"gold_loss":0.0,"damage_taken":0.0},{"damage_healed":0.0,"max_hp_gain":0.0,"max_hp_loss":0.0,"gold_gain":0.0,"event_name":"Colosseum","player_choice":"Fled From Nobs","floor":25.0,"gold_loss":0.0,"damage_taken":0.0},{"cards_removed":["Slice"],"damage_healed":0.0,"max_hp_gain":0.0,"max_hp_loss":0.0,"gold_gain":0.0,"event_name":"Falling","player_choice":"Removed Attack","floor":39.0,"gold_loss":0.0,"damage_taken":0.0},{"damage_healed":0,"gold_gain":0,"player_choice":"Ignored","damage_taken":0,"max_hp_gain":0,"max_hp_loss":0,"event_name":"Mysterious Sphere","floor":42,"gold_loss":0},{"damage_healed":18,"gold_gain":0,"player_choice":"Writhe","damage_taken":0,"max_hp_gain":0,"max_hp_loss":0,"event_name":"Winding Halls","floor":46,"gold_loss":0,"cards_obtained":["Writhe"]}],"is_beta":false,"boss_relics":[{"not_picked":["Ring of the Serpent","Tiny House"],"picked":"Calling Bell"},{"not_picked":["Sozu","Empty Cage"],"picked":"Orrery"}],"items_purged_floors":[19,27,38],"is_endless":false,"potions_floor_spawned":[4,8,11,24,31,33,47,48],"killed_by":"Donu and Deca","ascension_level":0}