{"gold_per_floor":[117,134,42,68,82,109,109,125,125,125,142,160,176,194,194,295,345,361,361,378,5,5,5,21,34,58,58,58,113,113,130,130,130],"floor_reached":33,"playtime":1783,"items_purged":[],"score":251,"play_id":"0c478077-1b53-4ca8-89e3-75c0ef4c4828","local_time":"20190314134305","is_ascension_mode":false,"campfire_choices":[{"floor":7,"key":"REST"},{"data":"Sunder","floor":10,"key":"SMITH"},{"floor":15,"key":"REST"},{"floor":23,"key":"REST"},{"floor":27,"key":"REST"},{"floor":32,"key":"REST"}],"neow_cost":"TEN_PERCENT_HP_LOSS","seed_source_timestamp":66383741983440,"circlet_count":0,"master_deck":["Strike_B","Strike_B","Strike_B+1","Defend_B","Defend_B","Defend_B","Zap","Dualcast","Beam Cell+1","Redo","Sunder+1","Coolheaded","Sweeping Beam","Skim","Redo","Conserve Battery","Doom and Gloom+1","White Noise","Stack","Rainbow","Darkness","Double Energy","BootSequence","Melter","Cold Snap","Mind Blast","Coolheaded","Heatsinks","Turbo","Go for the Eyes","Lockon+1","Compile Driver","Hologram","Capacitor+1"],"relics":["Cracked Core","Nunchaku","Bronze Scales","Bottled Flame","Tiny House","Nloth\u0027s Gift","Blood Vial","Smiling Mask"],"potions_floor_usage":[16,16,16,18,18,33],"damage_taken":[{"damage":6,"enemies":"Cultist","floor":1,"turns":3},{"damage":7,"enemies":"2 Louse","floor":2,"turns":2},{"damage":4,"enemies":"Jaw Worm","floor":5,"turns":2},{"damage":25,"enemies":"3 Sentries","floor":6,"turns":6},{"damage":0,"enemies":"Blue Slaver","floor":8,"turns":3},{"damage":0,"enemies":"Looter","floor":11,"turns":1},{"damage":6,"enemies":"3 Louse","floor":12,"turns":2},{"damage":12,"enemies":"Blue Slaver","floor":13,"turns":1},{"damage":11,"enemies":"Large Slime","floor":14,"turns":4},{"damage":22,"enemies":"Hexaghost","floor":16,"turns":7},{"damage":30,"enemies":"Shell Parasite","floor":18,"turns":3},{"damage":10,"enemies":"Chosen","floor":20,"turns":4},{"damage":20,"enemies":"Centurion and Healer","floor":24,"turns":6},{"damage":40,"enemies":"Sentry and Sphere","floor":25,"turns":5},{"damage":22,"enemies":"Shelled Parasite and Fungi","floor":31,"turns":4},{"damage":64,"enemies":"Automaton","floor":33,"turns":10}],"seed_played":"4552852889503182721","potions_obtained":[{"floor":6,"key":"SkillPotion"},{"floor":8,"key":"Block Potion"},{"floor":12,"key":"Explosive Potion"},{"floor":16,"key":"FearPotion"},{"floor":17,"key":"Fruit Juice"},{"floor":25,"key":"SkillPotion"}],"is_trial":false,"path_per_floor":["M","M","$","T","M","E","R","M","T","R","M","M","M","M","R","B",null,"M","?","M","$","?","R","M","M","T","R","?","T","?","M","R","B"],"character_chosen":"DEFECT","items_purchased":["Sunder","Coolheaded","Melter","Cold Snap","Mind Blast","Coolheaded","Heatsinks","Turbo"],"campfire_rested":5,"item_purchase_floors":[3,3,21,21,21,21,21,21],"current_hp_per_floor":[62,55,55,55,51,26,46,46,46,46,46,40,28,17,37,15,73,48,48,38,38,38,61,41,1,1,24,24,24,50,30,53,0],"gold":130,"neow_bonus":"ONE_RARE_RELIC","is_prod":false,"is_daily":false,"chose_seed":false,"campfire_upgraded":1,"win_rate":0.0,"timestamp":1552596185,"path_taken":["M","?","?","?","M","E","R","M","T","R","M","M","M","?","R","BOSS","M","?","?","$","?","R","M","M","T","R","?","?","?","M","R","BOSS"],"build_version":"2019-01-23","purchased_purges":0,"victory":false,"max_hp_per_floor":[68,68,68,68,68,68,68,68,68,68,68,68,68,68,68,68,73,78,78,78,78,78,78,78,78,78,78,78,78,78,78,78,78],"card_choices":[{"not_picked":["Undo","Rip and Tear"],"picked":"Beam Cell","floor":1},{"not_picked":["Sweeping Beam","Scrape"],"picked":"Redo","floor":2},{"not_picked":["Scrape","Force Field"],"picked":"Sweeping Beam","floor":5},{"not_picked":["Consume","Leap"],"picked":"Skim","floor":6},{"not_picked":["Double Energy","Hologram"],"picked":"Redo","floor":8},{"not_picked":["Redo","Steam"],"picked":"Conserve Battery","floor":11},{"not_picked":["Tempest","Recycle"],"picked":"Doom and Gloom","floor":12},{"not_picked":["Turbo","Sunder"],"picked":"White Noise","floor":13},{"not_picked":["Fission","Streamline"],"picked":"Stack","floor":14},{"not_picked":["Core Surge","Biased Cognition"],"picked":"Rainbow","floor":16},{"not_picked":["Streamline","Coolheaded"],"picked":"Darkness","floor":17},{"not_picked":["Steam","Gash"],"picked":"Double Energy","floor":18},{"not_picked":["Fusion","Heatsinks"],"picked":"BootSequence","floor":20},{"not_picked":["Turbo","Creative AI"],"picked":"Go for the Eyes","floor":24},{"not_picked":["Amplify","Beam Cell"],"picked":"Lockon+1","floor":25},{"not_picked":["Redo","Self Repair"],"picked":"Capacitor+1","floor":31}],"player_experience":77160,"relics_obtained":[{"floor":4,"key":"Whetstone"},{"floor":6,"key":"Bronze Scales"},{"floor":9,"key":"Bottled Flame"},{"floor":26,"key":"Blood Vial"},{"floor":29,"key":"Smiling Mask"}],"event_choices":[{"damage_healed":0,"gold_gain":0,"player_choice":"Traded Relic","damage_taken":0,"relics_obtained":["Nloth\u0027s Gift"],"max_hp_gain":0,"max_hp_loss":0,"event_name":"N\u0027loth","floor":19,"relics_lost":["Whetstone"],"gold_loss":0},{"damage_healed":0,"gold_gain":0,"player_choice":"Ignored","damage_taken":0,"max_hp_gain":0,"max_hp_loss":0,"event_name":"Beggar","floor":22,"gold_loss":0},{"damage_healed":0,"gold_gain":0,"cards_transformed":["Strike_B","Defend_B"],"player_choice":"Became Test Subject","damage_taken":0,"max_hp_gain":0,"max_hp_loss":0,"event_name":"Drug Dealer","floor":28,"gold_loss":0,"cards_obtained":["Compile Driver","Hologram"]},{"damage_healed":26,"gold_gain":0,"player_choice":"Heal","damage_taken":0,"max_hp_gain":0,"max_hp_loss":0,"event_name":"The Library","floor":30,"gold_loss":0}],"is_beta":false,"boss_relics":[{"not_picked":["Runic Pyramid","Eternal Feather"],"picked":"Tiny House"}],"items_purged_floors":[],"is_endless":false,"potions_floor_spawned":[6,8,12,14,16,25],"killed_by":"Automaton","ascension_level":0}