{"gold_per_floor":[111,125,125,125,140,140,180,180,180,105,146,166,166,17,17,106,106,130,5,25,25,88,88,104,104],"floor_reached":25,"playtime":910,"items_purged":["Strike_R"],"score":369,"play_id":"703160bb-38ca-46df-8711-81e4f87da899","local_time":"20190123105723","is_ascension_mode":true,"campfire_choices":[{"data":"Twin Strike","floor":6,"key":"SMITH"},{"data":"Clothesline","floor":13,"key":"SMITH"},{"data":"Defend_R","floor":15,"key":"SMITH"},{"data":"Juggernaut","floor":23,"key":"SMITH"}],"neow_cost":"NONE","seed_source_timestamp":1215699349411741,"circlet_count":0,"master_deck":["AscendersBane","Strike_R","Strike_R","Defend_R+1","Defend_R","Defend_R","Defend_R","Bash+1","Twin Strike+1","Clothesline+1","Limit Break","Impervious","Juggernaut+1","Shrug It Off","Feel No Pain","True Grit+1"],"relics":["Burning Blood","Golden Idol","Incense Burner","Thread and Needle","Blue Candle","Velvet Choker"],"potions_floor_usage":[7,11,16,22,24],"damage_taken":[{"damage":3,"enemies":"2 Louse","floor":1,"turns":3},{"damage":11,"enemies":"Small Slimes","floor":2,"turns":4},{"damage":7,"enemies":"Jaw Worm","floor":5,"turns":3},{"damage":40,"enemies":"Lagavulin","floor":7,"turns":7},{"damage":8,"enemies":"Gremlin Nob","floor":11,"turns":4},{"damage":0,"enemies":"Large Slime","floor":12,"turns":4},{"damage":20,"enemies":"The Guardian","floor":16,"turns":11},{"damage":8,"enemies":"theJungle:MUSHROOMGANG","floor":18,"turns":5},{"damage":13,"enemies":"theJungle:5_Spyders","floor":20,"turns":7},{"damage":6,"enemies":"theJungle:SlimyTreeVines","floor":22,"turns":6},{"damage":20,"enemies":"theJungle:2_Flameangoes","floor":24,"turns":7},{"damage":67,"enemies":"theJungle:Phrog","floor":25,"turns":11}],"seed_played":"1863432601458224576","potions_obtained":[{"floor":1,"key":"SpeedPotion"},{"floor":7,"key":"PowerPotion"},{"floor":11,"key":"Strength Potion"},{"floor":18,"key":"Strength Potion"},{"floor":22,"key":"Regen Potion"}],"is_trial":false,"path_per_floor":["?","?","?","?","?"],"character_chosen":"IRONCLAD","items_purchased":["Impervious","Shrug It Off","Feel No Pain"],"campfire_rested":0,"item_purchase_floors":[14,19,19],"current_hp_per_floor":[71,66,71,71,70,70,36,36,36,36,34,40,40,40,40,26,61,59,59,52,52,58,58,59,0],"gold":104,"neow_bonus":"UPGRADE_CARD","is_prod":false,"is_daily":false,"chose_seed":false,"campfire_upgraded":4,"win_rate":0,"timestamp":1548259043,"path_taken":["M","M","?","?","M","R","E","?","T","?","E","M","R","$","R","BOSS","M","$","M","?","M","R","M","E"],"build_version":"2019-01-22","purchased_purges":1,"victory":false,"max_hp_per_floor":[75,75,80,72,72,72,72,72,72,72,72,72,72,72,72,72,72,72,72,72,72,72,72,72,72],"card_choices":[{"not_picked":["Sentinel","Ghostly Armor","Wild Strike"],"picked":"SKIP","floor":1},{"not_picked":["Armaments","Body Slam"],"picked":"Twin Strike","floor":2},{"not_picked":["Cleave","Blood for Blood","Burning Pact"],"picked":"SKIP","floor":5},{"not_picked":["Cleave","Clash"],"picked":"Clothesline","floor":7},{"not_picked":["Blood for Blood","Warcry"],"picked":"Limit Break","floor":11},{"not_picked":["Anger","Clothesline","Body Slam"],"picked":"SKIP","floor":12},{"not_picked":["Anger","Clothesline","Body Slam"],"picked":"SKIP","floor":12},{"not_picked":["Immolate","Exhume"],"picked":"Juggernaut","floor":16},{"not_picked":["Wild Strike","Thunderclap","Cleave"],"picked":"SKIP","floor":18},{"not_picked":["Uppercut+1","Reckless Charge"],"picked":"True Grit+1","floor":20},{"not_picked":["Cleave","Armaments","Thunderclap"],"picked":"SKIP","floor":22},{"not_picked":["Iron Wave","Twin Strike","Searing Blow"],"picked":"SKIP","floor":24}],"player_experience":1871142,"relics_obtained":[{"floor":7,"key":"Incense Burner"},{"floor":9,"key":"Thread and Needle"},{"floor":11,"key":"Blue Candle"}],"event_choices":[{"damage_healed":0,"gold_gain":0,"player_choice":"Donut","damage_taken":0,"max_hp_gain":5,"max_hp_loss":0,"event_name":"Big Fish","floor":3,"gold_loss":0},{"damage_healed":0,"gold_gain":0,"player_choice":"Lose Max HP","damage_taken":0,"relics_obtained":["Golden Idol"],"max_hp_gain":0,"max_hp_loss":8,"event_name":"Golden Idol","floor":4,"gold_loss":0},{"cards_removed":["Strike_R"],"damage_healed":0,"gold_gain":0,"player_choice":"Forget","damage_taken":0,"max_hp_gain":0,"max_hp_loss":0,"event_name":"Living Wall","floor":8,"gold_loss":0},{"cards_removed":["Strike_R"],"damage_healed":0,"gold_gain":0,"player_choice":"Card Removal","damage_taken":0,"max_hp_gain":0,"max_hp_loss":0,"event_name":"The Cleric","floor":10,"gold_loss":75}],"is_beta":true,"boss_relics":[{"not_picked":["Black Blood","Empty Cage"],"picked":"Velvet Choker"}],"items_purged_floors":[14],"is_endless":false,"potions_floor_spawned":[1,7,11,18],"killed_by":"theJungle:Phrog","ascension_level":15}