{"gold_per_floor":[115,128,60,80,95,95,109,143,194,194,194,226,79,143,143,214,214,224,101,132,132,142,142,169,189,240,258,258,258,270,303,303,382,382,396,200,217,138,151,162,187,203,203,303,303,318,318,347,347,347,347,347,10,41,41],"floor_reached":55,"playtime":2321,"items_purged":["Strike_B","Strike_B"],"score":1360,"play_id":"8d6c4e58-ce9f-4840-98c6-d1e13b74cae4","local_time":"20190310235300","is_ascension_mode":true,"campfire_choices":[{"data":"Self Repair","floor":6.0,"key":"SMITH"},{"data":"Sweeping Beam","floor":10.0,"key":"SMITH"},{"data":"Zap","floor":15.0,"key":"SMITH"},{"data":"Electrodynamics","floor":23.0,"key":"SMITH"},{"data":"Capacitor","floor":29.0,"key":"SMITH"},{"data":"Hologram","floor":32.0,"key":"SMITH"},{"floor":47,"key":"RECALL"},{"floor":49,"key":"DIG"},{"floor":52,"key":"DIG"}],"neow_cost":"NONE","seed_source_timestamp":1848181124145803,"circlet_count":0,"master_deck":["AscendersBane","Defend_B","Defend_B","Defend_B","Defend_B","Zap+1","Dualcast","Hologram+1","Conserve Battery","Sweeping Beam+1","Self Repair+1","Ball Lightning","Genetic Algorithm","All For One","Glacier","Capacitor+1","Electrodynamics+1","Double Energy+1","Hologram","Go for the Eyes+1","Tempest","Genetic Algorithm","Multi-Cast","Gash","Skim","All For One","Gash","Stack+1","Hologram","Dark Shackles","Skim"],"special_seed":0,"relics":["Coffee Dripper","Bottled Lightning","Omamori","Ice Cream","Pear","Strawberry","Eternal Feather","Red Mask","Anchor","Pen Nib","Symbiotic Virus","Empty Cage","ClockworkSouvenir","Du-Vu Doll","Shovel","Mercury Hourglass","Bottled Flame","Mummified Hand","Bronze Scales","Art of War"],"potions_floor_usage":[41,41,44,55],"damage_taken":[{"damage":5.0,"enemies":"Cultist","floor":1.0,"turns":4.0},{"damage":0.0,"enemies":"2 Louse","floor":2.0,"turns":3.0},{"damage":0.0,"enemies":"Jaw Worm","floor":4.0,"turns":4.0},{"damage":4.0,"enemies":"3 Louse","floor":5.0,"turns":3.0},{"damage":7.0,"enemies":"Looter","floor":7.0,"turns":4.0},{"damage":13.0,"enemies":"3 Sentries","floor":8.0,"turns":6.0},{"damage":18.0,"enemies":"Lagavulin","floor":12.0,"turns":6.0},{"damage":7.0,"enemies":"3 Sentries","floor":14.0,"turns":6.0},{"damage":3.0,"enemies":"The Guardian","floor":16.0,"turns":13.0},{"damage":16.0,"enemies":"Spheric Guardian","floor":18.0,"turns":5.0},{"damage":33.0,"enemies":"Masked Bandits","floor":20.0,"turns":3.0},{"damage":2.0,"enemies":"3 Byrds","floor":22.0,"turns":3.0},{"damage":26.0,"enemies":"Gremlin Leader","floor":24.0,"turns":7.0},{"damage":3.0,"enemies":"Shelled Parasite and Fungi","floor":25.0,"turns":5.0},{"damage":8.0,"enemies":"Snecko","floor":27.0,"turns":6.0},{"damage":1.0,"enemies":"Cultist and Chosen","floor":30.0,"turns":5.0},{"damage":30.0,"enemies":"Book of Stabbing","floor":31.0,"turns":6.0},{"damage":54.0,"enemies":"Collector","floor":33.0,"turns":8.0},{"damage":0.0,"enemies":"Orb Walker","floor":35.0,"turns":4.0},{"damage":0.0,"enemies":"3 Shapes","floor":37.0,"turns":5.0},{"damage":11.0,"enemies":"Sphere and 2 Shapes","floor":39.0,"turns":4.0},{"damage":33.0,"enemies":"Transient","floor":40.0,"turns":5.0},{"damage":27,"enemies":"Giant Head","floor":41,"turns":7},{"damage":8,"enemies":"Spire Growth","floor":42,"turns":6},{"damage":0,"enemies":"Mind Bloom Boss Battle","floor":44,"turns":7},{"damage":10,"enemies":"Jaw Worm Horde","floor":46,"turns":6},{"damage":24,"enemies":"Reptomancer","floor":48,"turns":7},{"damage":0,"enemies":"Time Eater","floor":50,"turns":5},{"damage":67,"enemies":"Shield and Spear","floor":54,"turns":8},{"damage":65,"enemies":"The Heart","floor":55,"turns":3}],"seed_played":"8352015672114431596","potions_obtained":[{"floor":1.0,"key":"Energy Potion"},{"floor":8.0,"key":"Poison Potion"},{"floor":16.0,"key":"PowerPotion"},{"floor":24.0,"key":"Block Potion"},{"floor":30.0,"key":"Swift Potion"},{"floor":31.0,"key":"Poison Potion"},{"floor":33.0,"key":"Dexterity Potion"},{"floor":40.0,"key":"Strength Potion"},{"floor":42,"key":"Fire Potion"},{"floor":44,"key":"SteroidPotion"},{"floor":48,"key":"Swift Potion"}],"is_trial":false,"path_per_floor":["M","M","?","M","M","R","M","E","T","R","T","E","$","?","R","B",null,"M","$","?","?","M","R","E","M","T","M","?","R","M","E","R","B",null,"M","$","M","$","M","M","E","M","T","?","?","M","R","E","R","B",null,"R","$","E","B"],"character_chosen":"DEFECT","items_purchased":["Glacier","Hologram","ClockworkSouvenir","Skim","Hologram","Bronze Scales","SpeedPotion","Dark Shackles"],"campfire_rested":0,"item_purchase_floors":[13,19,36,38,53,53,53,53],"current_hp_per_floor":[59,59,59,59,55,55,58,55,55,55,55,57,57,67,67,74,85,79,79,56,56,64,76,60,67,67,69,69,81,88,68,80,36,75,85,85,88,88,87,64,47,49,49,59,59,59,74,60,75,85,87,88,88,31,0],"gold":41,"neow_bonus":"BOSS_RELIC","is_prod":false,"is_daily":false,"chose_seed":false,"campfire_upgraded":6,"win_rate":0,"timestamp":1552276380,"path_taken":["M","?","?","M","M","R","M","E","T","R","?","E","$","?","R","BOSS","M","$","?","?","M","R","E","M","T","M","?","R","?","E","R","BOSS","M","$","M","$","M","M","E","M","T","?","?","M","R","E","R","BOSS","R","$","E","BOSS"],"build_version":"2019-02-06","purchased_purges":2,"victory":false,"max_hp_per_floor":[71,71,71,71,71,71,71,71,71,71,71,81,81,88,88,88,88,88,88,88,88,88,88,88,88,88,88,88,88,88,88,88,88,88,88,88,88,88,88,88,88,88,88,88,88,88,88,88,88,88,88,88,88,88,88],"card_choices":[{"not_picked":["Force Field","Beam Cell"],"picked":"Hologram","floor":1.0},{"not_picked":["Rebound","Consume"],"picked":"Conserve Battery","floor":2.0},{"not_picked":["Redo","Turbo"],"picked":"Sweeping Beam","floor":4.0},{"not_picked":["Static Discharge","Ball Lightning"],"picked":"Self Repair","floor":5.0},{"not_picked":["Sweeping Beam","Leap"],"picked":"Ball Lightning","floor":7.0},{"not_picked":["Streamline","Rebound"],"picked":"Genetic Algorithm","floor":8.0},{"not_picked":["Double Energy","Hologram"],"picked":"All For One","floor":12.0},{"not_picked":["Reprogram","BootSequence"],"picked":"Capacitor","floor":14.0},{"not_picked":["Buffer","All For One"],"picked":"Electrodynamics","floor":16.0},{"not_picked":["Chaos","Go for the Eyes"],"picked":"Double Energy+1","floor":18.0},{"not_picked":["Stack","Storm","Redo"],"picked":"SKIP","floor":22.0},{"not_picked":["Sweeping Beam","Buffer"],"picked":"Go for the Eyes+1","floor":24.0},{"not_picked":["Go for the Eyes","Doom and Gloom","Lockon"],"picked":"SKIP","floor":25.0},{"not_picked":["BootSequence","Barrage"],"picked":"Tempest","floor":27.0},{"not_picked":["Storm","Rebound","Chaos"],"picked":"SKIP","floor":30.0},{"not_picked":["Aggregate","Rebound","Stack"],"picked":"SKIP","floor":31.0},{"not_picked":["Reboot","Hyperbeam"],"picked":"Multi-Cast","floor":33.0},{"not_picked":["Sweeping Beam","Turbo","Blizzard+1"],"picked":"SKIP","floor":35.0},{"not_picked":["Barrage+1","Chill"],"picked":"Gash","floor":37.0},{"not_picked":["FTL+1","Stack","Self Repair"],"picked":"SKIP","floor":39.0},{"not_picked":["Auto Shields","Leap","Hologram"],"picked":"SKIP","floor":40.0},{"not_picked":["Lockon+1","Auto Shields"],"picked":"All For One","floor":41},{"not_picked":["Cold Snap","Capacitor","Turbo"],"picked":"SKIP","floor":42},{"not_picked":["FTL+1","Rebound+1"],"picked":"Gash","floor":44},{"not_picked":["Doom and Gloom","Consume","Hologram"],"picked":"SKIP","floor":46},{"not_picked":["Capacitor","Hologram+1"],"picked":"Stack+1","floor":48},{"not_picked":["Cold Snap","Rip and Tear"],"picked":"Skim","floor":54}],"player_experience":2146712,"relics_obtained":[{"floor":8.0,"key":"Bottled Lightning"},{"floor":9.0,"key":"Omamori"},{"floor":11.0,"key":"Ice Cream"},{"floor":12.0,"key":"Pear"},{"floor":14.0,"key":"Strawberry"},{"floor":20.0,"key":"Red Mask"},{"floor":24.0,"key":"Anchor"},{"floor":26.0,"key":"Pen Nib"},{"floor":31.0,"key":"Symbiotic Virus"},{"floor":41,"key":"Du-Vu Doll"},{"floor":44,"key":"Shovel"},{"floor":48,"key":"Mercury Hourglass"},{"floor":49,"key":"Bottled Flame"},{"floor":52,"key":"Mummified Hand"},{"floor":54,"key":"Art of War"}],"event_choices":[{"damage_healed":0.0,"max_hp_gain":0.0,"max_hp_loss":0.0,"gold_gain":0.0,"event_name":"World of Goop","player_choice":"Left Gold","floor":3.0,"gold_loss":68.0,"damage_taken":0.0},{"damage_healed":0.0,"max_hp_gain":0.0,"max_hp_loss":0.0,"gold_gain":0.0,"event_name":"Dead Adventurer","player_choice":"Searched \u00272\u0027 times","floor":14.0,"gold_loss":0.0,"damage_taken":0.0},{"damage_healed":0.0,"max_hp_gain":0.0,"max_hp_loss":0.0,"gold_gain":0.0,"event_name":"Masked Bandits","player_choice":"Fought Bandits","floor":20.0,"gold_loss":0.0,"damage_taken":0.0},{"damage_healed":0.0,"max_hp_gain":0.0,"max_hp_loss":0.0,"gold_gain":0.0,"event_name":"Cursed Tome","player_choice":"Ignored","floor":21.0,"gold_loss":0.0,"damage_taken":0.0},{"damage_healed":0.0,"max_hp_gain":0.0,"max_hp_loss":0.0,"gold_gain":0.0,"event_name":"Duplicator","player_choice":"Copied","floor":28.0,"gold_loss":0.0,"damage_taken":0.0,"cards_obtained":["Genetic Algorithm"]},{"damage_healed":0,"gold_gain":0,"player_choice":"Fight","damage_taken":0,"max_hp_gain":0,"max_hp_loss":0,"event_name":"MindBloom","floor":44,"gold_loss":0},{"damage_healed":0,"gold_gain":0,"player_choice":"Ignored","damage_taken":0,"max_hp_gain":0,"max_hp_loss":0,"event_name":"SecretPortal","floor":45,"gold_loss":0}],"is_beta":true,"boss_relics":[{"not_picked":["Ectoplasm","White Beast Statue"],"picked":"Eternal Feather"},{"not_picked":["Cursed Key","Philosopher\u0027s Stone"],"picked":"Empty Cage"}],"items_purged_floors":[13,19],"is_endless":false,"potions_floor_spawned":[1,8,14,16,18,24,30,31,33,40,42,44,48],"killed_by":"The Heart","ascension_level":15}