{"path_per_floor":["M","T","?","M","M","R","M","R","T","E","R","?","E","$","R","B",null,"M","M","?","T","M","R","E","?","T","?","$","R","M","M","R","B",null,"M","?","M","?","?","R","$","M","T","$","$","?","M","M","R","B"],"character_chosen":"IRONCLAD","items_purchased":["Bag of Marbles","Shrug It Off","Offering","Barricade","Inflame","Dexterity Potion"],"gold_per_floor":[114,184,149,164,178,178,197,197,197,228,228,228,257,60,60,161,161,181,195,195,219,234,234,264,264,264,264,116,116,130,141,141,236,236,247,247,264,264,312,312,312,331,355,207,15,15,35,47,47,47],"floor_reached":51,"campfire_rested":2,"playtime":4569,"current_hp_per_floor":[43,43,63,72,78,78,55,79,79,66,66,59,54,54,78,80,80,80,79,79,79,75,75,75,75,75,75,75,75,72,75,75,55,81,78,78,80,80,68,68,68,74,74,74,74,74,80,80,80,75],"items_purged":["Parasite","Writhe"],"gold":47,"score":573,"play_id":"2e76d30d-5215-4681-a2b1-b2ac9a3d0d9c","is_prod":false,"is_daily":false,"is_ascension_mode":true,"campfire_upgraded":7,"path_taken":["M","?","?","M","?","R","M","R","T","E","R","?","E","?","R","BOSS","M","?","?","?","M","R","E","?","T","?","$","R","?","?","R","BOSS","M","?","M","?","?","R","$","?","T","?","$","?","M","M","R","BOSS"],"build_version":"2018-02-08-PROD1","purchased_purges":2,"victory":true,"master_deck":["Strike_R","Defend_R","Defend_R","Defend_R+1","Defend_R+1","Bash","Thunderclap+1","Armaments+1","Shrug It Off","Warcry+1","Battle Trance","Shrug It Off+1","Offering","Bloodletting+1","Heavy Blade+1","Offering","Inflame+1","Flex+1","Offering","Battle Trance","Brutality+1","Exhume+1","Sentinel+1","Inflame+1","Twin Strike+1","Barricade+1","Inflame+1","Flame Barrier+1"],"max_hp_per_floor":[80,80,80,80,80,80,80,80,80,80,80,80,80,80,80,80,80,80,80,80,80,80,80,82,82,82,82,79,79,79,81,81,81,81,83,80,80,80,80,80,80,82,82,82,82,82,84,84,84,84],"relics":["Burning Blood","Magic Flower","Matryoshka","War Paint","Lantern","Bag of Preparation","Shuriken","Bag of Marbles","Cursed Key","Pen Nib","Singing Bowl","Frozen Egg 2","Unceasing Top","Astrolabe","Bird Faced Urn","Blood Vial"],"card_choices":[{"not_picked":["Burning Pact","Corruption"],"picked":"Thunderclap"},{"not_picked":["Cleave","Pommel Strike"],"picked":"Armaments"},{"not_picked":["Intimidate","Sever Soul"],"picked":"Shrug It Off"},{"not_picked":["Thunderclap","Twin Strike"],"picked":"Warcry"},{"not_picked":["Bloodletting","Sword Boomerang"],"picked":"Battle Trance"},{"not_picked":["Bludgeon","Demon Form"],"picked":"Offering"},{"not_picked":["Perfected Strike","Rupture"],"picked":"Bloodletting"},{"not_picked":["Searing Blow","Body Slam"],"picked":"Heavy Blade"},{"not_picked":["Armaments","Dual Wield"],"picked":"Inflame"},{"not_picked":["Intimidate","Shrug It Off"],"picked":"Battle Trance"},{"not_picked":["Juggernaut","Impervious"],"picked":"Exhume"},{"not_picked":["Sword Boomerang","Battle Trance"],"picked":"Inflame"},{"not_picked":["Feel No Pain","Armaments"],"picked":"Twin Strike"},{"not_picked":["True Grit","Clothesline"],"picked":"Flame Barrier"}],"player_experience":93207,"potions_floor_usage":[30,33],"damage_taken":[{"damage":6,"enemies":"Blue Slaver","floor":1,"turns":7},{"damage":0,"enemies":"2 Louse","floor":4,"turns":2},{"damage":3,"enemies":"Small Slimes","floor":5,"turns":4},{"damage":32,"enemies":"Exordium Thugs","floor":7,"turns":6},{"damage":22,"enemies":"Gremlin Nob","floor":10,"turns":4},{"damage":14,"enemies":"Lagavulin","floor":13,"turns":8},{"damage":6,"enemies":"Slime Boss","floor":16,"turns":8},{"damage":4,"enemies":"Chosen","floor":18,"turns":4},{"damage":10,"enemies":"3 Byrds","floor":19,"turns":4},{"damage":13,"enemies":"Centurion and Healer","floor":22,"turns":7},{"damage":11,"enemies":"Gremlin Leader","floor":24,"turns":4},{"damage":12,"enemies":"Cultist and Chosen","floor":30,"turns":4},{"damage":8,"enemies":"Snake Plant","floor":31,"turns":1},{"damage":29,"enemies":"Champ","floor":33,"turns":6},{"damage":14,"enemies":"3 Darklings","floor":35,"turns":3},{"damage":7,"enemies":"Orb Walker","floor":37,"turns":1},{"damage":21,"enemies":"Mysterious Sphere","floor":39,"turns":4},{"damage":14,"enemies":"Sphere and 2 Shapes","floor":42,"turns":3},{"damage":22,"enemies":"4 Shapes","floor":47,"turns":5},{"damage":20,"enemies":"Maw","floor":48,"turns":2},{"damage":31,"enemies":"Time Eater","floor":50,"turns":6}],"event_choices":[{"event_name":"The Cleric","player_choice":"Healed","floor":3,"damage_taken":0},{"event_name":"Golden Wing","player_choice":"Card Removal","floor":12,"damage_taken":0},{"event_name":"Duplicator","player_choice":"One dupe","floor":20,"damage_taken":0},{"event_name":"The Library","player_choice":"Read","floor":25,"damage_taken":0},{"event_name":"Vampires","player_choice":"Ignored","floor":27,"damage_taken":0},{"event_name":"Purifier","player_choice":"One Purge","floor":36,"damage_taken":0},{"event_name":"Mysterious Sphere","player_choice":"Fight","floor":39,"damage_taken":0},{"event_name":"Upgrade Shrine","player_choice":"Upgraded","floor":46,"damage_taken":0}],"boss_relics":[{"not_picked":["White Beast Statue","Lizard Tail"],"picked":"Cursed Key"},{"not_picked":["Black Star","Snecko Eye"],"picked":"Astrolabe"}],"potions_floor_spawned":[4,7,19,24,33,37],"seed_played":"-9060521417118689977","ascension_level":2,"is_trial":false}