{"path_per_floor":["M","?","M","M","M","E","R","?","T","$","E","R","M","?","R","B",null,"M","M","M","?","M","$","T","?","T","M","M","E","R","$","R","B",null,"M","?","?","?","$","E","R","M","T","R","$","T","E","M","R","B"],"character_chosen":"IRONCLAD","items_purchased":["Shrug It Off","Bag of Marbles"],"gold_per_floor":[13,13,32,45,57,86,86,36,36,36,68,68,87,162,162,264,264,281,292,307,307,324,200,225,225,276,288,305,334,334,85,85,183,183,198,243,243,0,0,32,32,44,44,44,44,128,157,172,172,172],"floor_reached":51,"campfire_rested":1,"playtime":3968,"current_hp_per_floor":[74,74,80,73,71,45,45,45,45,45,34,58,63,52,52,27,80,80,75,62,62,64,64,71,71,71,77,77,45,45,45,45,27,87,87,87,87,87,87,63,63,69,69,69,69,69,75,87,87,87],"items_purged":["Strike_R","Clumsy"],"gold":172,"play_id":"0577354a-dcc4-441a-b932-a4cf3fe27823","is_prod":false,"is_daily":false,"is_ascension_mode":true,"campfire_upgraded":7,"path_taken":["M","?","?","M","M","E","R","?","T","$","E","R","M","?","R","BOSS","M","M","M","?","?","$","?","?","T","?","M","E","R","$","R","BOSS","M","?","?","?","$","E","R","?","T","R","$","?","E","M","R","BOSS"],"build_version":"2018-02-01-PROD3","purchased_purges":5,"victory":true,"master_deck":["Strike_R","Defend_R+1","Defend_R","Defend_R","Defend_R","Bash","Armaments+1","Seeing Red+1","Heavy Blade","Warcry","Metallicize+1","Whirlwind+1","Flex+1","Limit Break+1","Spot Weakness+1","Metallicize","Shrug It Off","Battle Trance","Juggernaut+1","Whirlwind+1","Seeing Red+1","Warcry+1","Warcry","Demon Form+1","Burning Pact+1","Clumsy","Injury","Seeing Red+1"],"max_hp_per_floor":[80,80,80,80,80,80,80,80,80,80,80,80,80,80,80,80,80,80,80,80,80,80,80,87,87,87,87,87,87,87,87,87,87,87,87,87,87,87,87,87,87,87,87,87,87,87,87,87,87,87],"relics":["Burning Blood","Frozen Eye","Lantern","Letter Opener","Bag of Preparation","Self Forming Clay","Cursed Key","Strawberry","War Paint","Meat on the Bone","Bag of Marbles","Astrolabe","Thread and Needle","Red Mask","Anchor","Dead Branch","Tiny Chest","Bronze Scales"],"card_choices":[{"not_picked":["Rupture","Searing Blow"],"picked":"Armaments"},{"not_picked":["Immolate","Havoc"],"picked":"Seeing Red"},{"not_picked":["Searing Blow","Headbutt"],"picked":"Heavy Blade"},{"not_picked":["Thunderclap","Hemokinesis"],"picked":"Warcry"},{"not_picked":["Sever Soul","Armaments"],"picked":"Metallicize"},{"not_picked":["Twin Strike","Sentinel"],"picked":"Whirlwind"},{"not_picked":["Sentinel","Rage"],"picked":"Flex"},{"not_picked":["Berserk","Juggernaut"],"picked":"Limit Break"},{"not_picked":["Rampage","Wild Strike"],"picked":"Spot Weakness"},{"not_picked":["Body Slam","Pummel"],"picked":"Iron Wave"},{"not_picked":["Heavy Blade","Whirlwind"],"picked":"Battle Trance"},{"not_picked":["Cleave","Perfected Strike"],"picked":"Warcry"},{"not_picked":["Iron Wave","Perfected Strike"],"picked":"Warcry"},{"not_picked":["Uppercut","Shrug It Off"],"picked":"Demon Form"},{"not_picked":["Headbutt","Armaments"],"picked":"Burning Pact"},{"not_picked":["Dropkick","Clash"],"picked":"Seeing Red"}],"player_experience":89239,"potions_floor_usage":[6,11,16,22,33,36,50],"damage_taken":[{"damage":12,"enemies":"Small Slimes","floor":1,"turns":5},{"damage":0,"enemies":"2 Louse","floor":3,"turns":3},{"damage":13,"enemies":"Blue Slaver","floor":4,"turns":5},{"damage":8,"enemies":"Looter","floor":5,"turns":4},{"damage":32,"enemies":"3 Sentries","floor":6,"turns":11},{"damage":17,"enemies":"Lagavulin","floor":11,"turns":9},{"damage":1,"enemies":"Exordium Thugs","floor":13,"turns":4},{"damage":31,"enemies":"Slime Boss","floor":16,"turns":8},{"damage":2,"enemies":"Chosen","floor":18,"turns":5},{"damage":11,"enemies":"Spheric Guardian","floor":19,"turns":5},{"damage":19,"enemies":"Snake Plant","floor":20,"turns":4},{"damage":4,"enemies":"Cultist and Chosen","floor":22,"turns":7},{"damage":0,"enemies":"Centurion and Healer","floor":27,"turns":2},{"damage":6,"enemies":"Chosen and Byrds","floor":28,"turns":4},{"damage":38,"enemies":"Book of Stabbing","floor":29,"turns":6},{"damage":36,"enemies":"Collector","floor":33,"turns":8},{"damage":6,"enemies":"Orb Walker","floor":35,"turns":3},{"damage":6,"enemies":"Mysterious Sphere","floor":36,"turns":1},{"damage":30,"enemies":"Nemesis","floor":40,"turns":8},{"damage":0,"enemies":"3 Darklings","floor":42,"turns":1},{"damage":0,"enemies":"2 Orb Walkers","floor":47,"turns":1},{"damage":1,"enemies":"Sphere and 2 Shapes","floor":48,"turns":2},{"damage":1,"enemies":"Donu and Deca","floor":50,"turns":3}],"event_choices":[{"event_name":"Big Fish","player_choice":"Box","floor":2,"damage_taken":0},{"event_name":"The Cleric","player_choice":"Card Removal","floor":8,"damage_taken":0},{"event_name":"World of Goop","player_choice":"Gather Gold","floor":14,"damage_taken":0},{"event_name":"The Library","player_choice":"Read","floor":21,"damage_taken":0},{"event_name":"Purifier","player_choice":"One Purge","floor":25,"damage_taken":0},{"event_name":"Mysterious Sphere","player_choice":"Fight","floor":36,"damage_taken":0},{"event_name":"Tomb of Lord Red Mask","player_choice":"Paid","floor":38,"damage_taken":0}],"boss_relics":[{"not_picked":["Tiny House","Runic Dome"],"picked":"Cursed Key"},{"not_picked":["Calling Bell","Question Card"],"picked":"Astrolabe"}],"potions_floor_spawned":[1,3,5,11,18,19,27,33,42,48],"seed_played":"-8424868566192577072","ascension_level":1,"is_trial":false}