{"gold_per_floor":[114,114,114,125,135,135,167,167,248,266,191,191,225,239,239,313,313,325,57,69,69,0,0,0,50,99,131,56,56,56,88,88,166,166,184,203,218,493,506,506,153,166,166,166,198,198,225,243,243,243,243,243,17,43,43],"floor_reached":56,"playtime":4353,"items_purged":["Strike_G+1","Strike_G+1"],"score":1939,"play_id":"bf54117a-7269-4553-9af5-9b10ebdc8ef7","local_time":"20190102221134","is_ascension_mode":true,"campfire_choices":[{"data":"Bouncing Flask","floor":6.0,"key":"SMITH"},{"data":"Sucker Punch","floor":8.0,"key":"SMITH"},{"data":"Footwork","floor":15.0,"key":"SMITH"},{"data":"Noxious Fumes","floor":24.0,"key":"SMITH"},{"data":"Wraith Form v2","floor":29.0,"key":"SMITH"},{"data":"Well Laid Plans","floor":32.0,"key":"SMITH"},{"floor":40,"key":"RECALL"},{"data":"Caltrops","floor":44,"key":"SMITH"},{"data":"Caltrops","floor":46,"key":"SMITH"},{"data":"Footwork","floor":49,"key":"SMITH"},{"data":"1","floor":52,"key":"LIFT"}],"neow_cost":"NONE","seed_source_timestamp":1146741140442,"circlet_count":0,"master_deck":["AscendersBane","Defend_G+1","Defend_G+1","Defend_G+1","Defend_G+1","Defend_G+1","Strike_G+1","Strike_G+1","Survivor+1","Neutralize+1","Footwork+1","Bouncing Flask+1","Sucker Punch+1","Backflip+1","Footwork+1","Flying Knee","Wraith Form v2+1","Noxious Fumes+1","PiercingWail+1","PiercingWail+1","Caltrops+1","Well Laid Plans+1","Backflip+1","Doppelganger+1","Deadly Poison+1","Outmaneuver+1","Dodge and Roll+1","Caltrops+1","Backflip+1","Bouncing Flask+1","Storm of Steel+1","Dodge and Roll+1"],"special_seed":0,"relics":["Ring of the Snake","Ancient Tea Set","Toxic Egg 2","Mummified Hand","Meat on the Bone","Philosopher\u0027s Stone","Anchor","Omamori","Bag of Marbles","Snake Skull","Snecko Eye","Bronze Scales","Dodecahedron","Girya","Lantern"],"potions_floor_usage":[45,55,55],"damage_taken":[{"damage":5.0,"enemies":"Jaw Worm","floor":1.0,"turns":6.0},{"damage":0.0,"enemies":"Small Slimes","floor":4.0,"turns":5.0},{"damage":0.0,"enemies":"2 Louse","floor":5.0,"turns":3.0},{"damage":5.0,"enemies":"Lagavulin","floor":7.0,"turns":5.0},{"damage":4.0,"enemies":"2 Fungi Beasts","floor":10.0,"turns":4.0},{"damage":7.0,"enemies":"Gremlin Nob","floor":13.0,"turns":5.0},{"damage":0.0,"enemies":"3 Louse","floor":14.0,"turns":3.0},{"damage":2.0,"enemies":"The Guardian","floor":16.0,"turns":10.0},{"damage":0.0,"enemies":"Chosen","floor":18.0,"turns":4.0},{"damage":13.0,"enemies":"3 Byrds","floor":20.0,"turns":6.0},{"damage":6.0,"enemies":"Gremlin Leader","floor":27.0,"turns":9.0},{"damage":7.0,"enemies":"Book of Stabbing","floor":31.0,"turns":5.0},{"damage":7.0,"enemies":"Automaton","floor":33.0,"turns":12.0},{"damage":0.0,"enemies":"3 Shapes","floor":35.0,"turns":5.0},{"damage":9.0,"enemies":"3 Darklings","floor":36.0,"turns":6.0},{"damage":0.0,"enemies":"Maw","floor":37.0,"turns":6.0},{"damage":0,"enemies":"Writhing Mass","floor":39,"turns":5},{"damage":0,"enemies":"Sphere and 2 Shapes","floor":42,"turns":5},{"damage":5,"enemies":"Nemesis","floor":45,"turns":7},{"damage":0,"enemies":"Reptomancer","floor":47,"turns":5},{"damage":14,"enemies":"Jaw Worm Horde","floor":48,"turns":3},{"damage":2,"enemies":"Donu and Deca","floor":50,"turns":8},{"damage":17,"enemies":"Shield and Spear","floor":54,"turns":5},{"damage":8,"enemies":"The Heart","floor":55,"turns":9}],"seed_played":"6565110570475225727","potions_obtained":[{"floor":4.0,"key":"Fire Potion"},{"floor":5.0,"key":"Ancient Potion"},{"floor":7.0,"key":"Block Potion"},{"floor":14.0,"key":"GamblersBrew"},{"floor":18.0,"key":"Block Potion"},{"floor":20.0,"key":"Block Potion"},{"floor":39,"key":"Regen Potion"},{"floor":42,"key":"Dexterity Potion"},{"floor":47,"key":"SteroidPotion"}],"is_trial":false,"path_per_floor":["M","?","?","M","M","R","E","R","T","M","$","T","E","M","R","B",null,"M","$","M","?","$","?","R","?","T","E","?","R","?","E","R","B",null,"M","M","M","?","M","R","$","M","T","R","E","R","E","M","R","B",null,"R","$","E","B",null],"character_chosen":"THE_SILENT","items_purchased":["Footwork","Noxious Fumes","Anchor","PiercingWail+1","Caltrops","Bronze Scales","Caltrops","Backflip+1","Dodge and Roll+1","Ancient Potion"],"campfire_rested":0,"item_purchase_floors":[11,19,19,19,22,41,41,41,53,53],"current_hp_per_floor":[54,34,56,56,56,56,51,51,51,47,47,47,40,40,40,38,59,59,59,46,46,46,46,46,46,46,40,40,40,40,45,45,38,59,59,50,50,50,50,50,50,50,50,50,57,57,57,43,43,41,60,60,60,43,35],"gold":43,"neow_bonus":"UPGRADE_CARD","is_prod":false,"is_daily":false,"chose_seed":false,"campfire_upgraded":9,"win_rate":0,"timestamp":1546485094,"path_taken":["M","?","?","M","M","R","E","R","T","M","$","?","E","M","R","BOSS","M","$","M","?","$","?","R","?","T","E","?","R","?","E","R","BOSS","M","M","M","?","?","R","?","M","T","R","E","R","E","M","R","BOSS","R","$","E","BOSS"],"build_version":"2019-01-01v2","purchased_purges":2,"victory":true,"max_hp_per_floor":[66,66,66,66,66,66,66,66,66,66,66,66,66,66,66,66,66,66,66,66,66,66,66,66,66,66,66,66,66,66,66,66,66,66,66,66,66,66,66,66,66,66,66,66,66,66,66,66,66,66,66,66,66,66,66],"card_choices":[{"not_picked":["Acrobatics","Poisoned Stab"],"picked":"Footwork","floor":1.0},{"not_picked":["Prepared","Night Terror"],"picked":"Bouncing Flask","floor":4.0},{"not_picked":["Underhanded Strike","Endless Agony","Deflect"],"picked":"SKIP","floor":5.0},{"not_picked":["Acrobatics","Escape Plan"],"picked":"Sucker Punch","floor":7.0},{"not_picked":["Masterful Stab","Outmaneuver+1"],"picked":"Backflip+1","floor":10.0},{"not_picked":["Flechettes","Deflect+1"],"picked":"Flying Knee","floor":13.0},{"not_picked":["Sucker Punch","Choke","Reflex+1"],"picked":"SKIP","floor":14.0},{"not_picked":["Night Terror+1","Bullet Time+1"],"picked":"Wraith Form v2","floor":16.0},{"not_picked":["Reflex+1","Quick Slash","Bane"],"picked":"SKIP","floor":18.0},{"not_picked":["Bane","Quick Slash"],"picked":"PiercingWail+1","floor":20.0},{"not_picked":["Eviscerate","Outmaneuver+1","Infinite Blades"],"picked":"SKIP","floor":27.0},{"not_picked":["Flechettes","Riddle With Holes"],"picked":"Backflip+1","floor":31.0},{"not_picked":["Glass Knife","Storm of Steel+1"],"picked":"Doppelganger+1","floor":33.0},{"not_picked":["PiercingWail+1","Tactician+1"],"picked":"Deadly Poison+1","floor":35.0},{"not_picked":["Reflex+1","PiercingWail+1"],"picked":"Outmaneuver+1","floor":36.0},{"not_picked":["Expertise+1","Dagger Throw"],"picked":"Dodge and Roll+1","floor":37.0},{"not_picked":["Dagger Spray","Poisoned Stab","Quick Slash+1"],"picked":"SKIP","floor":39},{"not_picked":["Slice","Endless Agony"],"picked":"Bouncing Flask+1","floor":42},{"not_picked":["Riddle With Holes","Backflip+1","Distraction+1"],"picked":"SKIP","floor":45},{"not_picked":["Sucker Punch","Deflect+1"],"picked":"Storm of Steel+1","floor":47},{"not_picked":["Setup+1","Cloak And Dagger+1","Prepared+1"],"picked":"SKIP","floor":48},{"not_picked":["Dagger Throw","Setup+1","Prepared+1"],"picked":"SKIP","floor":54}],"player_experience":1806427,"relics_obtained":[{"floor":7.0,"key":"Ancient Tea Set"},{"floor":9.0,"key":"Toxic Egg 2"},{"floor":12.0,"key":"Mummified Hand"},{"floor":13.0,"key":"Meat on the Bone"},{"floor":26.0,"key":"Omamori"},{"floor":27.0,"key":"Bag of Marbles"},{"floor":31.0,"key":"Snake Skull"},{"floor":45,"key":"Dodecahedron"},{"floor":47,"key":"Girya"},{"floor":54,"key":"Lantern"}],"event_choices":[{"damage_healed":0.0,"max_hp_gain":0.0,"max_hp_loss":0.0,"gold_gain":0.0,"event_name":"Shining Light","player_choice":"Entered Light","floor":2.0,"gold_loss":0.0,"damage_taken":20.0,"cards_upgraded":["Defend_G","Survivor"]},{"damage_healed":22.0,"max_hp_gain":0.0,"max_hp_loss":0.0,"gold_gain":0.0,"event_name":"Big Fish","player_choice":"Banana","floor":3.0,"gold_loss":0.0,"damage_taken":0.0},{"damage_healed":0.0,"max_hp_gain":0.0,"max_hp_loss":0.0,"gold_gain":0.0,"event_name":"Back to Basics","player_choice":"Simplicity","floor":21.0,"gold_loss":0.0,"damage_taken":0.0,"cards_upgraded":["Defend_G","Defend_G","Defend_G","Defend_G","Strike_G","Strike_G","Strike_G","Strike_G","Strike_G"]},{"damage_healed":0.0,"max_hp_gain":0.0,"max_hp_loss":0.0,"gold_gain":0.0,"event_name":"The Library","player_choice":"Read","floor":23.0,"gold_loss":0.0,"damage_taken":0.0,"cards_obtained":["Well Laid Plans"]},{"damage_healed":0.0,"max_hp_gain":0.0,"max_hp_loss":0.0,"gold_gain":50.0,"event_name":"Nest","player_choice":"Stole From Cult","floor":25.0,"gold_loss":0.0,"damage_taken":0.0},{"cards_removed":["Strike_G"],"damage_healed":0.0,"max_hp_gain":0.0,"max_hp_loss":0.0,"gold_gain":0.0,"event_name":"Beggar","player_choice":"Gave Gold","floor":28.0,"gold_loss":75.0,"damage_taken":0.0},{"damage_healed":0.0,"max_hp_gain":0.0,"max_hp_loss":0.0,"gold_gain":0.0,"event_name":"Vampires","player_choice":"Ignored","floor":30.0,"gold_loss":0.0,"damage_taken":0.0},{"damage_healed":0,"gold_gain":275,"player_choice":"Desecrate","damage_taken":0,"max_hp_gain":0,"max_hp_loss":0,"event_name":"Golden Shrine","floor":38,"gold_loss":0,"cards_obtained":["Regret"]}],"is_beta":true,"boss_relics":[{"not_picked":["Pandora\u0027s Box","Ring of the Serpent"],"picked":"Philosopher\u0027s Stone"},{"not_picked":["Black Star","Fusion Hammer"],"picked":"Snecko Eye"}],"items_purged_floors":[41,53],"is_endless":false,"potions_floor_spawned":[4,5,7,14,18,20,39,42,47,54],"ascension_level":15}