{"gold_per_floor":[114,39,50,50,70,70,40,40,67,67,92,92,112,125,125,221,221,239,252,351,63,63,63],"floor_reached":23,"playtime":1577,"items_purged":["Strike_R"],"score":189,"play_id":"2c0f0873-bcea-435d-bd02-2ce22f1a0c00","local_time":"20190310015453","is_ascension_mode":false,"campfire_choices":[{"data":"Barricade","floor":6,"key":"SMITH"},{"floor":8,"key":"RECALL"},{"floor":12,"key":"REST"},{"data":"True Grit","floor":15,"key":"SMITH"}],"neow_cost":"NONE","seed_source_timestamp":767783668890624,"circlet_count":0,"master_deck":["Strike_R","Strike_R","Strike_R","Strike_R","Defend_R","Defend_R","Defend_R+1","Defend_R+1","Bash","Barricade+1","Shrug It Off","Shockwave","True Grit+1","Feed","Armaments+1","Entrench","Necronomicurse"],"relics":["Burning Blood","War Paint","Mercury Hourglass","PreservedInsect","Runic Cube","Toxic Egg 2","Necronomicon"],"potions_floor_usage":[16,16],"damage_taken":[{"damage":9,"enemies":"Cultist","floor":1,"turns":4},{"damage":15,"enemies":"Jaw Worm","floor":3,"turns":5},{"damage":2,"enemies":"2 Louse","floor":5,"turns":5},{"damage":10,"enemies":"Looter","floor":7,"turns":4},{"damage":41,"enemies":"Lagavulin","floor":11,"turns":13},{"damage":11,"enemies":"3 Louse","floor":13,"turns":2},{"damage":11,"enemies":"Large Slime","floor":14,"turns":9},{"damage":27,"enemies":"Hexaghost","floor":16,"turns":23},{"damage":38,"enemies":"Chosen","floor":18,"turns":10},{"damage":30,"enemies":"Shell Parasite","floor":19,"turns":17},{"damage":14,"enemies":"Book of Stabbing","floor":23,"turns":5}],"seed_played":"6428755027255252791","potions_obtained":[{"floor":11,"key":"Dexterity Potion"},{"floor":14,"key":"PowerPotion"},{"floor":18,"key":"SpeedPotion"}],"is_trial":false,"path_per_floor":["M","$","M","$","M","R","M","R","T","T","E","R","M","M","R","B",null,"M","M","?","$","?","E"],"character_chosen":"IRONCLAD","items_purchased":["Entrench","Toxic Egg 2"],"campfire_rested":1,"item_purchase_floors":[21,21],"current_hp_per_floor":[77,77,68,68,72,72,68,68,68,68,33,57,52,47,47,26,80,51,31,31,31,15,1],"gold":63,"neow_bonus":"ONE_RANDOM_RARE_CARD","is_prod":false,"is_daily":false,"chose_seed":false,"campfire_upgraded":2,"win_rate":0,"timestamp":1552200893,"path_taken":["M","$","M","?","M","R","?","R","T","?","E","R","M","M","R","BOSS","M","M","?","$","?","E"],"build_version":"2019-01-23","purchased_purges":1,"victory":false,"max_hp_per_floor":[80,80,80,80,80,80,80,80,80,80,80,80,80,80,80,80,80,83,87,87,87,87,87],"card_choices":[{"not_picked":["Heavy Blade","Havoc","Power Through"],"picked":"SKIP","floor":1},{"not_picked":["Clash","Inflame","Iron Wave"],"picked":"SKIP","floor":3},{"not_picked":["Whirlwind","Anger","Pommel Strike"],"picked":"SKIP","floor":5},{"not_picked":["Pommel Strike","Inflame"],"picked":"Shrug It Off","floor":7},{"not_picked":["Havoc","Pummel","Intimidate"],"picked":"SKIP","floor":11},{"not_picked":["Flex","Sentinel"],"picked":"Shockwave","floor":13},{"not_picked":["Sentinel","Dropkick"],"picked":"True Grit","floor":14},{"not_picked":["Reaper","Demon Form"],"picked":"Feed","floor":16},{"not_picked":["Headbutt","Cleave"],"picked":"Armaments+1","floor":18},{"not_picked":["Heavy Blade+1","Clash","Spot Weakness"],"picked":"SKIP","floor":19}],"player_experience":1182426,"relics_obtained":[{"floor":9,"key":"War Paint"},{"floor":10,"key":"Mercury Hourglass"},{"floor":11,"key":"PreservedInsect"},{"floor":22,"key":"Necronomicon"}],"event_choices":[{"damage_healed":0,"gold_gain":99,"player_choice":"Stole From Cult","damage_taken":0,"max_hp_gain":0,"max_hp_loss":0,"event_name":"Nest","floor":20,"gold_loss":0},{"damage_healed":0,"gold_gain":0,"player_choice":"Obtained Book","damage_taken":16,"max_hp_gain":0,"max_hp_loss":0,"event_name":"Cursed Tome","floor":22,"gold_loss":0}],"is_beta":false,"boss_relics":[{"not_picked":["Coffee Dripper","Eternal Feather"],"picked":"Runic Cube"}],"items_purged_floors":[2],"is_endless":false,"potions_floor_spawned":[11,14,18],"killed_by":"Book of Stabbing","ascension_level":0}