{"path_per_floor":["M","?","?","M","M","R","M","R","T","M","?","R","M","M","R","B",null,"M","M","$","?","M","R","M","R","T","?","?","M","$","E","R","B",null,"M","?","?","M","$","R","E","M","T","?","?","M","?","E","R"],"character_chosen":"THE_SILENT","items_purchased":["Ice Cream","Regen Potion","Regen Potion","Swift Potion","Singing Bowl"],"gold_per_floor":[119,194,194,213,230,230,244,244,297,309,259,259,269,283,283,381,381,396,406,54,54,69,69,83,83,109,109,109,128,1,26,26,130,130,140,194,194,204,10,10,42,61,136,0,0,18,18,44,44],"floor_reached":50,"campfire_rested":3,"playtime":5909,"current_hp_per_floor":[70,59,59,59,59,59,59,59,59,57,57,57,56,58,58,13,70,49,42,42,42,30,30,19,40,40,31,31,33,33,40,40,22,75,32,21,21,7,7,31,29,41,41,41,60,57,57,65,79],"items_purged":["Strike_G"],"gold":44,"play_id":"385a04e5-4adb-4b29-be45-bf75758056ee","is_prod":false,"is_daily":false,"is_ascension_mode":false,"campfire_upgraded":6,"path_taken":["M","?","?","M","M","R","M","R","T","?","?","R","M","M","R","BOSS","M","M","$","?","M","R","M","R","T","?","?","?","$","E","R","BOSS","M","?","?","M","?","R","E","?","T","?","?","?","?","E","R","BOSS"],"build_version":"2018-02-01-PROD3","purchased_purges":1,"victory":false,"master_deck":["Defend_G","Defend_G","Defend_G","Defend_G","Strike_G","Strike_G","Survivor","Neutralize+1","Footwork+1","Blade Dance","Bullet Time+1","Deadly Poison","Footwork+1","After Image+1","Deadly Poison+1","Poisoned Stab","Noxious Fumes+1","Backflip","Flying Knee","Well Laid Plans+1","After Image","Distraction+1","Backflip","Adrenaline","Footwork+1","Writhe","Escape Plan+1","Noxious Fumes+1"],"max_hp_per_floor":[70,70,70,70,70,70,70,70,70,70,70,70,70,70,70,70,70,70,70,70,70,70,70,70,70,70,75,75,75,75,75,75,75,75,75,75,75,75,75,77,77,77,77,77,77,79,79,79,79],"relics":["Ring of the Snake","Blood Vial","Question Card","Ice Cream","Dream Catcher","Happy Flower","Lizard Tail","Frozen Eye","Singing Bowl","Tingsha","Kunai","Red Mask","Bottled Flame"],"card_choices":[{"not_picked":["Acrobatics","PiercingWail"],"picked":"Footwork"},{"not_picked":["Calculated Gamble","Choke"],"picked":"Blade Dance"},{"not_picked":["Deflect","Bane"],"picked":"Quick Slash"},{"not_picked":["Prepared","Backflip"],"picked":"Bullet Time"},{"not_picked":["PiercingWail","Quick Slash"],"picked":"Deadly Poison"},{"not_picked":["Blade Dance","Dagger Throw"],"picked":"Footwork"},{"not_picked":["Phantasmal Killer","Venomology"],"picked":"After Image"},{"not_picked":["Dagger Spray","Dagger Throw","Slice"],"picked":"Deadly Poison"},{"not_picked":["Outmaneuver","Quick Slash","Footwork"],"picked":"Poisoned Stab"},{"not_picked":["Backflip","Crippling Poison","Poisoned Stab"],"picked":"Noxious Fumes"},{"not_picked":["Night Terror","Caltrops","Dagger Spray"],"picked":"Backflip"},{"not_picked":["Outmaneuver","Dagger Throw","Backstab"],"picked":"Flying Knee"},{"not_picked":["Finisher","Choke","Dagger Spray"],"picked":"Well Laid Plans"},{"not_picked":["Doppelganger","Night Terror","Wraith Form"],"picked":"After Image"},{"not_picked":["Backflip","Acrobatics","Footwork"],"picked":"Distraction"},{"not_picked":["Dagger Spray","Backstab","Deflect"],"picked":"Backflip"},{"not_picked":["Deflect","Dagger Spray","Deadly Poison"],"picked":"Adrenaline"},{"not_picked":["Caltrops","Deflect","Dodge and Roll"],"picked":"Footwork"},{"not_picked":["Terror","Backstab","Endless Agony"],"picked":"Escape Plan"},{"not_picked":["Bouncing Flask","Bane","Terror"],"picked":"Noxious Fumes"}],"player_experience":66136,"potions_floor_usage":[42,46,48,50],"damage_taken":[{"damage":0.0,"enemies":"Jaw Worm","floor":1.0,"turns":6.0},{"damage":0.0,"enemies":"2 Louse","floor":4.0,"turns":4.0},{"damage":0.0,"enemies":"Blue Slaver","floor":5.0,"turns":7.0},{"damage":0.0,"enemies":"2 Fungi Beasts","floor":7.0,"turns":5.0},{"damage":4.0,"enemies":"Exordium Thugs","floor":10.0,"turns":8.0},{"damage":3.0,"enemies":"Looter","floor":13.0,"turns":4.0},{"damage":0.0,"enemies":"Red Slaver","floor":14.0,"turns":5.0},{"damage":47.0,"enemies":"Slime Boss","floor":16.0,"turns":17.0},{"damage":21.0,"enemies":"Chosen","floor":18.0,"turns":8.0},{"damage":9.0,"enemies":"Spheric Guardian","floor":19.0,"turns":6.0},{"damage":29.0,"enemies":"Snake Plant","floor":22.0,"turns":6.0},{"damage":13.0,"enemies":"Snecko","floor":24.0,"turns":5.0},{"damage":0.0,"enemies":"Centurion and Healer","floor":29.0,"turns":8.0},{"damage":10.0,"enemies":"Book of Stabbing","floor":31.0,"turns":8.0},{"damage":20.0,"enemies":"Champ","floor":33.0,"turns":15.0},{"damage":43,"enemies":"3 Shapes","floor":35,"turns":9},{"damage":57,"enemies":"Mysterious Sphere","floor":36,"turns":8},{"damage":16,"enemies":"3 Darklings","floor":38,"turns":6},{"damage":4,"enemies":"Nemesis","floor":41,"turns":10},{"damage":5,"enemies":"4 Shapes","floor":42,"turns":8},{"damage":7,"enemies":"Maw","floor":46,"turns":9},{"damage":9,"enemies":"Giant Head","floor":48,"turns":12},{"damage":89,"enemies":"Awakened One","floor":50,"turns":4}],"event_choices":[{"event_name":"World of Goop","player_choice":"Gather Gold","floor":2.0,"damage_taken":0.0},{"event_name":"Purifier","player_choice":"One Purge","floor":3.0,"damage_taken":0.0},{"event_name":"The Cleric","player_choice":"Card Removal","floor":11.0,"damage_taken":0.0},{"event_name":"Beggar","player_choice":"Ignored","floor":21.0,"damage_taken":0.0},{"event_name":"Forgotten Altar","player_choice":"Shed Blood","floor":27.0,"damage_taken":0.0},{"event_name":"Drug Dealer","player_choice":"Ignored","floor":28.0,"damage_taken":0.0},{"event_name":"Mysterious Sphere","player_choice":"Fight","floor":36,"damage_taken":0},{"event_name":"Bonfire Elementals","player_choice":"BASIC","floor":37,"damage_taken":0},{"event_name":"Tomb of Lord Red Mask","player_choice":"Paid","floor":44,"damage_taken":0},{"event_name":"Winding Halls","player_choice":"Writhe","floor":45,"damage_taken":0}],"boss_relics":[{"not_picked":["Philosopher\u0027s Stone","Tiny House"],"picked":"Lizard Tail"}],"potions_floor_spawned":[4,5,7,14,18,22,24,38,41,42],"seed_played":"8823870317440831822","killed_by":"Awakened One","ascension_level":0,"is_trial":false}