{"gold_per_floor":[118,130,110,110,110,145,145,159,159,190,0,35,35,47,47,121,121,135,210,115,30,44,56,88,115,177,114,158,182,204,246,258,348,360,387,416,773,785,816,828,867,879,915,927,473,473,573,583,583,583,583,583,14,48,48],"floor_reached":56,"playtime":2860,"items_purged":["Impatience","Strike_B"],"score":2027,"play_id":"76242f0f-a299-4e3d-bd22-4f4aae5e5016","local_time":"20190313210849","is_ascension_mode":true,"campfire_choices":[{"data":"Zap","floor":7,"key":"SMITH"},{"data":"Sweeping Beam","floor":13,"key":"SMITH"},{"data":"Ball Lightning","floor":15,"key":"SMITH"},{"data":"Recycle","floor":23,"key":"SMITH"},{"floor":32,"key":"DIG"},{"floor":40,"key":"REST"},{"floor":42,"key":"RECALL"},{"floor":46,"key":"DIG"},{"data":"Hologram","floor":49,"key":"SMITH"},{"data":"Biased Cognition","floor":52,"key":"SMITH"}],"neow_cost":"NONE","seed_source_timestamp":33553413301751,"circlet_count":0,"master_deck":["AscendersBane","Defend_B","Defend_B","Defend_B","Zap+1","Dualcast","Ball Lightning+1","Sweeping Beam+1","Leap","Steam","Reinforced Body","Gash","All For One","Recycle+1","Conserve Battery","Self Repair","Glacier","Biased Cognition+1","Electrodynamics","Gash+1","Hologram+1","Coolheaded","Violence","All For One","Reinforced Body","Violence","Buffer"],"relics":["Runic Pyramid","Calipers","Kunai","Bronze Scales","OrangePellets","Bag of Preparation","Empty Cage","MawBank","Oddly Smooth Stone","Shovel","Torii","Orichalcum","Sozu","Old Coin","Potion Belt","Dream Catcher","Membership Card","Vajra","Juzu Bracelet","PreservedInsect","Bird Faced Urn","Letter Opener","Blood Vial","Frozen Eye","Mango"],"potions_floor_usage":[12,22,28,31,31,55,55],"damage_taken":[{"damage":0,"enemies":"Cultist","floor":1,"turns":4},{"damage":7,"enemies":"2 Louse","floor":2,"turns":2},{"damage":25,"enemies":"Gremlin Nob","floor":6,"turns":4},{"damage":0,"enemies":"Small Slimes","floor":8,"turns":3},{"damage":2,"enemies":"Lagavulin","floor":10,"turns":7},{"damage":5,"enemies":"3 Sentries","floor":12,"turns":5},{"damage":0,"enemies":"3 Louse","floor":14,"turns":2},{"damage":1,"enemies":"The Guardian","floor":16,"turns":11},{"damage":3,"enemies":"Spheric Guardian","floor":18,"turns":5},{"damage":1,"enemies":"2 Thieves","floor":22,"turns":4},{"damage":0,"enemies":"Snecko","floor":24,"turns":5},{"damage":3,"enemies":"Shelled Parasite and Fungi","floor":25,"turns":6},{"damage":7,"enemies":"Gremlin Leader","floor":28,"turns":8},{"damage":13,"enemies":"Centurion and Healer","floor":29,"turns":5},{"damage":0,"enemies":"Chosen and Byrds","floor":30,"turns":5},{"damage":11,"enemies":"Slavers","floor":31,"turns":4},{"damage":0,"enemies":"Champ","floor":33,"turns":12},{"damage":0,"enemies":"3 Darklings","floor":35,"turns":4},{"damage":1,"enemies":"Orb Walker","floor":36,"turns":3},{"damage":13,"enemies":"2 Orb Walkers","floor":37,"turns":5},{"damage":11,"enemies":"Transient","floor":39,"turns":5},{"damage":21,"enemies":"Nemesis","floor":41,"turns":13},{"damage":0,"enemies":"Mind Bloom Boss Battle","floor":47,"turns":6},{"damage":0,"enemies":"Sphere and 2 Shapes","floor":48,"turns":3},{"damage":19,"enemies":"Donu and Deca","floor":50,"turns":10},{"damage":30,"enemies":"Shield and Spear","floor":54,"turns":6},{"damage":71,"enemies":"The Heart","floor":55,"turns":10}],"seed_played":"3039860191516363672","potions_obtained":[{"floor":3,"key":"SpeedPotion"},{"floor":8,"key":"Fire Potion"},{"floor":14,"key":"Swift Potion"},{"floor":22,"key":"AttackPotion"},{"floor":30,"key":"Fire Potion"},{"floor":31,"key":"Strength Potion"},{"floor":33,"key":"AttackPotion"}],"is_trial":false,"path_per_floor":["M","M","?","$","?","E","R","M","T","E","$","E","R","M","R","B",null,"M","T","$","?","M","R","M","M","T","?","E","M","M","E","R","B",null,"M","M","?","?","M","R","E","R","T","?","$","R","?","M","R","B",null,"R","$","E","B",null],"character_chosen":"DEFECT","items_purchased":["OrangePellets","Conserve Battery","Self Repair","Membership Card","Vajra","Juzu Bracelet","Violence","Letter Opener","All For One","Reinforced Body","Blood Vial","Violence","Frozen Eye"],"campfire_rested":1,"item_purchase_floors":[11,20,20,45,45,45,45,53,53,53,53,53,53],"current_hp_per_floor":[64,57,57,57,57,32,32,32,32,30,30,25,25,25,25,24,59,56,56,56,56,62,62,69,71,71,71,71,65,71,67,67,71,71,71,71,65,55,51,71,57,57,57,47,47,47,54,58,58,52,66,66,66,65,11],"gold":48,"neow_bonus":"BOSS_RELIC","is_prod":false,"is_daily":false,"chose_seed":false,"campfire_upgraded":6,"win_rate":0,"timestamp":1552525729,"path_taken":["M","M","?","?","?","E","R","M","T","E","$","E","R","M","R","BOSS","M","?","$","?","M","R","M","M","T","?","E","M","M","E","R","BOSS","M","M","?","?","M","R","E","R","T","?","$","R","?","M","R","BOSS","R","$","E","BOSS"],"build_version":"2019-02-06","purchased_purges":2,"victory":true,"max_hp_per_floor":[71,71,71,71,71,71,71,71,71,71,71,71,71,71,71,71,71,71,71,71,71,71,71,71,71,71,71,71,71,71,71,71,71,71,71,71,71,71,71,71,71,71,71,71,71,71,71,71,71,71,71,71,71,85,85],"card_choices":[{"not_picked":["Barrage","Tempest"],"picked":"Ball Lightning","floor":1},{"not_picked":["Beam Cell","Steam Power"],"picked":"Sweeping Beam","floor":2},{"not_picked":["Force Field","Chaos"],"picked":"Leap","floor":6},{"not_picked":["Hologram","Stack"],"picked":"Steam","floor":8},{"not_picked":["Force Field","Melter","Sweeping Beam"],"picked":"SKIP","floor":10},{"not_picked":["Ball Lightning","Chaos"],"picked":"Reinforced Body","floor":12},{"not_picked":["FTL","Turbo"],"picked":"Gash","floor":14},{"not_picked":["Reboot","Fission"],"picked":"All For One","floor":16},{"not_picked":["Scrape","Fusion+1"],"picked":"Recycle","floor":18},{"not_picked":["Turbo","Rebound","Redo"],"picked":"SKIP","floor":22},{"not_picked":["Compile Driver","Conserve Battery"],"picked":"Glacier","floor":24},{"not_picked":["Leap","Tempest","Compile Driver"],"picked":"SKIP","floor":25},{"not_picked":["Coolheaded","FTL"],"picked":"Biased Cognition","floor":28},{"not_picked":["Leap","Reprogram","Conserve Battery"],"picked":"SKIP","floor":29},{"not_picked":["Steam","Stack","Heatsinks"],"picked":"SKIP","floor":30},{"not_picked":["Rebound","Blizzard","Glacier"],"picked":"SKIP","floor":31},{"not_picked":["Hyperbeam","Machine Learning"],"picked":"Electrodynamics","floor":33},{"not_picked":["Rebound","Sweeping Beam"],"picked":"Gash+1","floor":35},{"not_picked":["Go for the Eyes","Ball Lightning+1"],"picked":"Hologram","floor":36},{"not_picked":["Double Energy","Compile Driver"],"picked":"Coolheaded","floor":37},{"not_picked":["Thinking Ahead","Mayhem"],"picked":"Impatience","floor":38},{"not_picked":["Ball Lightning","Conserve Battery","Beam Cell"],"picked":"SKIP","floor":39},{"not_picked":["Sweeping Beam","Conserve Battery","Core Surge"],"picked":"SKIP","floor":41},{"not_picked":["Rebound","Cold Snap","Rip and Tear"],"picked":"SKIP","floor":48},{"not_picked":["Hologram","Sweeping Beam"],"picked":"Buffer","floor":54}],"player_experience":2170360,"relics_obtained":[{"floor":6,"key":"Calipers"},{"floor":9,"key":"Kunai"},{"floor":10,"key":"Bronze Scales"},{"floor":12,"key":"Bag of Preparation"},{"floor":26,"key":"Oddly Smooth Stone"},{"floor":28,"key":"Shovel"},{"floor":31,"key":"Torii"},{"floor":32,"key":"Orichalcum"},{"floor":37,"key":"Old Coin"},{"floor":41,"key":"Potion Belt"},{"floor":43,"key":"Dream Catcher"},{"floor":46,"key":"PreservedInsect"},{"floor":47,"key":"Bird Faced Urn"},{"floor":54,"key":"Mango"}],"event_choices":[{"damage_healed":0,"gold_gain":0,"player_choice":"Bought 1 Potion","damage_taken":0,"max_hp_gain":0,"max_hp_loss":0,"event_name":"The Woman in Blue","floor":3,"gold_loss":0},{"cards_removed":["Strike_B"],"damage_healed":0,"gold_gain":0,"player_choice":"Purged","damage_taken":0,"max_hp_gain":0,"max_hp_loss":0,"event_name":"Purifier","floor":5,"gold_loss":0},{"damage_healed":0,"gold_gain":0,"player_choice":"Obtained Relic","damage_taken":0,"relics_obtained":["MawBank"],"max_hp_gain":0,"max_hp_loss":0,"event_name":"Addict","floor":21,"gold_loss":85},{"cards_removed":["Defend_B"],"damage_healed":0,"gold_gain":0,"player_choice":"Gave Gold","damage_taken":0,"max_hp_gain":0,"max_hp_loss":0,"event_name":"Beggar","floor":27,"gold_loss":75},{"damage_healed":0,"gold_gain":0,"player_choice":"Fight","damage_taken":0,"max_hp_gain":0,"max_hp_loss":0,"event_name":"Mysterious Sphere","floor":37,"gold_loss":0},{"damage_healed":0,"gold_gain":0,"player_choice":"Memory 3","damage_taken":10,"max_hp_gain":0,"max_hp_loss":0,"event_name":"SensoryStone","floor":38,"gold_loss":0},{"damage_healed":0,"gold_gain":0,"player_choice":"Damaged","damage_taken":10,"max_hp_gain":0,"max_hp_loss":0,"event_name":"Wheel of Change","floor":44,"gold_loss":0},{"damage_healed":0,"gold_gain":0,"player_choice":"Fight","damage_taken":0,"max_hp_gain":0,"max_hp_loss":0,"event_name":"MindBloom","floor":47,"gold_loss":0}],"is_beta":true,"boss_relics":[{"not_picked":["Snecko Eye","Tiny House"],"picked":"Empty Cage"},{"not_picked":["Busted Crown","Coffee Dripper"],"picked":"Sozu"}],"items_purged_floors":[45,53],"is_endless":false,"potions_floor_spawned":[8,10,14,16,22,30,31,33,39,41],"ascension_level":15}