{"gold_per_floor":[111,123,198,123,134,134,144,144,144,144,154,154,173,203,203,203],"floor_reached":16,"playtime":633,"items_purged":["Strike_R"],"score":128,"play_id":"f8769156-6b60-4444-a864-30650c227137","local_time":"20190313163412","is_ascension_mode":true,"campfire_choices":[{"data":"Searing Blow","floor":6,"key":"SMITH"},{"data":"Searing Blow+1","floor":8,"key":"SMITH"},{"data":"Searing Blow+2","floor":10,"key":"SMITH"},{"data":"Searing Blow+3","floor":15,"key":"SMITH"}],"neow_cost":"NONE","seed_source_timestamp":17771901482551,"circlet_count":0,"master_deck":["Strike_R","Strike_R","Strike_R","Strike_R","Defend_R","Defend_R+1","Defend_R+1","Defend_R","Bash","Feel No Pain","Burning Pact","Searing Blow+4","Pommel Strike","Shrug It Off","Iron Wave"],"relics":["Burning Blood","Blood Vial","Shuriken","Du-Vu Doll","War Paint"],"potions_floor_usage":[5,11,14,16],"damage_taken":[{"damage":2,"enemies":"2 Louse","floor":1,"turns":4},{"damage":10,"enemies":"Jaw Worm","floor":2,"turns":6},{"damage":5,"enemies":"Cultist","floor":5,"turns":5},{"damage":20,"enemies":"Large Slime","floor":7,"turns":7},{"damage":16,"enemies":"Exordium Thugs","floor":11,"turns":5},{"damage":8,"enemies":"Blue Slaver","floor":13,"turns":3},{"damage":7,"enemies":"3 Sentries","floor":14,"turns":5},{"damage":33,"enemies":"Slime Boss","floor":16,"turns":7}],"seed_played":"-7866377064012209122","potions_obtained":[{"floor":1,"key":"EssenceOfSteel"},{"floor":2,"key":"LiquidBronze"},{"floor":7,"key":"Block Potion"},{"floor":13,"key":"AttackPotion"}],"is_trial":false,"path_per_floor":["M","M","?","$","M","R","M","R","T","R","M","?","M","E","R","B"],"character_chosen":"IRONCLAD","items_purchased":[],"campfire_rested":0,"item_purchase_floors":[],"current_hp_per_floor":[80,76,65,65,68,68,56,56,56,56,48,30,30,31,31,0],"gold":203,"neow_bonus":"RANDOM_COMMON_RELIC","is_prod":false,"is_daily":false,"chose_seed":false,"campfire_upgraded":4,"win_rate":0,"timestamp":1552520052,"path_taken":["M","M","?","$","M","R","M","R","T","R","M","?","M","E","R","BOSS"],"build_version":"2019-01-23","purchased_purges":1,"victory":false,"max_hp_per_floor":[80,80,80,80,80,80,80,80,80,80,80,80,80,80,80,80],"card_choices":[{"not_picked":["Dropkick","Perfected Strike"],"picked":"Feel No Pain","floor":1},{"not_picked":["Armaments","Perfected Strike"],"picked":"Burning Pact","floor":2},{"not_picked":["Clothesline","Thunderclap"],"picked":"Searing Blow","floor":5},{"not_picked":["Rampage","Wild Strike"],"picked":"Pommel Strike","floor":7},{"not_picked":["Thunderclap","Clash"],"picked":"Shrug It Off","floor":11},{"not_picked":["Perfected Strike","True Grit"],"picked":"Iron Wave","floor":13},{"not_picked":["Pommel Strike","Metallicize","Reaper"],"picked":"SKIP","floor":14}],"player_experience":425348,"relics_obtained":[{"floor":9,"key":"Shuriken"},{"floor":14,"key":"War Paint"}],"event_choices":[{"damage_healed":0,"gold_gain":75,"player_choice":"Gather Gold","damage_taken":11,"max_hp_gain":0,"max_hp_loss":0,"event_name":"World of Goop","floor":3,"gold_loss":0},{"damage_healed":0,"gold_gain":0,"player_choice":"Success","damage_taken":18,"relics_obtained":["Du-Vu Doll"],"max_hp_gain":0,"max_hp_loss":0,"event_name":"Scrap Ooze","floor":12,"gold_loss":0}],"is_beta":false,"boss_relics":[],"items_purged_floors":[4],"is_endless":false,"potions_floor_spawned":[1,2,7,13],"killed_by":"Slime Boss","ascension_level":5}