{"gold_per_floor":[112,129,41,55,65,100,100,134,211,211,11,11,39,53,53,129,129,141,159,10,23,23,23,73,73,97,132,145,145],"floor_reached":29,"playtime":1039,"items_purged":[],"score":529,"play_id":"e2e4668a-874a-4474-9e8c-4ce62070600c","local_time":"20190218190849","is_ascension_mode":true,"campfire_choices":[{"floor":7.0,"key":"REST"},{"data":"Neutralize","floor":12.0,"key":"SMITH"},{"data":"Noxious Fumes","floor":15.0,"key":"SMITH"},{"data":"Envenom","floor":23.0,"key":"SMITH"},{"data":"After Image","floor":25.0,"key":"SMITH"}],"neow_cost":"PERCENT_DAMAGE","seed_source_timestamp":107947146007649,"circlet_count":0,"master_deck":["AscendersBane","Defend_G","Defend_G","Defend_G","Defend_G","Defend_G","Strike_G","Strike_G","Survivor","Neutralize+1","After Image+1","Dagger Spray","Noxious Fumes+1","Flying Knee","Caltrops","PiercingWail","Well Laid Plans","Envenom+1","Backflip+1","Heel Hook+1","Grand Finale+1","Cloak And Dagger"],"special_seed":0,"relics":["Ring of the Snake","Peace Pipe","Mango","Paper Crane","OrangePellets","Strawberry","Astrolabe","Snake Skull","Ancient Tea Set","Dream Catcher"],"potions_floor_usage":[29,29],"damage_taken":[{"damage":3.0,"enemies":"Cultist","floor":1.0,"turns":5.0},{"damage":4.0,"enemies":"Small Slimes","floor":2.0,"turns":4.0},{"damage":0.0,"enemies":"2 Louse","floor":4.0,"turns":2.0},{"damage":4.0,"enemies":"Blue Slaver","floor":5.0,"turns":5.0},{"damage":21.0,"enemies":"Gremlin Nob","floor":6.0,"turns":5.0},{"damage":16.0,"enemies":"3 Sentries","floor":8.0,"turns":7.0},{"damage":0.0,"enemies":"Lagavulin","floor":13.0,"turns":9.0},{"damage":0.0,"enemies":"Lots of Slimes","floor":14.0,"turns":4.0},{"damage":6.0,"enemies":"Hexaghost","floor":16.0,"turns":11.0},{"damage":20.0,"enemies":"Spheric Guardian","floor":18.0,"turns":7.0},{"damage":4.0,"enemies":"Chosen","floor":19.0,"turns":6.0},{"damage":5.0,"enemies":"Snecko","floor":21.0,"turns":5.0},{"damage":17.0,"enemies":"Book of Stabbing","floor":27.0,"turns":7.0},{"damage":3.0,"enemies":"Cultist and Chosen","floor":28.0,"turns":5.0},{"damage":32,"enemies":"Slavers","floor":29,"turns":4}],"seed_played":"-2470628687441196900","potions_obtained":[{"floor":4.0,"key":"SkillPotion"},{"floor":5.0,"key":"Explosive Potion"},{"floor":8.0,"key":"SkillPotion"},{"floor":13.0,"key":"Ancient Potion"},{"floor":21.0,"key":"Explosive Potion"},{"floor":27.0,"key":"Explosive Potion"}],"is_trial":false,"path_per_floor":["M","M","$","M","M","E","R","E","T","?","$","R","E","M","R","B",null,"M","M","$","M","?","R","?","R","T","E","M","E"],"character_chosen":"THE_SILENT","items_purchased":["Noxious Fumes","Flying Knee","OrangePellets","Snake Skull"],"campfire_rested":1,"item_purchase_floors":[3,3,11,20],"current_hp_per_floor":[41,37,37,37,33,12,31,29,29,34,34,34,41,41,41,35,78,58,54,54,49,49,49,49,49,49,32,29,0],"gold":145,"neow_bonus":"THREE_RARE_CARDS","is_prod":false,"is_daily":false,"chose_seed":false,"campfire_upgraded":4,"win_rate":0,"timestamp":1550534929,"path_taken":["M","M","$","?","M","E","R","E","T","?","$","R","E","M","R","BOSS","M","M","$","M","?","R","?","R","T","E","?","E"],"build_version":"2019-02-06","purchased_purges":0,"victory":false,"max_hp_per_floor":[66,66,66,66,66,66,66,80,80,85,85,85,92,92,92,92,92,92,92,92,92,92,92,92,92,92,92,92,92],"card_choices":[{"not_picked":["Phantasmal Killer","Doppelganger"],"picked":"After Image","floor":0.0},{"not_picked":["Acrobatics","Endless Agony"],"picked":"Dagger Spray","floor":1.0},{"not_picked":["Slice","Sucker Punch","Reflex"],"picked":"SKIP","floor":2.0},{"not_picked":["Underhanded Strike","Slice"],"picked":"Caltrops","floor":4.0},{"not_picked":["Skewer","Caltrops"],"picked":"PiercingWail","floor":5.0},{"not_picked":["Grand Finale","Deflect","Outmaneuver"],"picked":"SKIP","floor":6.0},{"not_picked":["Poisoned Stab","Dagger Throw"],"picked":"Well Laid Plans","floor":8.0},{"not_picked":["Finisher","Eviscerate","Poisoned Stab"],"picked":"SKIP","floor":13.0},{"not_picked":["Endless Agony","Well Laid Plans","Sucker Punch"],"picked":"SKIP","floor":14.0},{"not_picked":["Tools of the Trade","Storm of Steel"],"picked":"Envenom","floor":16.0},{"not_picked":["Quick Slash","Acrobatics","Prepared"],"picked":"SKIP","floor":18.0},{"not_picked":["Calculated Gamble","Dagger Spray","Flying Knee"],"picked":"SKIP","floor":19.0},{"not_picked":["Sucker Punch","Concentrate","Dodge and Roll"],"picked":"SKIP","floor":21.0},{"not_picked":["Blade Dance","Deflect"],"picked":"Cloak And Dagger","floor":27.0},{"not_picked":["Dagger Spray","Bane","Finisher+1"],"picked":"SKIP","floor":28.0}],"player_experience":1989320,"relics_obtained":[{"floor":6.0,"key":"Peace Pipe"},{"floor":8.0,"key":"Mango"},{"floor":9.0,"key":"Paper Crane"},{"floor":13.0,"key":"Strawberry"},{"floor":26.0,"key":"Ancient Tea Set"},{"floor":27.0,"key":"Dream Catcher"}],"event_choices":[{"damage_healed":0.0,"max_hp_gain":5.0,"max_hp_loss":0.0,"gold_gain":0.0,"event_name":"Big Fish","player_choice":"Donut","floor":10.0,"gold_loss":0.0,"damage_taken":0.0},{"damage_healed":0.0,"max_hp_gain":0.0,"max_hp_loss":0.0,"gold_gain":0.0,"event_name":"The Mausoleum","player_choice":"Ignored","floor":22.0,"gold_loss":0.0,"damage_taken":0.0},{"damage_healed":0.0,"max_hp_gain":0.0,"max_hp_loss":0.0,"gold_gain":50.0,"event_name":"Golden Shrine","player_choice":"Pray","floor":24.0,"gold_loss":0.0,"damage_taken":0.0}],"is_beta":true,"boss_relics":[{"not_picked":["Busted Crown","Lizard Tail"],"picked":"Astrolabe"}],"items_purged_floors":[],"is_endless":false,"potions_floor_spawned":[4,5,8,13,14,21,27],"killed_by":"Slavers","ascension_level":15}