{"gold_per_floor":[115,190,76,92,106,137,137,137,162,237,253,253,253,293,293,419,419,438,462,462],"floor_reached":20,"playtime":1068,"items_purged":["Strike_G"],"score":191,"play_id":"6e6aceb3-dc4e-4ab0-97ad-4085a793d6f8","local_time":"20190306212351","is_ascension_mode":true,"campfire_choices":[{"data":"Noxious Fumes","floor":7,"key":"SMITH"},{"floor":13,"key":"REST"},{"floor":15,"key":"REST"}],"neow_cost":"NONE","seed_source_timestamp":9860919717240,"circlet_count":0,"master_deck":["Defend_G","Defend_G","Defend_G","Defend_G","Defend_G","Strike_G","Strike_G","Strike_G","Strike_G","Survivor","Neutralize","Noxious Fumes+1","Well Laid Plans","PiercingWail","Cloak And Dagger","Cloak And Dagger","Catalyst","Injury","Footwork","Burst","Catalyst","Distraction"],"relics":["Ring of the Snake","NeowsBlessing","Ancient Tea Set","Mercury Hourglass","Juzu Bracelet","Golden Idol","Ornamental Fan","Black Star"],"potions_floor_usage":[6,16],"damage_taken":[{"damage":0,"enemies":"Small Slimes","floor":1,"turns":1},{"damage":0,"enemies":"Cultist","floor":4,"turns":1},{"damage":0,"enemies":"Jaw Worm","floor":5,"turns":1},{"damage":16,"enemies":"Lagavulin","floor":6,"turns":10},{"damage":0,"enemies":"2 Fungi Beasts","floor":11,"turns":3},{"damage":26,"enemies":"Gremlin Nob","floor":14,"turns":5},{"damage":8,"enemies":"Hexaghost","floor":16,"turns":12},{"damage":1,"enemies":"3 Byrds","floor":18,"turns":4},{"damage":19,"enemies":"2 Thieves","floor":19,"turns":5},{"damage":53,"enemies":"Masked Bandits","floor":20,"turns":5}],"seed_played":"7261980934228143720","potions_obtained":[{"floor":1,"key":"FearPotion"},{"floor":11,"key":"Block Potion"},{"floor":14,"key":"SteroidPotion"},{"floor":16,"key":"Strength Potion"}],"is_trial":false,"path_per_floor":["M","?","$","M","M","E","R","?","T","?","M","?","R","E","R","B",null,"M","M","?"],"character_chosen":"THE_SILENT","items_purchased":["Well Laid Plans"],"campfire_rested":2,"item_purchase_floors":[3],"current_hp_per_floor":[70,63,63,63,63,47,47,40,40,29,29,29,50,24,45,37,70,69,50,0],"gold":462,"neow_bonus":"THREE_ENEMY_KILL","is_prod":false,"is_daily":false,"chose_seed":false,"campfire_upgraded":1,"win_rate":0,"timestamp":1551875031,"path_taken":["M","?","?","M","?","E","R","?","T","?","M","?","R","E","R","BOSS","M","M","?"],"build_version":"2019-01-23","purchased_purges":1,"victory":false,"max_hp_per_floor":[70,70,70,70,70,70,70,70,70,70,70,70,70,70,70,70,70,70,70,70],"card_choices":[{"not_picked":["Skewer","Heel Hook"],"picked":"Noxious Fumes","floor":1},{"not_picked":["Quick Slash","Heel Hook"],"picked":"PiercingWail","floor":4},{"not_picked":["Die Die Die","Calculated Gamble"],"picked":"Cloak And Dagger","floor":5},{"not_picked":["Poisoned Stab","Dagger Spray"],"picked":"Cloak And Dagger","floor":6},{"not_picked":["Blade Dance","Dash"],"picked":"Catalyst","floor":11},{"not_picked":["Cloak And Dagger","Catalyst"],"picked":"Footwork","floor":14},{"not_picked":["Envenom","Venomology"],"picked":"Burst","floor":16},{"not_picked":["Flying Knee+1","Acrobatics"],"picked":"Catalyst","floor":18},{"not_picked":["PiercingWail+1","Well Laid Plans"],"picked":"Distraction","floor":19}],"player_experience":134195,"relics_obtained":[{"floor":6,"key":"Ancient Tea Set"},{"floor":9,"key":"Juzu Bracelet"},{"floor":14,"key":"Ornamental Fan"}],"event_choices":[{"damage_healed":0,"gold_gain":75,"player_choice":"Touch","damage_taken":7,"max_hp_gain":0,"max_hp_loss":0,"event_name":"FaceTrader","floor":2,"gold_loss":0},{"damage_healed":0,"gold_gain":0,"player_choice":"Success","damage_taken":7,"relics_obtained":["Mercury Hourglass"],"max_hp_gain":0,"max_hp_loss":0,"event_name":"Scrap Ooze","floor":8,"gold_loss":0},{"damage_healed":0,"gold_gain":75,"player_choice":"Gather Gold","damage_taken":11,"max_hp_gain":0,"max_hp_loss":0,"event_name":"World of Goop","floor":10,"gold_loss":0},{"damage_healed":0,"gold_gain":0,"player_choice":"Take Wound","damage_taken":0,"relics_obtained":["Golden Idol"],"max_hp_gain":0,"max_hp_loss":0,"event_name":"Golden Idol","floor":12,"gold_loss":0,"cards_obtained":["Injury"]},{"damage_healed":0,"gold_gain":0,"player_choice":"Fought Bandits","damage_taken":0,"max_hp_gain":0,"max_hp_loss":0,"event_name":"Masked Bandits","floor":20,"gold_loss":0}],"is_beta":false,"boss_relics":[{"not_picked":["Empty Cage","WristBlade"],"picked":"Black Star"}],"items_purged_floors":[3],"is_endless":false,"potions_floor_spawned":[1,11,14,16],"killed_by":"Masked Bandits","ascension_level":1}