{"gold_per_floor":[115,115,115,135,148,148,223,237,237,262,282,282,282,297,297,399,399,386,398,174,174,191,191,191],"floor_reached":24,"playtime":1727,"items_purged":["Defend_R"],"score":297,"play_id":"adb0fce6-3eeb-46de-80f4-1ab42d92573a","local_time":"20190131020924","is_ascension_mode":true,"campfire_choices":[{"data":"Flex","floor":6,"key":"SMITH"},{"data":"Heavy Blade","floor":12,"key":"SMITH"},{"floor":15,"key":"REST"},{"floor":23,"key":"REST"}],"neow_cost":"NONE","seed_source_timestamp":307150093875981,"circlet_count":0,"master_deck":["AscendersBane","Strike_R","Strike_R+1","Strike_R","Strike_R","Defend_R","Defend_R","Defend_R","Bash+1","Flex+1","Heavy Blade+1","Shrug It Off","Impervious","Metallicize","Barricade","Iron Wave","Body Slam","Body Slam+1","Flame Barrier","Inflame","Bandage Up","Flex+1"],"relics":["Burning Blood","Smiling Mask","Dream Catcher","Singing Bowl","Orrery","Nilry\u0027s Codex"],"potions_floor_usage":[10,10,14,22,22,24,24],"damage_taken":[{"damage":2,"enemies":"Small Slimes","floor":1,"turns":4},{"damage":1,"enemies":"Cultist","floor":4,"turns":4},{"damage":9,"enemies":"Jaw Worm","floor":5,"turns":5},{"damage":7,"enemies":"3 Louse","floor":8,"turns":4},{"damage":35,"enemies":"Lagavulin","floor":10,"turns":7},{"damage":8,"enemies":"Blue Slaver","floor":11,"turns":6},{"damage":4,"enemies":"Large Slime","floor":14,"turns":6},{"damage":48,"enemies":"The Guardian","floor":16,"turns":11},{"damage":14,"enemies":"2 Thieves","floor":18,"turns":4},{"damage":46,"enemies":"Shell Parasite","floor":19,"turns":10},{"damage":12,"enemies":"Centurion and Healer","floor":22,"turns":11},{"damage":50,"enemies":"Gremlin Leader","floor":24,"turns":6}],"seed_played":"-7522129991985842708","potions_obtained":[{"floor":4,"key":"SkillPotion"},{"floor":8,"key":"Swift Potion"},{"floor":11,"key":"Strength Potion"},{"floor":14,"key":"SneckoOil"},{"floor":16,"key":"Dexterity Potion"},{"floor":19,"key":"BloodPotion"},{"floor":22,"key":"Energy Potion"}],"is_trial":false,"path_per_floor":["M","?","?","M","M","R","?","M","T","E","M","R","?","M","R","B",null,"M","M","$","?","M","R","E"],"character_chosen":"IRONCLAD","items_purchased":["Inflame","Bandage Up"],"campfire_rested":2,"item_purchase_floors":[20,20],"current_hp_per_floor":[76,76,76,80,77,77,66,65,65,38,38,38,21,25,50,8,73,65,25,25,9,16,45,0],"gold":191,"neow_bonus":"RANDOM_COMMON_RELIC","is_prod":false,"is_daily":false,"chose_seed":false,"campfire_upgraded":2,"win_rate":0,"timestamp":1548896964,"path_taken":["M","?","?","?","M","R","?","M","T","E","M","R","?","M","R","BOSS","M","M","$","?","M","R","E"],"build_version":"2019-01-23","purchased_purges":1,"victory":false,"max_hp_per_floor":[80,80,80,80,80,80,80,80,80,82,84,84,84,86,86,86,92,92,92,92,92,92,94,94],"card_choices":[{"not_picked":["Cleave","Iron Wave"],"picked":"Flex","floor":1},{"not_picked":["Perfected Strike","Pummel"],"picked":"Heavy Blade","floor":4},{"not_picked":["Fire Breathing","Second Wind"],"picked":"Shrug It Off","floor":5},{"not_picked":["Clothesline","Infernal Blade"],"picked":"Impervious","floor":8},{"not_picked":["Pommel Strike","Bloodletting","Body Slam"],"picked":"Singing Bowl","floor":10},{"not_picked":["Evolve","Second Wind","Cleave"],"picked":"Singing Bowl","floor":11},{"not_picked":["Shrug It Off","True Grit","Feel No Pain"],"picked":"Singing Bowl","floor":14},{"not_picked":["Flex","Hemokinesis"],"picked":"Metallicize","floor":15},{"not_picked":["Bludgeon","Immolate"],"picked":"Barricade","floor":16},{"not_picked":["Carnage","Iron Wave","Flex"],"picked":"Singing Bowl","floor":17},{"not_picked":["Whirlwind","Heavy Blade"],"picked":"Iron Wave","floor":17},{"not_picked":["Flex","Blood for Blood","Dual Wield"],"picked":"Singing Bowl","floor":17},{"not_picked":["Flex","Headbutt"],"picked":"Body Slam","floor":17},{"not_picked":["Burning Pact","Juggernaut","Corruption"],"picked":"Singing Bowl","floor":17},{"not_picked":["Flex","Spot Weakness"],"picked":"Body Slam+1","floor":18},{"not_picked":["Heavy Blade","True Grit+1"],"picked":"Flame Barrier","floor":19},{"not_picked":["Pommel Strike","Entrench"],"picked":"Flex+1","floor":22},{"not_picked":["Anger","True Grit+1","Thunderclap"],"picked":"Singing Bowl","floor":23}],"player_experience":192164,"relics_obtained":[{"floor":9,"key":"Dream Catcher"},{"floor":10,"key":"Singing Bowl"},{"floor":21,"key":"Nilry\u0027s Codex"}],"event_choices":[{"damage_healed":0,"gold_gain":0,"player_choice":"Leave","damage_taken":0,"max_hp_gain":0,"max_hp_loss":0,"event_name":"The Cleric","floor":2,"gold_loss":0},{"cards_removed":["Strike_R"],"damage_healed":0,"gold_gain":0,"player_choice":"Offered Basic","damage_taken":0,"max_hp_gain":0,"max_hp_loss":0,"event_name":"Bonfire Elementals","floor":3,"gold_loss":0},{"damage_healed":0,"gold_gain":75,"player_choice":"Gather Gold","damage_taken":11,"max_hp_gain":0,"max_hp_loss":0,"event_name":"World of Goop","floor":7,"gold_loss":0},{"damage_healed":0,"gold_gain":0,"player_choice":"Entered Light","damage_taken":17,"max_hp_gain":0,"max_hp_loss":0,"event_name":"Shining Light","floor":13,"gold_loss":0,"cards_upgraded":["Strike_R","Bash"]},{"damage_healed":0,"gold_gain":0,"player_choice":"Obtained Book","damage_taken":16,"max_hp_gain":0,"max_hp_loss":0,"event_name":"Cursed Tome","floor":21,"gold_loss":0}],"is_beta":false,"boss_relics":[{"not_picked":["Ectoplasm","White Beast Statue"],"picked":"Orrery"}],"items_purged_floors":[20],"is_endless":false,"potions_floor_spawned":[4,8,11,14,16,19,22],"killed_by":"Gremlin Leader","ascension_level":10}