{"gold_per_floor":[214,224,224,58,58,58,58,74,125,135,166,176,176,46,46,123,123,135,152,152,152],"floor_reached":21,"playtime":702,"items_purged":["Strike_B"],"score":358,"play_id":"76421676-e68a-4a6c-bd08-b6658e1447b5","local_time":"20190313141215","is_ascension_mode":true,"campfire_choices":[{"data":"Zap","floor":6,"key":"SMITH"},{"floor":13,"key":"REST"},{"data":"Darkness","floor":15,"key":"SMITH"}],"neow_cost":"NONE","seed_source_timestamp":82024986487800,"circlet_count":0,"master_deck":["AscendersBane","Strike_B","Strike_B","Defend_B","Defend_B","Defend_B","Defend_B","Zap+1","Dualcast","Steam","Darkness+1","Genetic Algorithm","Undo","Go for the Eyes","Thunder Strike","Creative AI","Ball Lightning","Leap+1"],"relics":["Cracked Core","PreservedInsect","Regal Pillow","Bronze Scales","Nuclear Battery"],"potions_floor_usage":[11,11,16,19],"damage_taken":[{"damage":1,"enemies":"Cultist","floor":1,"turns":4},{"damage":7,"enemies":"Jaw Worm","floor":2,"turns":4},{"damage":4,"enemies":"Small Slimes","floor":8,"turns":3},{"damage":14,"enemies":"Exordium Wildlife","floor":10,"turns":3},{"damage":9,"enemies":"Lagavulin","floor":11,"turns":7},{"damage":9,"enemies":"Exordium Thugs","floor":12,"turns":5},{"damage":14,"enemies":"Slime Boss","floor":16,"turns":5},{"damage":8,"enemies":"Spheric Guardian","floor":18,"turns":5},{"damage":0,"enemies":"3 Byrds","floor":19,"turns":3},{"damage":54,"enemies":"Colosseum Slavers","floor":21,"turns":4}],"seed_played":"-2417052483476210512","potions_obtained":[{"floor":2,"key":"Regen Potion"},{"floor":8,"key":"SkillPotion"},{"floor":10,"key":"Block Potion"},{"floor":18,"key":"Fire Potion"}],"is_trial":false,"path_per_floor":["M","M","?","$","?","R","$","M","T","M","E","M","R","$","R","B",null,"M","M","?","?"],"character_chosen":"DEFECT","items_purchased":["PreservedInsect","Dexterity Potion"],"campfire_rested":1,"item_purchase_floors":[4,14],"current_hp_per_floor":[63,56,56,56,49,49,49,45,45,31,37,28,64,64,64,50,66,58,58,38,0],"gold":152,"neow_bonus":"HUNDRED_GOLD","is_prod":false,"is_daily":false,"chose_seed":false,"campfire_upgraded":2,"win_rate":0,"timestamp":1552500735,"path_taken":["M","?","?","$","?","R","?","M","T","M","E","?","R","$","R","BOSS","M","M","?","?"],"build_version":"2019-01-23","purchased_purges":1,"victory":false,"max_hp_per_floor":[71,71,71,71,71,71,71,71,71,71,71,71,71,71,71,71,71,71,71,76,76],"card_choices":[{"not_picked":["Streamline","Undo"],"picked":"Steam","floor":1},{"not_picked":["Steam","Undo"],"picked":"Darkness","floor":2},{"not_picked":["Storm","Reprogram"],"picked":"Genetic Algorithm","floor":8},{"not_picked":["Lockon","Stack"],"picked":"Undo","floor":10},{"not_picked":["Barrage","Gash"],"picked":"Go for the Eyes","floor":11},{"not_picked":["Compile Driver","Melter"],"picked":"Thunder Strike","floor":12},{"not_picked":["Meteor Strike","Core Surge"],"picked":"Creative AI","floor":16},{"not_picked":["Stack","Gash"],"picked":"Ball Lightning","floor":18},{"not_picked":["Cold Snap","Steam"],"picked":"Leap+1","floor":19}],"player_experience":1315401,"relics_obtained":[{"floor":9,"key":"Regal Pillow"},{"floor":11,"key":"Bronze Scales"}],"event_choices":[{"damage_healed":0,"gold_gain":0,"player_choice":"Ignored","damage_taken":0,"max_hp_gain":0,"max_hp_loss":0,"event_name":"Golden Idol","floor":3,"gold_loss":0},{"cards_removed":["Strike_B"],"damage_healed":0,"gold_gain":0,"player_choice":"Card Removal","damage_taken":7,"max_hp_gain":0,"max_hp_loss":0,"event_name":"Golden Wing","floor":5,"gold_loss":0},{"damage_healed":0,"gold_gain":0,"player_choice":"Shed Blood","damage_taken":25,"max_hp_gain":5,"max_hp_loss":0,"event_name":"Forgotten Altar","floor":20,"gold_loss":0},{"damage_healed":0,"gold_gain":0,"player_choice":"Fight","damage_taken":0,"max_hp_gain":0,"max_hp_loss":0,"event_name":"Colosseum","floor":21,"gold_loss":0}],"is_beta":false,"boss_relics":[{"not_picked":["Calling Bell","Lizard Tail"],"picked":"Nuclear Battery"}],"items_purged_floors":[14],"is_endless":false,"potions_floor_spawned":[2,8,10,18],"killed_by":"Colosseum Slavers","ascension_level":20}