{"gold_per_floor":[112,112,38,138,154,154,154,154,204,216,244,297,309,354,366,378],"floor_reached":16,"playtime":389,"items_purged":[],"score":186,"play_id":"bea4b667-8c45-465b-914b-4e7ba62f3a31","local_time":"20190302170434","is_ascension_mode":true,"campfire_choices":[{"data":"Bouncing Flask","floor":6,"key":"SMITH"},{"data":"Neutralize","floor":8,"key":"SMITH"},{"data":"Dagger Throw","floor":10,"key":"SMITH"},{"floor":15,"key":"REST"}],"neow_cost":"NONE","seed_source_timestamp":1138111032471116,"circlet_count":0,"master_deck":["AscendersBane","Defend_G","Defend_G","Defend_G","Defend_G","Defend_G","Strike_G","Strike_G","Strike_G","Strike_G","Strike_G","Survivor","Neutralize+1","Bouncing Flask+1","Dagger Throw+1","Acrobatics","Crippling Poison"],"relics":["Runic Dome","Golden Idol","MawBank","Darkstone Periapt","Bag of Preparation"],"potions_floor_usage":[12,14],"damage_taken":[{"damage":2,"enemies":"Small Slimes","floor":1,"turns":4},{"damage":7,"enemies":"Jaw Worm","floor":5,"turns":3},{"damage":0,"enemies":"Cultist","floor":11,"turns":3},{"damage":10,"enemies":"3 Sentries","floor":12,"turns":7},{"damage":23,"enemies":"Gremlin Nob","floor":14,"turns":4},{"damage":41,"enemies":"Slime Boss","floor":16,"turns":9}],"seed_played":"-582981633642865693","potions_obtained":[{"floor":1,"key":"Strength Potion"},{"floor":5,"key":"Strength Potion"},{"floor":11,"key":"SteroidPotion"}],"is_trial":false,"path_per_floor":["M","?","$","?","M","R","?","R","T","R","M","E","$","E","R","B"],"character_chosen":"THE_SILENT","items_purchased":["Bouncing Flask"],"campfire_rested":1,"item_purchase_floors":[3],"current_hp_per_floor":[57,57,57,57,50,50,50,50,50,50,50,40,40,17,35,0],"gold":378,"neow_bonus":"BOSS_RELIC","is_prod":false,"is_daily":false,"chose_seed":false,"campfire_upgraded":3,"win_rate":0,"timestamp":1551564274,"path_taken":["M","?","$","?","?","R","?","R","T","R","M","E","$","E","R","BOSS"],"build_version":"2019-02-06","purchased_purges":0,"victory":false,"max_hp_per_floor":[66,60,60,60,60,60,60,60,60,60,60,60,60,60,60,60],"card_choices":[{"not_picked":["Tactician","Flying Knee","Concentrate"],"picked":"SKIP","floor":1},{"not_picked":["PiercingWail","Riddle With Holes"],"picked":"Dagger Throw","floor":5},{"not_picked":["Outmaneuver","Blade Dance"],"picked":"Acrobatics","floor":11},{"not_picked":["Expertise","Slice","Acrobatics"],"picked":"SKIP","floor":12},{"not_picked":["Prepared","Doppelganger"],"picked":"Crippling Poison","floor":14}],"player_experience":2071034,"relics_obtained":[{"floor":9,"key":"MawBank"},{"floor":12,"key":"Darkstone Periapt"},{"floor":14,"key":"Bag of Preparation"}],"event_choices":[{"damage_healed":0,"gold_gain":0,"player_choice":"Lose Max HP","damage_taken":0,"relics_obtained":["Golden Idol"],"max_hp_gain":0,"max_hp_loss":6,"event_name":"Golden Idol","floor":2,"gold_loss":0},{"damage_healed":0,"gold_gain":100,"player_choice":"Gold","damage_taken":0,"max_hp_gain":0,"max_hp_loss":0,"event_name":"Wheel of Change","floor":4,"gold_loss":0},{"damage_healed":0,"gold_gain":0,"player_choice":"Leave","damage_taken":0,"max_hp_gain":0,"max_hp_loss":0,"event_name":"The Cleric","floor":7,"gold_loss":0}],"is_beta":true,"boss_relics":[],"items_purged_floors":[],"is_endless":false,"potions_floor_spawned":[1,5,11],"killed_by":"Slime Boss","ascension_level":15}