{"gold_per_floor":[13,13,30,105,105,136,136,211,237,248,248,248,318,328,328,431,431,449,449,449,394,304,304],"floor_reached":23,"playtime":2224,"items_purged":[],"score":185,"play_id":"27c9ed2d-9047-49c0-ac12-5673980a2360","local_time":"20190314125131","is_ascension_mode":false,"campfire_choices":[{"data":"Sunder","floor":7,"key":"SMITH"},{"floor":11,"key":"REST"},{"data":"Chill","floor":15,"key":"SMITH"}],"neow_cost":"NO_GOLD","seed_source_timestamp":62848983585770,"circlet_count":0,"master_deck":["Strike_B","Strike_B","Strike_B","Defend_B","Defend_B","Defend_B+1","Zap+1","Dualcast","Rainbow+1","Chill+1","Coolheaded","Sunder+1","Self Repair","Compile Driver","Thunder Strike","Injury","Injury","Parasite","Redo+1","Sweeping Beam","BootSequence","Melter","Aggregate+1"],"relics":["Cracked Core","Sundial","Juzu Bracelet","Blood Vial","Calling Bell","Potion Belt","Ornamental Fan","Thread and Needle","Tiny Chest"],"potions_floor_usage":[3,6,6,16,16,23],"damage_taken":[{"damage":9,"enemies":"Jaw Worm","floor":1,"turns":3},{"damage":4,"enemies":"Cultist","floor":3,"turns":3},{"damage":3,"enemies":"3 Sentries","floor":6,"turns":5},{"damage":0,"enemies":"2 Louse","floor":10,"turns":1},{"damage":0,"enemies":"Exordium Wildlife","floor":14,"turns":2},{"damage":19,"enemies":"The Guardian","floor":16,"turns":10},{"damage":21,"enemies":"3 Byrds","floor":18,"turns":6},{"damage":25,"enemies":"2 Thieves","floor":22,"turns":5},{"damage":71,"enemies":"Slavers","floor":23,"turns":6}],"seed_played":"-6237791902350698974","potions_obtained":[{"floor":1,"key":"EntropicBrew"},{"floor":6,"key":"Block Potion"},{"floor":14,"key":"Regen Potion"}],"is_trial":false,"path_per_floor":["M","?","M","T","?","E","R","?","T","M","R","?","?","M","R","B",null,"M","?","?","?","M","E"],"character_chosen":"DEFECT","items_purchased":[],"campfire_rested":1,"item_purchase_floors":[],"current_hp_per_floor":[66,66,62,62,47,44,44,33,33,35,57,57,57,66,66,56,75,61,61,61,61,45,0],"gold":304,"neow_bonus":"THREE_RARE_CARDS","is_prod":false,"is_daily":false,"chose_seed":false,"campfire_upgraded":2,"win_rate":0.0,"timestamp":1552593091,"path_taken":["M","?","M","?","?","E","R","?","T","M","R","?","?","M","R","BOSS","M","?","?","?","M","E"],"build_version":"2019-01-23","purchased_purges":0,"victory":false,"max_hp_per_floor":[75,75,75,75,75,75,75,75,75,75,75,75,75,75,75,75,75,75,75,75,75,75,75],"card_choices":[{"not_picked":["All For One","Amplify"],"picked":"Rainbow","floor":0},{"not_picked":["Fusion","Gash"],"picked":"Chill","floor":1},{"not_picked":["Steam","Reinforced Body"],"picked":"Coolheaded","floor":3},{"not_picked":["Hologram","Cold Snap"],"picked":"Sunder","floor":6},{"not_picked":["Ball Lightning","Blizzard"],"picked":"Self Repair","floor":10},{"not_picked":["Chill","Stack"],"picked":"Compile Driver","floor":14},{"not_picked":["Amplify","Multi-Cast"],"picked":"Thunder Strike","floor":16},{"not_picked":["Aggregate","Consume"],"picked":"Redo+1","floor":18},{"not_picked":["Sweeping Beam","Turbo+1"],"picked":"Aggregate+1","floor":22}],"player_experience":73698,"relics_obtained":[{"floor":4,"key":"Sundial"},{"floor":6,"key":"Juzu Bracelet"},{"floor":9,"key":"Blood Vial"},{"floor":17,"key":"Potion Belt"},{"floor":17,"key":"Ornamental Fan"},{"floor":17,"key":"Thread and Needle"}],"event_choices":[{"damage_healed":0,"gold_gain":0,"player_choice":"Grow","damage_taken":0,"max_hp_gain":0,"max_hp_loss":0,"event_name":"Living Wall","floor":2,"gold_loss":0,"cards_upgraded":["Rainbow"]},{"damage_healed":0,"gold_gain":0,"player_choice":"Entered Light","damage_taken":15,"max_hp_gain":0,"max_hp_loss":0,"event_name":"Shining Light","floor":5,"gold_loss":0,"cards_upgraded":["Zap","Defend_B"]},{"damage_healed":0,"gold_gain":75,"player_choice":"Gather Gold","damage_taken":11,"max_hp_gain":0,"max_hp_loss":0,"event_name":"World of Goop","floor":8,"gold_loss":0},{"damage_healed":0,"gold_gain":0,"player_choice":"Ignored","damage_taken":0,"max_hp_gain":0,"max_hp_loss":0,"event_name":"NoteForYourself","floor":12,"gold_loss":0},{"damage_healed":0,"gold_gain":70,"player_choice":"Gained Gold","damage_taken":0,"max_hp_gain":0,"max_hp_loss":0,"event_name":"Golden Wing","floor":13,"gold_loss":0},{"damage_healed":0,"gold_gain":0,"cards_transformed":["Strike_B","Defend_B"],"player_choice":"Became Test Subject","damage_taken":0,"max_hp_gain":0,"max_hp_loss":0,"event_name":"Drug Dealer","floor":19,"gold_loss":0,"cards_obtained":["Sweeping Beam","BootSequence"]},{"damage_healed":0,"gold_gain":0,"player_choice":"Read","damage_taken":0,"max_hp_gain":0,"max_hp_loss":0,"event_name":"The Library","floor":20,"gold_loss":0,"cards_obtained":["Melter"]},{"damage_healed":0,"gold_gain":0,"player_choice":"Obtained Relic","damage_taken":0,"relics_obtained":["Tiny Chest"],"max_hp_gain":0,"max_hp_loss":0,"event_name":"Addict","floor":21,"gold_loss":85}],"is_beta":false,"boss_relics":[{"not_picked":["Runic Dome","Eternal Feather"],"picked":"Calling Bell"}],"items_purged_floors":[],"is_endless":false,"potions_floor_spawned":[1,6,14],"killed_by":"Slavers","ascension_level":0}