{"gold_per_floor":[214,228,82,98,116,116,146,161,161,161,161,174,174,188,188,292,292,307,222,321,332,85,85,85,85,85,85,85,110,10,23,23,121,121,136,136,136,156,156,156],"floor_reached":40,"playtime":1792,"items_purged":["Strike_G","Decay"],"score":510,"play_id":"1f18c530-50d4-4b92-b341-bb5071982c10","local_time":"20190312173803","is_ascension_mode":true,"campfire_choices":[{"data":"Glass Knife","floor":6,"key":"SMITH"},{"data":"Noxious Fumes","floor":11,"key":"SMITH"},{"data":"Neutralize","floor":13,"key":"SMITH"},{"data":"Dash","floor":15,"key":"SMITH"},{"data":"Backflip","floor":23,"key":"SMITH"},{"data":"Terror","floor":25,"key":"SMITH"},{"data":"Adrenaline","floor":32,"key":"SMITH"}],"neow_cost":"NONE","seed_source_timestamp":96402350901078,"circlet_count":0,"master_deck":["Defend_G","Defend_G","Defend_G","Defend_G","Strike_G","Survivor","Neutralize+1","Backflip+1","Glass Knife+1","Backstab","Dash+1","Noxious Fumes+1","Adrenaline+1","Terror+1","Bullet Time","Outmaneuver+1","Backflip+1","Flying Knee+1","All Out Attack+1","Dagger Spray+1","Distraction+1"],"relics":["Ring of the Snake","Bag of Marbles","Blood Vial","Coffee Dripper","Strawberry","Kunai","Singing Bowl","Paper Crane","Astrolabe"],"potions_floor_usage":[7,16,18,29,33,33,40],"damage_taken":[{"damage":0,"enemies":"Jaw Worm","floor":1,"turns":6},{"damage":4,"enemies":"Small Slimes","floor":2,"turns":5},{"damage":0,"enemies":"Cultist","floor":4,"turns":3},{"damage":0,"enemies":"Blue Slaver","floor":5,"turns":3},{"damage":9,"enemies":"Lagavulin","floor":7,"turns":6},{"damage":0,"enemies":"2 Fungi Beasts","floor":8,"turns":2},{"damage":6,"enemies":"3 Louse","floor":12,"turns":3},{"damage":0,"enemies":"Red Slaver","floor":14,"turns":1},{"damage":13,"enemies":"The Guardian","floor":16,"turns":9},{"damage":1,"enemies":"2 Thieves","floor":18,"turns":3},{"damage":0,"enemies":"Shell Parasite","floor":21,"turns":4},{"damage":15,"enemies":"Book of Stabbing","floor":29,"turns":4},{"damage":0,"enemies":"Cultist and Chosen","floor":31,"turns":4},{"damage":36,"enemies":"Champ","floor":33,"turns":10},{"damage":3,"enemies":"Orb Walker","floor":35,"turns":2},{"damage":0,"enemies":"3 Shapes","floor":38,"turns":3},{"damage":108,"enemies":"Time Eater","floor":40,"turns":15}],"seed_played":"657712877475569205","potions_obtained":[{"floor":2,"key":"FearPotion"},{"floor":7,"key":"FearPotion"},{"floor":12,"key":"PowerPotion"},{"floor":14,"key":"PowerPotion"},{"floor":16,"key":"PowerPotion"},{"floor":29,"key":"SkillPotion"},{"floor":31,"key":"GhostInAJar"}],"is_trial":false,"path_per_floor":["M","M","$","M","M","R","E","M","T","?","R","M","R","M","R","B",null,"M","?","?","M","$","R","?","R","T","?","$","E","$","M","R","B",null,"M","$","?","M","?","B"],"character_chosen":"THE_SILENT","items_purchased":["Glass Knife","Kunai"],"campfire_rested":0,"item_purchase_floors":[3,22],"current_hp_per_floor":[70,66,66,66,66,66,57,57,57,57,57,53,53,55,55,44,70,69,76,76,77,77,77,77,77,77,77,77,64,64,66,66,34,81,80,80,80,84,84,0],"gold":156,"neow_bonus":"HUNDRED_GOLD","is_prod":false,"is_daily":false,"chose_seed":false,"campfire_upgraded":7,"win_rate":0,"timestamp":1552437483,"path_taken":["M","M","$","M","M","R","E","M","T","?","R","M","R","M","R","BOSS","M","?","?","?","?","R","?","R","T","?","$","E","$","M","R","BOSS","M","$","?","?","?","BOSS"],"build_version":"2019-01-23","purchased_purges":2,"victory":false,"max_hp_per_floor":[70,70,70,70,70,70,70,70,70,70,70,70,70,70,70,70,70,70,77,77,77,77,77,77,77,77,77,77,79,79,79,79,81,81,83,83,83,85,85,85],"card_choices":[{"not_picked":["Deflect","Choke"],"picked":"Backflip","floor":1},{"not_picked":["Choke","Endless Agony","Deflect"],"picked":"SKIP","floor":2},{"not_picked":["Poisoned Stab","Distraction"],"picked":"Backstab","floor":4},{"not_picked":["Dagger Spray","Endless Agony"],"picked":"Dash","floor":5},{"not_picked":["Finisher","Distraction"],"picked":"Noxious Fumes","floor":7},{"not_picked":["Infinite Blades","Slice","Tactician"],"picked":"SKIP","floor":8},{"not_picked":["Blade Dance","Underhanded Strike"],"picked":"Adrenaline","floor":12},{"not_picked":["Escape Plan","Cloak And Dagger"],"picked":"Terror","floor":14},{"not_picked":["Tools of the Trade","Grand Finale"],"picked":"Bullet Time","floor":16},{"not_picked":["Blade Dance","PiercingWail"],"picked":"Outmaneuver+1","floor":18},{"not_picked":["Noxious Fumes","Outmaneuver"],"picked":"Backflip+1","floor":21},{"not_picked":["Eviscerate+1","Underhanded Strike","Dagger Throw"],"picked":"Singing Bowl","floor":29},{"not_picked":["Catalyst","After Image"],"picked":"Flying Knee+1","floor":31},{"not_picked":["Wraith Form v2","Die Die Die","Adrenaline"],"picked":"Singing Bowl","floor":33},{"not_picked":["Cloak And Dagger","Prepared","Flechettes+1"],"picked":"Singing Bowl","floor":35},{"not_picked":["Backstab","Accuracy","Dagger Throw"],"picked":"Singing Bowl","floor":38}],"player_experience":408385,"relics_obtained":[{"floor":7,"key":"Bag of Marbles"},{"floor":9,"key":"Blood Vial"},{"floor":26,"key":"Singing Bowl"},{"floor":29,"key":"Paper Crane"}],"event_choices":[{"damage_healed":0,"gold_gain":0,"player_choice":"Ignored","damage_taken":0,"max_hp_gain":0,"max_hp_loss":0,"event_name":"Liars Game","floor":10,"gold_loss":0},{"damage_healed":0,"gold_gain":0,"player_choice":"Obtained Relic","damage_taken":0,"relics_obtained":["Strawberry"],"max_hp_gain":0,"max_hp_loss":0,"event_name":"Addict","floor":19,"gold_loss":85},{"damage_healed":0,"gold_gain":99,"player_choice":"Stole From Cult","damage_taken":0,"max_hp_gain":0,"max_hp_loss":0,"event_name":"Nest","floor":20,"gold_loss":0},{"cards_removed":["Strike_G"],"damage_healed":0,"gold_gain":0,"player_choice":"Elegance","damage_taken":0,"max_hp_gain":0,"max_hp_loss":0,"event_name":"Back to Basics","floor":24,"gold_loss":0},{"damage_healed":0,"gold_gain":0,"player_choice":"Smashed Altar","damage_taken":0,"max_hp_gain":0,"max_hp_loss":0,"event_name":"Forgotten Altar","floor":27,"gold_loss":0,"cards_obtained":["Decay"]},{"damage_healed":0,"gold_gain":0,"player_choice":"Leave","damage_taken":0,"max_hp_gain":0,"max_hp_loss":0,"event_name":"FaceTrader","floor":37,"gold_loss":0},{"damage_healed":0,"gold_gain":0,"player_choice":"Took Portal","damage_taken":0,"max_hp_gain":0,"max_hp_loss":0,"event_name":"SecretPortal","floor":39,"gold_loss":0}],"is_beta":false,"boss_relics":[{"not_picked":["Pandora\u0027s Box","White Beast Statue"],"picked":"Coffee Dripper"},{"not_picked":["Snecko Eye","Fusion Hammer"],"picked":"Astrolabe"}],"items_purged_floors":[3,30],"is_endless":false,"potions_floor_spawned":[2,7,12,14,16,29,31],"killed_by":"Time Eater","ascension_level":4}