{"gold_per_floor":[109,209,222,74,86,86,112,112,138,138,164,175,186,202,202,302,302,288,288,306,306,320,320,332,34,60,60],"floor_reached":27,"playtime":1224,"items_purged":["Strike_G"],"score":270,"play_id":"10558ef3-57fe-4c93-93c1-fc49073bf735","local_time":"20190313001825","is_ascension_mode":true,"campfire_choices":[{"data":"Noxious Fumes","floor":6,"key":"SMITH"},{"data":"Dagger Spray","floor":10,"key":"SMITH"},{"data":"Malaise","floor":15,"key":"SMITH"},{"data":"Night Terror","floor":23,"key":"SMITH"}],"neow_cost":"NONE","seed_source_timestamp":120987884147208,"circlet_count":0,"master_deck":["Defend_G","Defend_G","Defend_G","Defend_G","Defend_G","Strike_G","Strike_G","Strike_G","Survivor","Neutralize+1","Dash","Quick Slash","Noxious Fumes+1","Dagger Spray+1","Malaise+1","Terror","Night Terror+1","Backflip","Flying Knee+1","Footwork","Bane"],"relics":["Ring of the Serpent","Strawberry","Boot","Matryoshka","Blood Vial","Chemical X","Smiling Mask","Vajra"],"potions_floor_usage":[7,7,11,16,24],"damage_taken":[{"damage":0,"enemies":"Cultist","floor":1,"turns":3},{"damage":0,"enemies":"Small Slimes","floor":3,"turns":3},{"damage":1,"enemies":"2 Louse","floor":5,"turns":3},{"damage":7,"enemies":"3 Sentries","floor":7,"turns":5},{"damage":27,"enemies":"Gremlin Nob","floor":11,"turns":5},{"damage":0,"enemies":"Blue Slaver","floor":12,"turns":3},{"damage":5,"enemies":"Lots of Slimes","floor":13,"turns":3},{"damage":0,"enemies":"3 Louse","floor":14,"turns":1},{"damage":10,"enemies":"The Guardian","floor":16,"turns":9},{"damage":29,"enemies":"2 Thieves","floor":18,"turns":4},{"damage":7,"enemies":"3 Byrds","floor":20,"turns":4},{"damage":0,"enemies":"Snecko","floor":22,"turns":5},{"damage":35,"enemies":"Sentry and Sphere","floor":24,"turns":7},{"damage":12,"enemies":"3 Cultists","floor":27,"turns":2}],"seed_played":"-6910525043487168842","potions_obtained":[{"floor":1,"key":"GamblersBrew"},{"floor":3,"key":"Energy Potion"},{"floor":5,"key":"LiquidBronze"},{"floor":13,"key":"AttackPotion"},{"floor":22,"key":"Energy Potion"},{"floor":24,"key":"LiquidBronze"}],"is_trial":false,"path_per_floor":["M","?","M","$","M","R","E","?","T","R","E","M","M","M","R","B",null,"M","?","M","?","M","R","M","$","T","M"],"character_chosen":"THE_SILENT","items_purchased":["Noxious Fumes","Footwork","Bane","Chemical X"],"campfire_rested":0,"item_purchase_floors":[4,25,25,25],"current_hp_per_floor":[70,70,70,70,69,69,69,69,69,69,42,42,37,37,37,27,77,48,48,41,41,43,43,10,10,10,0],"gold":60,"neow_bonus":"UPGRADE_CARD","is_prod":false,"is_daily":false,"chose_seed":false,"campfire_upgraded":4,"win_rate":0,"timestamp":1552461505,"path_taken":["M","?","M","$","?","R","E","?","T","R","E","M","M","M","R","BOSS","M","?","M","?","M","R","?","$","T","M"],"build_version":"2019-01-23","purchased_purges":1,"victory":false,"max_hp_per_floor":[70,70,70,70,70,70,77,77,77,77,77,77,77,77,77,77,77,77,77,77,77,77,77,77,77,77,77],"card_choices":[{"not_picked":["Concentrate","Backflip"],"picked":"Dash","floor":1},{"not_picked":["Distraction","Bouncing Flask"],"picked":"Quick Slash","floor":3},{"not_picked":["Dodge and Roll","Backflip"],"picked":"Dagger Spray","floor":5},{"not_picked":["Underhanded Strike","Escape Plan","PiercingWail"],"picked":"SKIP","floor":7},{"not_picked":["Blur","Deflect"],"picked":"Malaise","floor":11},{"not_picked":["Setup","Reflex"],"picked":"Terror","floor":12},{"not_picked":["Finisher","Deflect","Noxious Fumes"],"picked":"SKIP","floor":13},{"not_picked":["Tactician","Deflect","Heel Hook"],"picked":"SKIP","floor":14},{"not_picked":["Envenom","Wraith Form v2"],"picked":"Night Terror","floor":16},{"not_picked":["Calculated Gamble","Reflex","Concentrate"],"picked":"SKIP","floor":18},{"not_picked":["Acrobatics","Blur"],"picked":"Backflip","floor":20},{"not_picked":["Acrobatics","Finisher"],"picked":"Flying Knee+1","floor":22},{"not_picked":["Escape Plan","Dagger Spray","Deflect"],"picked":"SKIP","floor":24}],"player_experience":411665,"relics_obtained":[{"floor":7,"key":"Strawberry"},{"floor":9,"key":"Boot"},{"floor":11,"key":"Matryoshka"},{"floor":21,"key":"Blood Vial"},{"floor":26,"key":"Smiling Mask"},{"floor":26,"key":"Vajra"}],"event_choices":[{"damage_healed":0,"gold_gain":100,"player_choice":"Pray","damage_taken":0,"max_hp_gain":0,"max_hp_loss":0,"event_name":"Golden Shrine","floor":2,"gold_loss":0},{"damage_healed":0,"gold_gain":0,"player_choice":"Ignored","damage_taken":0,"max_hp_gain":0,"max_hp_loss":0,"event_name":"Golden Idol","floor":8,"gold_loss":0},{"cards_removed":["Strike_G"],"damage_healed":0,"gold_gain":0,"player_choice":"Elegance","damage_taken":0,"max_hp_gain":0,"max_hp_loss":0,"event_name":"Back to Basics","floor":19,"gold_loss":0},{"damage_healed":0,"gold_gain":0,"player_choice":"Relic","damage_taken":0,"max_hp_gain":0,"max_hp_loss":0,"event_name":"Wheel of Change","floor":21,"gold_loss":0}],"is_beta":false,"boss_relics":[{"not_picked":["Snecko Eye","Pandora\u0027s Box"],"picked":"Ring of the Serpent"}],"items_purged_floors":[4],"is_endless":false,"potions_floor_spawned":[1,3,5,13,22,24],"killed_by":"3 Cultists","ascension_level":4}