{"gold_per_floor":[117,132,145,145,164,193,209,209,256,156,156,56,70,105,105,179,179,192,36,36,136,136,136,168,168,168,168,168,186,186,204,204,279,279,295,305,257,257,268,268,279,291,291,309,359,385,286,306,306,306,306,306,28,56,56],"floor_reached":56,"playtime":3349,"items_purged":["Heatsinks","Storm","Ball Lightning"],"score":2081,"play_id":"1da5099c-4fc8-4973-b0d5-8fe7f4ab8dee","local_time":"20190304202814","is_ascension_mode":true,"campfire_choices":[{"floor":8.0,"key":"REST"},{"data":"Meteor Strike","floor":15.0,"key":"SMITH"},{"data":"Multi-Cast","floor":23.0,"key":"SMITH"},{"floor":25.0,"key":"REST"},{"floor":28.0,"key":"REST"},{"data":"Defragment","floor":32.0,"key":"SMITH"},{"floor":40.0,"key":"RECALL"},{"floor":49,"key":"DIG"},{"floor":52,"key":"DIG"}],"neow_cost":"NONE","seed_source_timestamp":0,"circlet_count":0,"master_deck":["AscendersBane","Meteor Strike+1","Rainbow","Seek+1","Skim","Multi-Cast+1","Turbo+1","Chill","Conserve Battery","Steam","Reinforced Body","Reboot","Loop","BootSequence","Redo","Rebound","Coolheaded","Defragment+1","Conserve Battery+1","Creative AI","Skim","Coolheaded","Recycle","Glacier","Coolheaded","Hologram+1","Dark Shackles","Skim+1"],"special_seed":0,"relics":["Pandora\u0027s Box","CultistMask","Girya","Centennial Puzzle","Pear","Inserter","Tiny Chest","Shovel","Sundial","Bronze Scales","Smiling Mask","Snecko Eye","Pantograph","Mummified Hand","Ornamental Fan","Gremlin Horn","Medical Kit","Boot"],"potions_floor_usage":[46,54],"damage_taken":[{"damage":5.0,"enemies":"2 Louse","floor":1.0,"turns":2.0},{"damage":0.0,"enemies":"Cultist","floor":2.0,"turns":2.0},{"damage":12.0,"enemies":"Small Slimes","floor":3.0,"turns":2.0},{"damage":5.0,"enemies":"2 Fungi Beasts","floor":5.0,"turns":3.0},{"damage":32.0,"enemies":"3 Sentries","floor":6.0,"turns":7.0},{"damage":9.0,"enemies":"Red Slaver","floor":7.0,"turns":2.0},{"damage":3.0,"enemies":"Exordium Thugs","floor":13.0,"turns":3.0},{"damage":8.0,"enemies":"Gremlin Nob","floor":14.0,"turns":3.0},{"damage":0.0,"enemies":"Hexaghost","floor":16.0,"turns":8.0},{"damage":3.0,"enemies":"Spheric Guardian","floor":18.0,"turns":3.0},{"damage":9.0,"enemies":"Colosseum Slavers","floor":21.0,"turns":3.0},{"damage":12.0,"enemies":"Colosseum Nobs","floor":21.0,"turns":4.0},{"damage":36.0,"enemies":"Book of Stabbing","floor":24.0,"turns":6.0},{"damage":6.0,"enemies":"2 Thieves","floor":29.0,"turns":3.0},{"damage":12.0,"enemies":"Snecko","floor":31.0,"turns":4.0},{"damage":5.0,"enemies":"Champ","floor":33.0,"turns":12.0},{"damage":0.0,"enemies":"3 Shapes","floor":35.0,"turns":7.0},{"damage":0.0,"enemies":"Orb Walker","floor":36.0,"turns":3.0},{"damage":0.0,"enemies":"Sphere and 2 Shapes","floor":39.0,"turns":5.0},{"damage":1.0,"enemies":"3 Darklings","floor":41.0,"turns":4.0},{"damage":0,"enemies":"Spire Growth","floor":42,"turns":3},{"damage":10,"enemies":"4 Shapes","floor":44,"turns":4},{"damage":0,"enemies":"Reptomancer","floor":46,"turns":8},{"damage":9,"enemies":"Maw","floor":48,"turns":9},{"damage":0,"enemies":"Time Eater","floor":50,"turns":9},{"damage":17,"enemies":"Shield and Spear","floor":54,"turns":6},{"damage":22,"enemies":"The Heart","floor":55,"turns":8}],"seed_played":"-6900303105262458176","potions_obtained":[{"floor":5.0,"key":"PowerPotion"},{"floor":7.0,"key":"Fire Potion"},{"floor":13.0,"key":"LiquidBronze"},{"floor":18.0,"key":"Swift Potion"},{"floor":21.0,"key":"Dexterity Potion"},{"floor":29.0,"key":"Energy Potion"},{"floor":31.0,"key":"Energy Potion"},{"floor":39.0,"key":"GamblersBrew"}],"is_trial":false,"path_per_floor":["M","M","M","?","M","E","M","R","T","$","?","$","M","E","R","B",null,"M","$","T","?","?","R","E","R","T","?","R","M","?","M","R","B",null,"M","M","$","?","M","R","M","M","T","M","?","E","$","M","R","B",null,"R","$","E","B",null],"character_chosen":"DEFECT","items_purchased":["Steam","Loop","Tiny Chest","Coolheaded","Coolheaded","Medical Kit","Dark Shackles"],"campfire_rested":3,"item_purchase_floors":[10,19,19,37,47,53,53],"current_hp_per_floor":[59,59,47,47,42,10,1,22,22,22,22,22,19,21,21,21,66,63,63,63,42,42,42,6,30,30,30,54,48,48,36,36,31,69,69,69,69,69,69,69,68,68,68,58,58,58,58,49,49,74,76,76,76,59,55],"gold":56,"neow_bonus":"BOSS_RELIC","is_prod":false,"is_daily":false,"chose_seed":false,"campfire_upgraded":3,"win_rate":0,"timestamp":1551749294,"path_taken":["M","M","M","?","?","E","M","R","T","$","?","$","M","E","R","BOSS","M","$","?","?","?","R","E","R","T","?","R","M","?","?","R","BOSS","M","M","$","?","M","R","M","M","T","M","?","E","$","M","R","BOSS","R","$","E","BOSS"],"build_version":"2019-02-06","purchased_purges":3,"victory":true,"max_hp_per_floor":[71,71,71,71,71,71,71,71,71,71,71,71,71,81,81,81,81,81,81,81,81,81,81,81,81,81,81,81,81,81,81,81,81,81,81,81,81,77,77,77,77,77,77,77,77,77,77,77,77,77,77,77,77,77,77],"card_choices":[{"not_picked":["Compile Driver","Beam Cell"],"picked":"Ball Lightning","floor":1.0},{"not_picked":["Reboot","Ball Lightning"],"picked":"Turbo","floor":2.0},{"not_picked":["Leap","White Noise"],"picked":"Chill","floor":3.0},{"not_picked":["Aggregate","Stack"],"picked":"Conserve Battery","floor":5.0},{"not_picked":["Rip and Tear","Redo","Thunder Strike"],"picked":"SKIP","floor":6.0},{"not_picked":["Leap","Ball Lightning","Barrage"],"picked":"SKIP","floor":7.0},{"not_picked":["Melter","Ball Lightning"],"picked":"Reinforced Body","floor":13.0},{"not_picked":["White Noise","Lockon","Stack"],"picked":"SKIP","floor":14.0},{"not_picked":["Rainbow","Multi-Cast"],"picked":"Reboot","floor":16.0},{"not_picked":["Auto Shields","Darkness","Cold Snap"],"picked":"SKIP","floor":18.0},{"not_picked":["Stack","Sunder"],"picked":"BootSequence","floor":21.0},{"not_picked":["Rip and Tear","Gash"],"picked":"Coolheaded","floor":24.0},{"not_picked":["Hologram","Skim"],"picked":"Defragment","floor":29.0},{"not_picked":["Fusion","Leap+1"],"picked":"Conserve Battery+1","floor":31.0},{"not_picked":["Multi-Cast","Seek"],"picked":"Creative AI","floor":33.0},{"not_picked":["Sweeping Beam","Gash"],"picked":"Skim","floor":35.0},{"not_picked":["Stack+1","Go for the Eyes","Ball Lightning"],"picked":"SKIP","floor":36.0},{"not_picked":["Redo+1","Stack","Cold Snap+1"],"picked":"SKIP","floor":39.0},{"not_picked":["Rebound","Stack+1","Sunder"],"picked":"SKIP","floor":41.0},{"not_picked":["Steam","Undo"],"picked":"Recycle","floor":42},{"not_picked":["Sweeping Beam","Go for the Eyes+1"],"picked":"Glacier","floor":44},{"not_picked":["Cold Snap+1","Steam","Reboot"],"picked":"SKIP","floor":46},{"not_picked":["Coolheaded+1","Static Discharge"],"picked":"Hologram+1","floor":48},{"not_picked":["Ball Lightning","Sweeping Beam+1"],"picked":"Skim+1","floor":54}],"player_experience":2085273,"relics_obtained":[{"floor":6.0,"key":"Girya"},{"floor":9.0,"key":"Centennial Puzzle"},{"floor":14.0,"key":"Pear"},{"floor":21.0,"key":"Shovel"},{"floor":21.0,"key":"Sundial"},{"floor":24.0,"key":"Bronze Scales"},{"floor":26.0,"key":"Smiling Mask"},{"floor":43,"key":"Pantograph"},{"floor":46,"key":"Mummified Hand"},{"floor":49,"key":"Ornamental Fan"},{"floor":52,"key":"Gremlin Horn"},{"floor":54,"key":"Boot"}],"event_choices":[{"damage_healed":0.0,"max_hp_gain":0.0,"max_hp_loss":0.0,"gold_gain":0.0,"event_name":"FaceTrader","player_choice":"Trade","floor":4.0,"gold_loss":0.0,"damage_taken":0.0,"relics_obtained":["CultistMask"]},{"damage_healed":0.0,"max_hp_gain":0.0,"max_hp_loss":0.0,"gold_gain":0.0,"event_name":"Upgrade Shrine","player_choice":"Upgraded","floor":11.0,"gold_loss":0.0,"damage_taken":0.0,"cards_upgraded":["Turbo"]},{"damage_healed":0.0,"max_hp_gain":0.0,"max_hp_loss":0.0,"gold_gain":0.0,"event_name":"Colosseum","player_choice":"Fight","floor":21.0,"gold_loss":0.0,"damage_taken":0.0},{"damage_healed":0.0,"max_hp_gain":0.0,"max_hp_loss":0.0,"gold_gain":0.0,"event_name":"Colosseum","player_choice":"Fought Nobs","floor":21.0,"gold_loss":0.0,"damage_taken":0.0},{"damage_healed":0.0,"max_hp_gain":0.0,"max_hp_loss":0.0,"gold_gain":0.0,"cards_transformed":["Zap","Dualcast"],"event_name":"Drug Dealer","player_choice":"Became Test Subject","floor":22.0,"gold_loss":0.0,"damage_taken":0.0,"cards_obtained":["Redo","Rebound"]},{"cards_removed":["Rip and Tear"],"damage_healed":0.0,"max_hp_gain":0.0,"max_hp_loss":0.0,"gold_gain":0.0,"event_name":"Back to Basics","player_choice":"Elegance","floor":27.0,"gold_loss":0.0,"damage_taken":0.0},{"damage_healed":0.0,"max_hp_gain":0.0,"max_hp_loss":0.0,"gold_gain":0.0,"event_name":"Accursed Blacksmith","player_choice":"Forge","floor":30.0,"gold_loss":0.0,"damage_taken":0.0,"cards_upgraded":["Seek"]},{"damage_healed":0.0,"max_hp_gain":0.0,"max_hp_loss":4.0,"gold_gain":0.0,"event_name":"Winding Halls","player_choice":"Max HP","floor":38.0,"gold_loss":0.0,"damage_taken":0.0},{"damage_healed":0,"gold_gain":50,"player_choice":"Pray","damage_taken":0,"max_hp_gain":0,"max_hp_loss":0,"event_name":"Golden Shrine","floor":45,"gold_loss":0}],"is_beta":true,"boss_relics":[{"not_picked":["Astrolabe","Ectoplasm"],"picked":"Inserter"},{"not_picked":["Lizard Tail","Nuclear Battery"],"picked":"Snecko Eye"}],"items_purged_floors":[10,12,47],"is_endless":false,"potions_floor_spawned":[5,7,13,18,21,29,31,35,39,41],"ascension_level":15}