{"gold_per_floor":[109,109,109,109,133,171,171,215,294,294,9,0,23,38,38,168,168,181,41,41,55,55],"floor_reached":22,"playtime":1238,"items_purged":[],"score":192,"play_id":"10630382-9a74-401a-8b2e-b22821c3fdc8","local_time":"20190314131252","is_ascension_mode":false,"campfire_choices":[{"data":"Zap","floor":7,"key":"SMITH"},{"floor":10,"key":"DIG"},{"floor":15,"key":"REST"}],"neow_cost":"NONE","seed_source_timestamp":65114939928862,"circlet_count":0,"master_deck":["Strike_B+1","Strike_B+1","Strike_B+1","Strike_B+1","Defend_B+1","Defend_B+1","Defend_B+1","Defend_B+1","Zap+1","Dualcast","Beam Cell","Barrage","Cold Snap","Darkness","Static Discharge","Barrage","Sweeping Beam","Coolheaded","Good Instincts","Redo","Buffer","Core Surge","Lockon+1","Loop","Cold Snap","Sweeping Beam","Conserve Battery"],"relics":["Cracked Core","Blood Vial","Happy Flower","Golden Idol","Gambling Chip","Shovel","Bottled Flame","Oddly Smooth Stone","Inserter"],"potions_floor_usage":[16,16,16,22,22],"damage_taken":[{"damage":1,"enemies":"Jaw Worm","floor":1,"turns":3},{"damage":0,"enemies":"2 Louse","floor":5,"turns":2},{"damage":6,"enemies":"Gremlin Nob","floor":6,"turns":3},{"damage":27,"enemies":"3 Sentries","floor":8,"turns":8},{"damage":6,"enemies":"Small Slimes","floor":13,"turns":3},{"damage":1,"enemies":"Blue Slaver","floor":14,"turns":3},{"damage":37,"enemies":"The Guardian","floor":16,"turns":9},{"damage":28,"enemies":"2 Thieves","floor":18,"turns":4},{"damage":18,"enemies":"Shell Parasite","floor":21,"turns":3},{"damage":29,"enemies":"Masked Bandits","floor":22,"turns":3}],"seed_played":"-4417013703308718094","potions_obtained":[{"floor":1,"key":"Block Potion"},{"floor":5,"key":"Ancient Potion"},{"floor":8,"key":"GamblersBrew"},{"floor":14,"key":"Poison Potion"},{"floor":16,"key":"Strength Potion"},{"floor":18,"key":"Strength Potion"}],"is_trial":false,"path_per_floor":["M","?","?","?","M","E","R","E","T","R","$","?","M","M","R","B",null,"M","$","?","M","?"],"character_chosen":"DEFECT","items_purchased":["Static Discharge","Barrage","Sweeping Beam","Coolheaded","Good Instincts","Loop","Cold Snap","Sweeping Beam"],"campfire_rested":1,"item_purchase_floors":[11,11,11,11,11,19,19,19],"current_hp_per_floor":[74,74,71,69,69,63,63,38,38,38,38,38,34,35,55,20,69,41,41,41,25,0],"gold":55,"neow_bonus":"RANDOM_COMMON_RELIC","is_prod":false,"is_daily":false,"chose_seed":false,"campfire_upgraded":1,"win_rate":0.0,"timestamp":1552594372,"path_taken":["M","?","?","?","M","E","R","E","T","R","$","?","?","M","R","BOSS","M","$","?","M","?"],"build_version":"2019-01-23","purchased_purges":0,"victory":false,"max_hp_per_floor":[75,75,75,69,69,69,69,69,69,69,69,69,69,69,69,69,69,69,69,69,69,69],"card_choices":[{"not_picked":["Self Repair","Turbo"],"picked":"Beam Cell","floor":1},{"not_picked":["Streamline","Hologram"],"picked":"Barrage","floor":5},{"not_picked":["Turbo","Streamline"],"picked":"Cold Snap","floor":6},{"not_picked":["Compile Driver","Fusion"],"picked":"Darkness","floor":8},{"not_picked":["Scrape","Rip and Tear"],"picked":"Redo","floor":13},{"not_picked":["Leap","Compile Driver"],"picked":"Buffer","floor":14},{"not_picked":["Multi-Cast","Meteor Strike"],"picked":"Core Surge","floor":16},{"not_picked":["Go for the Eyes","Barrage+1"],"picked":"Lockon+1","floor":18},{"not_picked":["Ball Lightning","Compile Driver"],"picked":"Conserve Battery","floor":21}],"player_experience":75922,"relics_obtained":[{"floor":6,"key":"Gambling Chip"},{"floor":8,"key":"Shovel"},{"floor":9,"key":"Bottled Flame"},{"floor":10,"key":"Oddly Smooth Stone"}],"event_choices":[{"damage_healed":0,"gold_gain":0,"player_choice":"Ignored","damage_taken":0,"max_hp_gain":0,"max_hp_loss":0,"event_name":"Liars Game","floor":2,"gold_loss":0},{"damage_healed":0,"gold_gain":0,"player_choice":"Success","damage_taken":3,"relics_obtained":["Happy Flower"],"max_hp_gain":0,"max_hp_loss":0,"event_name":"Scrap Ooze","floor":3,"gold_loss":0},{"damage_healed":0,"gold_gain":0,"player_choice":"Lose Max HP","damage_taken":0,"relics_obtained":["Golden Idol"],"max_hp_gain":0,"max_hp_loss":6,"event_name":"Golden Idol","floor":4,"gold_loss":0},{"damage_healed":0,"gold_gain":0,"player_choice":"Left Gold","damage_taken":0,"max_hp_gain":0,"max_hp_loss":0,"event_name":"World of Goop","floor":12,"gold_loss":9},{"damage_healed":0,"gold_gain":0,"player_choice":"Simplicity","damage_taken":0,"max_hp_gain":0,"max_hp_loss":0,"event_name":"Back to Basics","floor":20,"gold_loss":0,"cards_upgraded":["Strike_B","Strike_B","Strike_B","Strike_B","Defend_B","Defend_B","Defend_B","Defend_B"]},{"damage_healed":0,"gold_gain":0,"player_choice":"Fought Bandits","damage_taken":0,"max_hp_gain":0,"max_hp_loss":0,"event_name":"Masked Bandits","floor":22,"gold_loss":0}],"is_beta":false,"boss_relics":[{"not_picked":["Busted Crown","Fusion Hammer"],"picked":"Inserter"}],"items_purged_floors":[],"is_endless":false,"potions_floor_spawned":[1,5,8,14,16,18],"killed_by":"Masked Bandits","ascension_level":0}