{"gold_per_floor":[116,116,136,136,136,176,176,176,256,271,295,114,135,64,64,157,157,173,29,29,52,67,67,108,131,180,195,195],"floor_reached":28,"playtime":934,"items_purged":["Strike_G"],"score":420,"play_id":"34a5f8f8-c8b1-4e70-bb8a-4cb781398d87","local_time":"20190110200745","is_ascension_mode":true,"campfire_choices":[{"floor":7,"key":"REST"},{"data":"Noxious Fumes","floor":15,"key":"SMITH"},{"data":"Malaise","floor":23,"key":"SMITH"}],"neow_cost":"NONE","seed_source_timestamp":125431199250149,"circlet_count":0,"master_deck":["AscendersBane","Defend_G","Defend_G","Defend_G","Defend_G","Strike_G","Strike_G","Strike_G","Survivor","Neutralize+1","Cloak And Dagger","Footwork","Deadly Poison","Bouncing Flask","Noxious Fumes+1","Crippling Poison","Footwork","Leg Sweep","Malaise+1","Well Laid Plans","Catalyst","Envenom","Wraith Form v2","Dodge and Roll","Dodge and Roll"],"relics":["Ring of the Snake","Golden Idol","Dodecahedron","Paper Crane","Philosopher\u0027s Stone","Omamori"],"potions_floor_usage":[16,18,27],"damage_taken":[{"damage":0,"enemies":"2 Louse","floor":1,"turns":3},{"damage":1,"enemies":"Jaw Worm","floor":3,"turns":5},{"damage":43,"enemies":"Gremlin Nob","floor":6,"turns":6},{"damage":0,"enemies":"Cultist","floor":10,"turns":4},{"damage":2,"enemies":"Red Slaver","floor":11,"turns":4},{"damage":10,"enemies":"3 Louse","floor":13,"turns":4},{"damage":12,"enemies":"The Guardian","floor":16,"turns":10},{"damage":3,"enemies":"Spheric Guardian","floor":18,"turns":5},{"damage":8,"enemies":"Chosen","floor":21,"turns":6},{"damage":8,"enemies":"Snake Plant","floor":22,"turns":6},{"damage":30,"enemies":"Gremlin Leader","floor":24,"turns":7},{"damage":0,"enemies":"Snecko","floor":25,"turns":5},{"damage":7,"enemies":"3 Cultists","floor":27,"turns":8},{"damage":7,"enemies":"Centurion and Healer","floor":28,"turns":1}],"seed_played":"5178340181261407300","potions_obtained":[{"floor":10,"key":"GamblersBrew"},{"floor":11,"key":"GamblersBrew"},{"floor":16,"key":"Fruit Juice"},{"floor":18,"key":"SteroidPotion"}],"is_trial":false,"path_per_floor":["M","?","M","?","$","E","R","?","T","M","M","$","M","$","R","B",null,"M","$","?","M","M","R","E","M","T","M","M"],"character_chosen":"THE_SILENT","items_purchased":["Noxious Fumes","Crippling Poison","Leg Sweep","Well Laid Plans","Catalyst"],"campfire_rested":1,"item_purchase_floors":[12,12,14,19,19],"current_hp_per_floor":[59,59,58,63,63,20,39,39,39,39,37,37,27,27,27,15,53,55,55,55,47,39,39,9,9,9,2,0],"gold":195,"neow_bonus":"UPGRADE_CARD","is_prod":false,"is_daily":false,"chose_seed":false,"campfire_upgraded":2,"win_rate":0,"timestamp":1547168865,"path_taken":["M","?","M","?","$","E","R","?","T","?","M","?","M","$","R","BOSS","M","$","?","?","M","R","E","M","T","M","M"],"build_version":"2019-01-09","purchased_purges":1,"victory":false,"max_hp_per_floor":[66,60,60,65,65,65,65,65,65,65,65,65,65,65,65,65,65,70,70,70,70,70,70,70,70,70,70,70],"card_choices":[{"not_picked":["Acrobatics","Bane","Endless Agony"],"picked":"SKIP","floor":1},{"not_picked":["Infinite Blades","Underhanded Strike"],"picked":"Cloak And Dagger","floor":3},{"not_picked":["Bane","Sucker Punch"],"picked":"Footwork","floor":6},{"not_picked":["Acrobatics","Finisher"],"picked":"Deadly Poison","floor":10},{"not_picked":["PiercingWail","Dagger Throw"],"picked":"Bouncing Flask","floor":11},{"not_picked":["Deflect","All Out Attack"],"picked":"Footwork","floor":13},{"not_picked":["Envenom","Unload"],"picked":"Malaise","floor":16},{"not_picked":["Distraction","Deflect","Slice"],"picked":"SKIP","floor":18},{"not_picked":["Sucker Punch","Underhanded Strike"],"picked":"Wraith Form v2","floor":21},{"not_picked":["Bane","Eviscerate"],"picked":"Dodge and Roll","floor":22},{"not_picked":["Flying Knee","Phantasmal Killer"],"picked":"Dodge and Roll","floor":24},{"not_picked":["Crippling Poison","Reflex","Flying Knee+1"],"picked":"SKIP","floor":25},{"not_picked":["Prepared","Tactician","Endless Agony"],"picked":"SKIP","floor":27}],"player_experience":1826893,"relics_obtained":[{"floor":6,"key":"Dodecahedron"},{"floor":9,"key":"Paper Crane"},{"floor":24,"key":"Omamori"}],"event_choices":[{"damage_healed":0,"gold_gain":0,"player_choice":"Lose Max HP","damage_taken":0,"relics_obtained":["Golden Idol"],"max_hp_gain":0,"max_hp_loss":6,"event_name":"Golden Idol","floor":2,"gold_loss":0},{"damage_healed":0,"gold_gain":0,"player_choice":"Donut","damage_taken":0,"max_hp_gain":5,"max_hp_loss":0,"event_name":"Big Fish","floor":4,"gold_loss":0},{"cards_removed":["Defend_G"],"damage_healed":0,"gold_gain":0,"player_choice":"Offered Basic","damage_taken":0,"max_hp_gain":0,"max_hp_loss":0,"event_name":"Bonfire Elementals","floor":8,"gold_loss":0},{"damage_healed":0,"gold_gain":0,"cards_transformed":["Strike_G"],"player_choice":"Transformed","damage_taken":0,"max_hp_gain":0,"max_hp_loss":0,"event_name":"Transmorgrifier","floor":20,"gold_loss":0,"cards_obtained":["Envenom"]}],"is_beta":true,"boss_relics":[{"not_picked":["Coffee Dripper","Ring of the Serpent"],"picked":"Philosopher\u0027s Stone"}],"items_purged_floors":[12],"is_endless":false,"potions_floor_spawned":[10,11,16,18],"killed_by":"Centurion and Healer","ascension_level":15}