{"gold_per_floor":[114,60,72,72,83,108,122,157,157,177,207,207,207,217,217,291,291,291,291,93,93,93,93,93,93,93,93,93,93,93,93,93,93,93,93,13,13,0,0,0,0,0,0,0,0,0,0,0,0,0,0,0,0,0,0],"floor_reached":56,"playtime":2456,"items_purged":["Bullet Time+1","Dagger Spray"],"score":2030,"play_id":"521d277b-cce6-4ef4-982d-4d9b641a1875","local_time":"20190213203459","is_ascension_mode":true,"campfire_choices":[{"data":"Bullet Time","floor":12,"key":"SMITH"},{"data":"After Image","floor":13,"key":"SMITH"},{"data":"Doppelganger","floor":15,"key":"SMITH"},{"data":"Calculated Gamble","floor":23,"key":"SMITH"},{"floor":28,"key":"REST"},{"data":"Calculated Gamble","floor":30,"key":"SMITH"},{"floor":32,"key":"REST"},{"floor":40,"key":"RECALL"},{"data":"Calculated Gamble","floor":42,"key":"SMITH"},{"data":"Madness","floor":44,"key":"SMITH"},{"data":"Tools of the Trade","floor":49,"key":"SMITH"},{"data":"Footwork","floor":52,"key":"SMITH"}],"neow_cost":"NONE","seed_source_timestamp":3063283980979698,"circlet_count":0,"master_deck":["AscendersBane","Survivor","Neutralize","Calculated Gamble+1","Predator","Doppelganger+1","Dash","Glass Knife","Underhanded Strike","After Image+1","Backflip","PiercingWail","Dash","Tools of the Trade+1","Die Die Die","Crippling Poison","Footwork+1","Cloak And Dagger","Calculated Gamble+1","Calculated Gamble+1","Adrenaline","Calculated Gamble+1","Finesse","Panache","Madness+1","Backflip+1","Terror+1"],"relics":["Pandora\u0027s Box","Potion Belt","Tingsha","Unceasing Top","WingedGreaves","Ectoplasm","Art of War","Bird Faced Urn","The Courier","Mercury Hourglass","Empty Cage","Red Mask","Turnip","Letter Opener","Bronze Scales","Lantern"],"potions_floor_usage":[6,21,24,31,31,54,55],"damage_taken":[{"damage":0,"enemies":"2 Louse","floor":1,"turns":3},{"damage":0,"enemies":"Cultist","floor":3,"turns":3},{"damage":8,"enemies":"Small Slimes","floor":5,"turns":3},{"damage":20,"enemies":"3 Sentries","floor":6,"turns":6},{"damage":0,"enemies":"Looter","floor":7,"turns":3},{"damage":11,"enemies":"Gremlin Nob","floor":8,"turns":4},{"damage":0,"enemies":"Blue Slaver","floor":10,"turns":4},{"damage":0,"enemies":"Lagavulin","floor":11,"turns":6},{"damage":9,"enemies":"3 Louse","floor":14,"turns":2},{"damage":3,"enemies":"The Guardian","floor":16,"turns":8},{"damage":5,"enemies":"Shell Parasite","floor":18,"turns":4},{"damage":4,"enemies":"3 Byrds","floor":19,"turns":4},{"damage":0,"enemies":"3 Cultists","floor":21,"turns":4},{"damage":19,"enemies":"Slavers","floor":24,"turns":8},{"damage":18,"enemies":"Book of Stabbing","floor":27,"turns":6},{"damage":3,"enemies":"Snake Plant","floor":29,"turns":5},{"damage":24,"enemies":"Slavers","floor":31,"turns":6},{"damage":11,"enemies":"Collector","floor":33,"turns":8},{"damage":0,"enemies":"Orb Walker","floor":35,"turns":4},{"damage":0,"enemies":"Mind Bloom Boss Battle","floor":41,"turns":4},{"damage":0,"enemies":"Reptomancer","floor":46,"turns":4},{"damage":0,"enemies":"3 Darklings","floor":47,"turns":3},{"damage":11,"enemies":"Donu and Deca","floor":50,"turns":6},{"damage":18,"enemies":"Shield and Spear","floor":54,"turns":9},{"damage":45,"enemies":"The Heart","floor":55,"turns":9}],"seed_played":"-1498807971164043082","potions_obtained":[{"floor":5,"key":"Regen Potion"},{"floor":6,"key":"SkillPotion"},{"floor":8,"key":"EssenceOfSteel"},{"floor":21,"key":"FearPotion"},{"floor":27,"key":"Fruit Juice"},{"floor":33,"key":"SteroidPotion"},{"floor":35,"key":"GamblersBrew"}],"is_trial":false,"path_per_floor":["M","$","M","?","M","E","M","E","T","M","E","R","R","M","R","B",null,"M","M","$","M","?","R","E","$","T","E","R","M","R","E","R","B",null,"M","$","?","?","?","R","?","R","T","R","T","E","M","$","R","B",null,"R","$","E","B",null],"character_chosen":"THE_SILENT","items_purchased":["Backflip","Footwork","Cloak And Dagger"],"campfire_rested":2,"item_purchase_floors":[2,20,20],"current_hp_per_floor":[59,59,59,59,51,46,46,35,35,35,35,35,35,26,26,23,55,50,46,46,46,46,46,27,27,27,17,36,39,39,24,45,42,64,71,71,61,61,61,61,69,69,69,69,69,71,71,71,71,64,69,69,69,55,18],"gold":0,"neow_bonus":"BOSS_RELIC","is_prod":false,"is_daily":false,"chose_seed":false,"campfire_upgraded":9,"win_rate":0,"timestamp":1550108099,"path_taken":["M","$","M","?","M","E","M","E","T","?","E","R","R","M","R","BOSS","M","M","$","M","?","R","E","$","T","E","R","M","R","E","R","BOSS","M","$","?","?","?","R","?","R","T","R","?","E","?","?","R","BOSS","R","$","E","BOSS"],"build_version":"2019-02-06","purchased_purges":2,"victory":true,"max_hp_per_floor":[66,66,66,66,66,66,66,66,66,66,66,66,66,66,66,66,66,66,66,66,66,66,66,66,66,66,66,66,66,66,71,71,71,71,71,71,71,71,71,71,71,71,71,71,71,71,71,71,71,71,71,71,71,71,71],"card_choices":[{"not_picked":["Flying Knee","Quick Slash"],"picked":"Dagger Spray","floor":1},{"not_picked":["Dagger Spray","Blade Dance","Prepared"],"picked":"SKIP","floor":3},{"not_picked":["Dagger Spray","Backstab"],"picked":"PiercingWail","floor":5},{"not_picked":["Blade Dance","Slice","Sucker Punch"],"picked":"SKIP","floor":6},{"not_picked":["PiercingWail","Poisoned Stab","Sucker Punch"],"picked":"SKIP","floor":7},{"not_picked":["Sucker Punch","Bane"],"picked":"Dash","floor":8},{"not_picked":["Skewer","Eviscerate"],"picked":"Tools of the Trade","floor":10},{"not_picked":["Caltrops","Flying Knee","Prepared"],"picked":"SKIP","floor":11},{"not_picked":["Bane","Cloak And Dagger","Blade Dance"],"picked":"SKIP","floor":14},{"not_picked":["Phantasmal Killer","Venomology"],"picked":"Die Die Die","floor":16},{"not_picked":["Dagger Spray","Sucker Punch"],"picked":"Crippling Poison","floor":18},{"not_picked":["Poisoned Stab","Catalyst","Well Laid Plans"],"picked":"SKIP","floor":19},{"not_picked":["Dagger Throw","Deflect"],"picked":"Calculated Gamble","floor":21},{"not_picked":["Sucker Punch","Well Laid Plans"],"picked":"Skewer","floor":24},{"not_picked":["Infinite Blades+1","Footwork"],"picked":"Calculated Gamble+1","floor":27},{"not_picked":["Bouncing Flask","Reflex"],"picked":"Tactician","floor":29},{"not_picked":["Blade Dance+1","Dodge and Roll","Terror"],"picked":"SKIP","floor":31},{"not_picked":["Night Terror","A Thousand Cuts"],"picked":"Adrenaline","floor":33},{"not_picked":["Prepared","Dodge and Roll"],"picked":"Calculated Gamble","floor":35},{"not_picked":["Mind Blast","Discovery"],"picked":"Finesse","floor":37},{"not_picked":["The Bomb","Sadistic Nature"],"picked":"Panache","floor":37},{"not_picked":["Secret Technique","Purity"],"picked":"Madness","floor":37},{"not_picked":["Dodge and Roll","Poisoned Stab+1"],"picked":"Backflip+1","floor":46},{"not_picked":["Acrobatics","Quick Slash","Slice"],"picked":"SKIP","floor":47},{"not_picked":["Reflex","Sucker Punch+1"],"picked":"Terror+1","floor":54}],"player_experience":1956994,"relics_obtained":[{"floor":6,"key":"Potion Belt"},{"floor":8,"key":"Tingsha"},{"floor":9,"key":"Unceasing Top"},{"floor":11,"key":"WingedGreaves"},{"floor":24,"key":"Art of War"},{"floor":26,"key":"Bird Faced Urn"},{"floor":27,"key":"The Courier"},{"floor":31,"key":"Mercury Hourglass"},{"floor":41,"key":"Turnip"},{"floor":45,"key":"Letter Opener"},{"floor":46,"key":"Bronze Scales"},{"floor":54,"key":"Lantern"}],"event_choices":[{"cards_removed":["Expertise"],"damage_healed":0,"gold_gain":0,"player_choice":"Purged","damage_taken":0,"max_hp_gain":0,"max_hp_loss":0,"event_name":"Purifier","floor":4,"gold_loss":0},{"damage_healed":0,"gold_gain":0,"player_choice":"Simplicity","damage_taken":0,"max_hp_gain":0,"max_hp_loss":0,"event_name":"Back to Basics","floor":22,"gold_loss":0,"cards_upgraded":[]},{"damage_healed":0,"gold_gain":0,"player_choice":"Memory 3","damage_taken":10,"max_hp_gain":0,"max_hp_loss":0,"event_name":"SensoryStone","floor":37,"gold_loss":0},{"damage_healed":0,"gold_gain":0,"player_choice":"Paid","damage_taken":0,"relics_obtained":["Red Mask"],"max_hp_gain":0,"max_hp_loss":0,"event_name":"Tomb of Lord Red Mask","floor":38,"gold_loss":13},{"cards_removed":["Infinite Blades"],"damage_healed":0,"gold_gain":0,"player_choice":"Removed Power","damage_taken":0,"max_hp_gain":0,"max_hp_loss":0,"event_name":"Falling","floor":39,"gold_loss":0},{"damage_healed":0,"gold_gain":0,"player_choice":"Fight","damage_taken":0,"max_hp_gain":0,"max_hp_loss":0,"event_name":"MindBloom","floor":41,"gold_loss":0}],"is_beta":true,"boss_relics":[{"not_picked":["Astrolabe","Velvet Choker"],"picked":"Ectoplasm"},{"not_picked":["Orrery","Busted Crown"],"picked":"Empty Cage"}],"items_purged_floors":[20,36],"is_endless":false,"potions_floor_spawned":[5,6,8,21,27,33,35],"ascension_level":15}