{"gold_per_floor":[114,114,134,134,40,73,89,89,142,142,157,157,5,20,20,118,118,135,153,153,153,171,171,191,371,420,11,11,24,24,44,44,143,143,158,258,258,258,258,283,302,328,328,328,27,38,38,54,54,54],"floor_reached":51,"playtime":1113,"items_purged":["Strike_R"],"score":750,"play_id":"bcff23c0-4103-4e54-89ee-2c90fa14fa29","local_time":"20190314204522","is_ascension_mode":false,"campfire_choices":[{"data":"Whirlwind","floor":8.0,"key":"SMITH"},{"data":"Flex","floor":10.0,"key":"SMITH"},{"data":"Infernal Blade","floor":12.0,"key":"SMITH"},{"data":"Spot Weakness","floor":15.0,"key":"SMITH"},{"data":"Pummel","floor":23.0,"key":"SMITH"},{"floor":28.0,"key":"REST"},{"data":"Whirlwind","floor":30.0,"key":"SMITH"},{"data":"Heavy Blade","floor":32.0,"key":"SMITH"},{"data":"Forethought","floor":47,"key":"SMITH"},{"data":"Demon Form","floor":49,"key":"SMITH"}],"neow_cost":"NONE","seed_source_timestamp":5411569085560,"circlet_count":0,"master_deck":["Defend_R","Defend_R","Defend_R","Defend_R","Bash","Infernal Blade+1","Whirlwind+1","Flex+1","Headbutt","Sword Boomerang","Spot Weakness+1","Thunderclap","Limit Break","Warcry+1","Bite","Bite","Bite","Bite","Bite","Pummel+1","Havoc","Inflame","Whirlwind+1","Flex","Heavy Blade+1","Demon Form+1","Forethought+1","Pummel","Parasite","Inflame+1","Rage+1"],"special_seed":0,"relics":["Black Blood","NeowsBlessing","Vajra","Art of War","Bag of Marbles","Runic Cube","MutagenicStrength","Pen Nib","Torii","Ice Cream","Kunai","Potion Belt","Pear","Incense Burner"],"potions_floor_usage":[33,33,40,50,50,50],"damage_taken":[{"damage":0.0,"enemies":"Cultist","floor":1.0,"turns":1.0},{"damage":0.0,"enemies":"Jaw Worm","floor":3.0,"turns":1.0},{"damage":0.0,"enemies":"Gremlin Nob","floor":6.0,"turns":1.0},{"damage":9.0,"enemies":"2 Louse","floor":7.0,"turns":3.0},{"damage":11.0,"enemies":"Large Slime","floor":11.0,"turns":3.0},{"damage":13.0,"enemies":"Red Slaver","floor":14.0,"turns":2.0},{"damage":34.0,"enemies":"Hexaghost","floor":16.0,"turns":5.0},{"damage":20.0,"enemies":"2 Thieves","floor":18.0,"turns":2.0},{"damage":15.0,"enemies":"3 Byrds","floor":19.0,"turns":4.0},{"damage":10.0,"enemies":"Cultist and Chosen","floor":22.0,"turns":2.0},{"damage":21.0,"enemies":"Snake Plant","floor":24.0,"turns":3.0},{"damage":12.0,"enemies":"Centurion and Healer","floor":29.0,"turns":2.0},{"damage":2.0,"enemies":"Cultist and Chosen","floor":31.0,"turns":3.0},{"damage":27,"enemies":"Collector","floor":33,"turns":6},{"damage":6,"enemies":"3 Shapes","floor":35,"turns":1},{"damage":0,"enemies":"Mind Bloom Boss Battle","floor":36,"turns":1},{"damage":18,"enemies":"Nemesis","floor":40,"turns":3},{"damage":10,"enemies":"Orb Walker","floor":41,"turns":2},{"damage":30,"enemies":"Writhing Mass","floor":46,"turns":4},{"damage":1,"enemies":"Transient","floor":48,"turns":5},{"damage":56,"enemies":"Time Eater","floor":50,"turns":6}],"seed_played":"2844536826399777539","potions_obtained":[{"floor":3.0,"key":"Poison Potion"},{"floor":7.0,"key":"Weak Potion"},{"floor":11.0,"key":"GamblersBrew"},{"floor":22.0,"key":"Weak Potion"},{"floor":29.0,"key":"Fire Potion"},{"floor":33,"key":"Regen Potion"},{"floor":36,"key":"Poison Potion"},{"floor":46,"key":"Weak Potion"},{"floor":48,"key":"SteroidPotion"}],"is_trial":false,"path_per_floor":["M","$","M","T","$","E","M","R","T","R","M","R","$","M","R","B",null,"M","M","?","?","M","R","M","?","T","$","R","M","R","M","R","B",null,"M","?","?","?","?","E","M","T","T","?","$","M","R","M","R","B",null],"character_chosen":"IRONCLAD","items_purchased":["Whirlwind","Flex","Spot Weakness","Inflame","Torii","Whirlwind","Incense Burner"],"campfire_rested":1,"item_purchase_floors":[5,5,13,27,27,27,45],"current_hp_per_floor":[80,80,80,80,80,80,77,77,77,77,72,72,72,65,65,37,80,66,57,56,56,56,56,41,23,23,23,39,33,33,43,43,28,56,56,56,56,56,56,50,50,50,60,60,60,45,45,54,54,29],"gold":54,"neow_bonus":"THREE_ENEMY_KILL","is_prod":false,"is_daily":false,"chose_seed":false,"campfire_upgraded":9,"win_rate":0,"timestamp":1552563922,"path_taken":["M","?","?","?","?","E","M","R","T","R","M","R","$","M","R","BOSS","M","M","?","?","M","R","M","?","T","$","R","M","R","M","R","BOSS","M","?","?","?","?","E","M","?","T","?","$","M","R","?","R","BOSS"],"build_version":"2019-01-23","purchased_purges":1,"victory":true,"max_hp_per_floor":[80,80,80,80,80,80,80,80,80,80,80,80,80,80,80,80,80,80,80,56,56,56,56,56,56,56,56,56,56,56,56,56,56,56,56,56,56,56,56,56,56,56,66,63,63,63,63,63,63,63],"card_choices":[{"not_picked":["Thunderclap","Ghostly Armor"],"picked":"Infernal Blade","floor":1.0},{"not_picked":["Disarm","Armaments","Iron Wave"],"picked":"SKIP","floor":3.0},{"not_picked":["Ghostly Armor","Wild Strike"],"picked":"Headbutt","floor":6.0},{"not_picked":["Hemokinesis","Dropkick"],"picked":"Sword Boomerang","floor":7.0},{"not_picked":["Intimidate","Armaments","Headbutt"],"picked":"SKIP","floor":11.0},{"not_picked":["Armaments","Shockwave"],"picked":"Thunderclap","floor":14.0},{"not_picked":["Brutality","Bludgeon"],"picked":"Limit Break","floor":16.0},{"not_picked":["Feel No Pain","Thunderclap"],"picked":"Cleave","floor":18.0},{"not_picked":["Sword Boomerang","Iron Wave"],"picked":"Warcry+1","floor":19.0},{"not_picked":["Bloodletting","Rampage+1"],"picked":"Pummel","floor":22.0},{"not_picked":["Reckless Charge+1","Anger"],"picked":"Havoc","floor":24.0},{"not_picked":["Rampage","Pommel Strike"],"picked":"Flex","floor":29.0},{"not_picked":["Exhume","Entrench"],"picked":"Heavy Blade","floor":31.0},{"not_picked":["Dark Embrace","Barricade"],"picked":"Demon Form","floor":33},{"not_picked":["Burning Pact","True Grit+1","Pommel Strike+1"],"picked":"SKIP","floor":35},{"not_picked":["Blind","Impatience"],"picked":"Forethought","floor":38},{"not_picked":["Hemokinesis+1","Body Slam","Clothesline+1"],"picked":"SKIP","floor":40},{"not_picked":["Rage","Anger+1"],"picked":"Pummel","floor":41},{"not_picked":["Hemokinesis+1","Iron Wave"],"picked":"Inflame+1","floor":46},{"not_picked":["Iron Wave+1","Cleave+1"],"picked":"Rage+1","floor":48}],"player_experience":369469,"relics_obtained":[{"floor":4.0,"key":"Vajra"},{"floor":6.0,"key":"Art of War"},{"floor":9.0,"key":"Bag of Marbles"},{"floor":26.0,"key":"Pen Nib"},{"floor":36,"key":"Ice Cream"},{"floor":40,"key":"Kunai"},{"floor":42,"key":"Potion Belt"},{"floor":43,"key":"Pear"}],"event_choices":[{"damage_healed":0.0,"max_hp_gain":0.0,"max_hp_loss":24.0,"gold_gain":0.0,"event_name":"Vampires","player_choice":"Became a vampire","floor":20.0,"gold_loss":0.0,"damage_taken":0.0,"cards_obtained":["Bite","Bite","Bite","Bite","Bite"]},{"damage_healed":0.0,"max_hp_gain":0.0,"max_hp_loss":0.0,"gold_gain":0.0,"event_name":"Drug Dealer","player_choice":"Inject Mutagens","floor":21.0,"gold_loss":0.0,"damage_taken":0.0,"relics_obtained":["MutagenicStrength"]},{"damage_healed":0.0,"max_hp_gain":0.0,"max_hp_loss":0.0,"gold_gain":180.0,"event_name":"Knowing Skull","player_choice":"GOLD GOLD ","floor":25.0,"potions_obtained":[],"gold_loss":0.0,"damage_taken":18.0,"cards_obtained":[]},{"damage_healed":0,"gold_gain":0,"player_choice":"Fight","damage_taken":0,"max_hp_gain":0,"max_hp_loss":0,"event_name":"MindBloom","floor":36,"gold_loss":0},{"cards_removed":["Cleave"],"damage_healed":0,"gold_gain":0,"player_choice":"Removed Attack","damage_taken":0,"max_hp_gain":0,"max_hp_loss":0,"event_name":"Falling","floor":37,"gold_loss":0},{"damage_healed":0,"gold_gain":0,"player_choice":"Memory 1","damage_taken":0,"max_hp_gain":0,"max_hp_loss":0,"event_name":"SensoryStone","floor":38,"gold_loss":0},{"damage_healed":0,"gold_gain":0,"player_choice":"Ignored","damage_taken":0,"max_hp_gain":0,"max_hp_loss":0,"event_name":"Mysterious Sphere","floor":39,"gold_loss":0},{"damage_healed":0,"gold_gain":0,"player_choice":"Max HP","damage_taken":0,"max_hp_gain":0,"max_hp_loss":3,"event_name":"Winding Halls","floor":44,"gold_loss":0}],"is_beta":false,"boss_relics":[{"not_picked":["Pandora\u0027s Box","Sozu"],"picked":"Runic Cube"},{"not_picked":["Astrolabe","Velvet Choker"],"picked":"Black Blood"}],"items_purged_floors":[13],"is_endless":false,"potions_floor_spawned":[3,7,11,22,29,33,36,46,48],"ascension_level":0}