{"gold_per_floor":[116,116,130,143,218,218,218,218,218,237,269,269,281,360,360,457,457,467,467,467,480,405,405,435,435,435,448,458,458,214,233,233,233],"floor_reached":33,"playtime":1259,"items_purged":["Blood for Blood","Defend_R"],"score":331,"play_id":"910f8273-6a8f-487f-86dd-ecd3ca0e4947","local_time":"20190314022020","is_ascension_mode":true,"campfire_choices":[{"data":"Body Slam","floor":6,"key":"SMITH"},{"data":"Bash","floor":8,"key":"SMITH"},{"data":"Pommel Strike","floor":12,"key":"SMITH"},{"floor":15,"key":"REST"},{"data":"Demon Form","floor":23,"key":"SMITH"},{"data":"Flex","floor":25,"key":"SMITH"},{"floor":29,"key":"REST"},{"data":"True Grit","floor":32,"key":"SMITH"}],"neow_cost":"NONE","seed_source_timestamp":52313407555272,"circlet_count":0,"master_deck":["Defend_R","Defend_R","Defend_R","Bash+1","Whirlwind+1","Body Slam+1","Shockwave+1","Pommel Strike+1","Demon Form+1","Ghostly Armor+1","Inflame+1","Seeing Red+1","Flex+1","Spot Weakness+1","True Grit+1"],"relics":["Burning Blood","Orichalcum","Pen Nib","Omamori","Dodecahedron","Astrolabe","Regal Pillow","Unceasing Top","Lantern"],"potions_floor_usage":[10,11,11,13,24,27,28],"damage_taken":[{"damage":10,"enemies":"Jaw Worm","floor":1,"turns":5},{"damage":0,"enemies":"2 Louse","floor":3,"turns":2},{"damage":0,"enemies":"Cultist","floor":4,"turns":3},{"damage":5,"enemies":"Exordium Wildlife","floor":10,"turns":3},{"damage":5,"enemies":"3 Sentries","floor":11,"turns":4},{"damage":8,"enemies":"3 Louse","floor":13,"turns":2},{"damage":36,"enemies":"The Guardian","floor":16,"turns":10},{"damage":0,"enemies":"3 Byrds","floor":18,"turns":5},{"damage":0,"enemies":"Chosen","floor":21,"turns":2},{"damage":27,"enemies":"Gremlin Leader","floor":24,"turns":5},{"damage":29,"enemies":"Shelled Parasite and Fungi","floor":27,"turns":6},{"damage":16,"enemies":"Centurion and Healer","floor":28,"turns":6},{"damage":17,"enemies":"Snecko","floor":31,"turns":4},{"damage":92,"enemies":"Automaton","floor":33,"turns":6}],"seed_played":"-196141009233979910","potions_obtained":[{"floor":3,"key":"SpeedPotion"},{"floor":4,"key":"Energy Potion"},{"floor":10,"key":"Fire Potion"},{"floor":11,"key":"Fire Potion"},{"floor":16,"key":"Fire Potion"},{"floor":21,"key":"GamblersBrew"},{"floor":24,"key":"Weak Potion"}],"is_trial":false,"path_per_floor":["M","?","M","M","?","R","?","R","T","M","E","R","M","T","R","B",null,"M","?","?","M","$","R","E","R","T","M","M","R","$","M","R","B"],"character_chosen":"IRONCLAD","items_purchased":["Lantern"],"campfire_rested":2,"item_purchase_floors":[30],"current_hp_per_floor":[76,76,80,80,69,69,69,69,69,70,71,71,69,69,80,50,73,79,79,79,80,80,80,59,59,59,36,26,65,65,54,54,0],"gold":233,"neow_bonus":"RANDOM_COMMON_RELIC","is_prod":false,"is_daily":false,"chose_seed":false,"campfire_upgraded":6,"win_rate":0,"timestamp":1552555220,"path_taken":["M","?","M","M","?","R","?","R","T","?","E","R","M","?","R","BOSS","M","?","?","M","$","R","E","R","T","M","M","R","$","M","R","BOSS"],"build_version":"2019-01-23","purchased_purges":2,"victory":false,"max_hp_per_floor":[80,80,80,80,80,80,80,80,80,80,80,80,80,80,80,80,80,80,80,80,80,80,80,80,80,80,80,80,80,80,80,80,80],"card_choices":[{"not_picked":["Cleave","Headbutt"],"picked":"Whirlwind","floor":1},{"not_picked":["Sever Soul","Uppercut"],"picked":"Body Slam","floor":3},{"not_picked":["Rupture","Twin Strike"],"picked":"Shockwave","floor":4},{"not_picked":["Bloodletting","Sword Boomerang","Clash"],"picked":"SKIP","floor":10},{"not_picked":["Burning Pact","Blood for Blood"],"picked":"Pommel Strike","floor":11},{"not_picked":["Pommel Strike","Thunderclap","Cleave"],"picked":"SKIP","floor":13},{"not_picked":["Immolate","Exhume"],"picked":"Demon Form","floor":16},{"not_picked":["Headbutt","Shockwave","Pummel"],"picked":"SKIP","floor":18},{"not_picked":["Burning Pact","Sword Boomerang+1","Warcry"],"picked":"SKIP","floor":21},{"not_picked":["Armaments","Barricade"],"picked":"Spot Weakness+1","floor":24},{"not_picked":["Headbutt","Carnage"],"picked":"True Grit","floor":27},{"not_picked":["Flex","Warcry","Wild Strike+1"],"picked":"SKIP","floor":28},{"not_picked":["Sword Boomerang+1","Havoc","Armaments"],"picked":"SKIP","floor":31}],"player_experience":434931,"relics_obtained":[{"floor":9,"key":"Pen Nib"},{"floor":11,"key":"Omamori"},{"floor":14,"key":"Dodecahedron"},{"floor":24,"key":"Regal Pillow"},{"floor":26,"key":"Unceasing Top"}],"event_choices":[{"damage_healed":0,"gold_gain":0,"player_choice":"Grow","damage_taken":0,"max_hp_gain":0,"max_hp_loss":0,"event_name":"Living Wall","floor":2,"gold_loss":0,"cards_upgraded":["Whirlwind"]},{"damage_healed":0,"gold_gain":75,"player_choice":"Gather Gold","damage_taken":11,"max_hp_gain":0,"max_hp_loss":0,"event_name":"World of Goop","floor":5,"gold_loss":0},{"damage_healed":0,"gold_gain":0,"player_choice":"Upgraded","damage_taken":0,"max_hp_gain":0,"max_hp_loss":0,"event_name":"Upgrade Shrine","floor":7,"gold_loss":0,"cards_upgraded":["Shockwave"]},{"damage_healed":0,"gold_gain":0,"player_choice":"Ignored","damage_taken":0,"max_hp_gain":0,"max_hp_loss":0,"event_name":"Vampires","floor":19,"gold_loss":0},{"damage_healed":0,"gold_gain":0,"cards_transformed":["Strike_R","Strike_R"],"player_choice":"Became Test Subject","damage_taken":0,"max_hp_gain":0,"max_hp_loss":0,"event_name":"Drug Dealer","floor":20,"gold_loss":0,"cards_obtained":["Flex","Blood for Blood"]}],"is_beta":false,"boss_relics":[{"not_picked":["Black Star","Lizard Tail"],"picked":"Astrolabe"}],"items_purged_floors":[22,30],"is_endless":false,"potions_floor_spawned":[3,4,10,11,16,21,24],"killed_by":"Automaton","ascension_level":5}