{"gold_per_floor":[115,115,42,62,77,77,91,123,123,156,5,5,30,56,56,133,133,152,166,91,41,41,41,60,74,74,108,120,152,164,212,212,286,286,296,296,296,310,85,85,112,132,132,132,162,181,214,164,164,164,164,164,47,78,78],"floor_reached":56,"playtime":3127,"items_purged":["Strike_R","Pain","Strike_R"],"score":2188,"play_id":"f8f2879e-4378-4028-b420-944909862193","local_time":"20190222151028","is_ascension_mode":true,"campfire_choices":[{"data":"Fiend Fire","floor":6.0,"key":"SMITH"},{"floor":12.0,"key":"REST"},{"data":"True Grit","floor":15.0,"key":"SMITH"},{"floor":23.0,"key":"REST"},{"floor":32.0,"key":"REST"},{"floor":40.0,"key":"RECALL"},{"floor":49.0,"key":"REST"},{"floor":52.0,"key":"REST"}],"neow_cost":"NONE","seed_source_timestamp":0,"circlet_count":0,"master_deck":["AscendersBane","Strike_R","Strike_R+1","Defend_R","Defend_R","Defend_R","Defend_R+1","Bash","Headbutt","Fiend Fire+1","Battle Trance+1","Juggernaut","Shockwave","Feel No Pain","True Grit+1","Offering","Anger+1","Corruption","Inflame","Demon Form","Evolve","True Grit+1","Shrug It Off","Burning Pact","Uppercut+1","Shrug It Off+1","Power Through","Dual Wield"],"special_seed":0,"relics":["White Beast Statue","Gambling Chip","Thread and Needle","Torii","War Paint","Smiling Mask","Runic Cube","Shuriken","Vajra","Whetstone","Snecko Eye","WarpedTongs","Happy Flower","Strawberry","Du-Vu Doll","Centennial Puzzle","Omamori","Lantern"],"potions_floor_usage":[],"damage_taken":[{"damage":7.0,"enemies":"Jaw Worm","floor":1.0,"turns":3.0},{"damage":0.0,"enemies":"Small Slimes","floor":4.0,"turns":2.0},{"damage":2.0,"enemies":"2 Louse","floor":5.0,"turns":4.0},{"damage":14.0,"enemies":"Exordium Thugs","floor":7.0,"turns":5.0},{"damage":20.0,"enemies":"Gremlin Nob","floor":8.0,"turns":4.0},{"damage":3.0,"enemies":"Lagavulin","floor":10.0,"turns":6.0},{"damage":6.0,"enemies":"Gremlin Nob","floor":13.0,"turns":3.0},{"damage":0.0,"enemies":"The Guardian","floor":16.0,"turns":8.0},{"damage":6.0,"enemies":"Shell Parasite","floor":18.0,"turns":1.0},{"damage":6.0,"enemies":"2 Thieves","floor":19.0,"turns":5.0},{"damage":0.0,"enemies":"Cultist and Chosen","floor":24.0,"turns":5.0},{"damage":6.0,"enemies":"Centurion and Healer","floor":25.0,"turns":4.0},{"damage":6.0,"enemies":"Book of Stabbing","floor":27.0,"turns":3.0},{"damage":6.0,"enemies":"Shelled Parasite and Fungi","floor":28.0,"turns":3.0},{"damage":7.0,"enemies":"Gremlin Leader","floor":29.0,"turns":4.0},{"damage":6.0,"enemies":"Cultist and Chosen","floor":30.0,"turns":3.0},{"damage":28.0,"enemies":"Collector","floor":33.0,"turns":5.0},{"damage":0.0,"enemies":"3 Shapes","floor":35.0,"turns":5.0},{"damage":14.0,"enemies":"3 Darklings","floor":38.0,"turns":3.0},{"damage":6.0,"enemies":"Giant Head","floor":41.0,"turns":7.0},{"damage":46.0,"enemies":"4 Shapes","floor":42.0,"turns":11.0},{"damage":22.0,"enemies":"Nemesis","floor":45.0,"turns":5.0},{"damage":7.0,"enemies":"Writhing Mass","floor":46.0,"turns":5.0},{"damage":6.0,"enemies":"Reptomancer","floor":47.0,"turns":3.0},{"damage":44.0,"enemies":"Awakened One","floor":50.0,"turns":21.0},{"damage":35.0,"enemies":"Shield and Spear","floor":54.0,"turns":4.0},{"damage":22,"enemies":"The Heart","floor":55,"turns":8}],"seed_played":"-6580280982454367080","potions_obtained":[{"floor":1.0,"key":"Fire Potion"},{"floor":4.0,"key":"Ancient Potion"},{"floor":5.0,"key":"Block Potion"},{"floor":7.0,"key":"Explosive Potion"},{"floor":8.0,"key":"EntropicBrew"},{"floor":10.0,"key":"Fire Potion"},{"floor":16.0,"key":"Fire Potion"},{"floor":24.0,"key":"Ancient Potion"},{"floor":25.0,"key":"FearPotion"},{"floor":29.0,"key":"Ancient Potion"},{"floor":33.0,"key":"Regen Potion"},{"floor":35.0,"key":"Regen Potion"},{"floor":41.0,"key":"FearPotion"},{"floor":42.0,"key":"Explosive Potion"},{"floor":44.0,"key":"Regen Potion"},{"floor":44.0,"key":"AttackPotion"},{"floor":46.0,"key":"BloodPotion"},{"floor":47.0,"key":"BloodPotion"},{"floor":54.0,"key":"GamblersBrew"}],"is_trial":false,"path_per_floor":["M","?","$","M","M","R","M","E","T","E","$","R","E","T","R","B",null,"M","M","?","?","$","R","M","M","T","E","M","E","M","T","R","B",null,"M","?","?","M","$","R","E","M","T","?","E","M","E","$","R","B",null,"R","$","E","B",null],"character_chosen":"IRONCLAD","items_purchased":["Fiend Fire","Feel No Pain","Happy Flower","Shrug It Off","Power Through","Weak Potion"],"campfire_rested":5,"item_purchase_floors":[3,11,39,39,53,53],"current_hp_per_floor":[61,66,66,66,64,64,50,30,30,27,27,51,45,45,45,45,71,65,59,59,59,59,80,80,74,74,68,62,55,49,49,73,45,71,71,71,71,57,57,57,73,42,42,42,20,27,29,29,55,19,70,87,87,52,30],"gold":78,"neow_bonus":"BOSS_RELIC","is_prod":false,"is_daily":false,"chose_seed":false,"campfire_upgraded":2,"win_rate":0,"timestamp":1550866228,"path_taken":["M","?","$","M","M","R","M","E","T","E","$","R","E","?","R","BOSS","M","M","?","?","$","R","M","M","T","E","?","E","M","?","R","BOSS","M","?","?","?","$","R","E","M","T","?","E","?","E","$","R","BOSS","R","$","E","BOSS"],"build_version":"2019-02-06","purchased_purges":3,"victory":true,"max_hp_per_floor":[75,80,80,80,80,80,80,80,80,80,80,80,80,80,80,80,80,80,80,80,80,80,80,80,80,80,80,80,80,80,80,80,80,80,80,80,80,80,80,80,87,87,87,87,87,87,87,87,87,87,87,87,87,87,87],"card_choices":[{"not_picked":["Body Slam","Thunderclap"],"picked":"Headbutt","floor":1.0},{"not_picked":["Rupture","Sword Boomerang"],"picked":"Battle Trance","floor":4.0},{"not_picked":["Wild Strike","Perfected Strike"],"picked":"Juggernaut","floor":5.0},{"not_picked":["Flex","Thunderclap","Dual Wield"],"picked":"SKIP","floor":7.0},{"not_picked":["Sentinel","Anger","Perfected Strike"],"picked":"SKIP","floor":8.0},{"not_picked":["Pommel Strike","Power Through"],"picked":"Shockwave","floor":10.0},{"not_picked":["Rupture","Rampage"],"picked":"True Grit","floor":13.0},{"not_picked":["Juggernaut","Demon Form"],"picked":"Offering","floor":16.0},{"not_picked":["Pommel Strike","True Grit"],"picked":"Anger","floor":18.0},{"not_picked":["Warcry","Blood for Blood","Heavy Blade"],"picked":"SKIP","floor":19.0},{"not_picked":["Evolve","Clash"],"picked":"Corruption","floor":24.0},{"not_picked":["Heavy Blade","Iron Wave","Burning Pact"],"picked":"SKIP","floor":25.0},{"not_picked":["Headbutt","Sentinel","Twin Strike"],"picked":"SKIP","floor":27.0},{"not_picked":["Warcry","Heavy Blade"],"picked":"Inflame","floor":28.0},{"not_picked":["Anger","Intimidate","Metallicize"],"picked":"SKIP","floor":29.0},{"not_picked":["Combust+1","Clothesline","Anger"],"picked":"SKIP","floor":30.0},{"not_picked":["Impervious","Exhume"],"picked":"Demon Form","floor":33.0},{"not_picked":["True Grit","Heavy Blade"],"picked":"Evolve","floor":35.0},{"not_picked":["Headbutt","Evolve"],"picked":"True Grit+1","floor":38.0},{"not_picked":["Combust","Headbutt+1"],"picked":"Burning Pact","floor":41.0},{"not_picked":["Shrug It Off","Feed"],"picked":"Uppercut+1","floor":42.0},{"not_picked":["Thunderclap","Clash+1","Entrench"],"picked":"SKIP","floor":45.0},{"not_picked":["Clash","Havoc"],"picked":"Shrug It Off+1","floor":46.0},{"not_picked":["Ghostly Armor","Bloodletting","Cleave"],"picked":"SKIP","floor":47.0},{"not_picked":["Inflame+1","Bloodletting"],"picked":"Dual Wield","floor":54.0}],"player_experience":2016069,"relics_obtained":[{"floor":8.0,"key":"Gambling Chip"},{"floor":9.0,"key":"Thread and Needle"},{"floor":10.0,"key":"Torii"},{"floor":13.0,"key":"War Paint"},{"floor":14.0,"key":"Smiling Mask"},{"floor":26.0,"key":"Shuriken"},{"floor":27.0,"key":"Vajra"},{"floor":29.0,"key":"Whetstone"},{"floor":41.0,"key":"Strawberry"},{"floor":43.0,"key":"Du-Vu Doll"},{"floor":45.0,"key":"Centennial Puzzle"},{"floor":47.0,"key":"Omamori"},{"floor":54.0,"key":"Lantern"}],"event_choices":[{"damage_healed":0.0,"max_hp_gain":5.0,"max_hp_loss":0.0,"gold_gain":0.0,"event_name":"Big Fish","player_choice":"Donut","floor":2.0,"gold_loss":0.0,"damage_taken":0.0},{"cards_removed":["Strike_R"],"damage_healed":0.0,"max_hp_gain":0.0,"max_hp_loss":0.0,"gold_gain":0.0,"event_name":"Beggar","player_choice":"Gave Gold","floor":20.0,"gold_loss":75.0,"damage_taken":0.0},{"damage_healed":0.0,"max_hp_gain":0.0,"max_hp_loss":0.0,"gold_gain":0.0,"event_name":"The Joust","player_choice":"Bet on Murderer","floor":21.0,"gold_loss":50.0,"damage_taken":0.0},{"damage_healed":0.0,"max_hp_gain":0.0,"max_hp_loss":0.0,"gold_gain":0.0,"event_name":"Tomb of Lord Red Mask","player_choice":"Ignored","floor":36.0,"gold_loss":0.0,"damage_taken":0.0},{"damage_healed":0.0,"max_hp_gain":0.0,"max_hp_loss":0.0,"gold_gain":0.0,"event_name":"Accursed Blacksmith","player_choice":"Rummage","floor":37.0,"gold_loss":0.0,"damage_taken":0.0,"relics_obtained":["WarpedTongs"],"cards_obtained":["Pain"]},{"damage_healed":0.0,"max_hp_gain":0.0,"max_hp_loss":0.0,"gold_gain":0.0,"event_name":"Lab","player_choice":"Got Potions","floor":44.0,"gold_loss":0.0,"damage_taken":0.0}],"is_beta":true,"boss_relics":[{"not_picked":["Runic Dome","Busted Crown"],"picked":"Runic Cube"},{"not_picked":["Eternal Feather","Empty Cage"],"picked":"Snecko Eye"}],"items_purged_floors":[11,39,48],"is_endless":false,"potions_floor_spawned":[1,4,5,7,8,10,13,16,18,19,24,25,27,28,29,30,33,35,38,41,42,45,46,47,54],"ascension_level":15}