{"gold_per_floor":[109,123,142,217,235,266,291,291,291,1,34,54,88,103,103,207,257,245,257,287,287,299,299,324,284,361,375,375,402,402,402,402,402],"floor_reached":33,"playtime":2160,"items_purged":[],"score":431,"play_id":"6970f5e4-3b04-4518-a9ed-41aa98cfc64a","local_time":"20190306042303","is_ascension_mode":true,"campfire_choices":[{"floor":8,"key":"REST"},{"floor":15,"key":"REST"},{"floor":23,"key":"REST"},{"data":"After Image","floor":28,"key":"SMITH"},{"data":"Infinite Blades","floor":30,"key":"SMITH"},{"data":"Infinite Blades","floor":32,"key":"SMITH"}],"neow_cost":"NONE","seed_source_timestamp":319544562395511,"circlet_count":0,"master_deck":["Defend_G","Defend_G","Defend_G","Defend_G","Defend_G","Strike_G","Strike_G","Strike_G+1","Strike_G","Strike_G","Survivor+1","Neutralize+1","Blade Dance","Blur","Caltrops","Adrenaline","Prepared","Infinite Blades+1","Infinite Blades","After Image+1","Infinite Blades","Prepared","Cloak And Dagger","Infinite Blades+1","Cloak And Dagger+1"],"relics":["Ring of the Snake","Vajra","Smiling Mask","Whetstone","Orichalcum","Lantern","Pen Nib","Ancient Tea Set","Tiny House","Red Mask","Bag of Preparation","Matryoshka","Bronze Scales","Meat on the Bone","Oddly Smooth Stone"],"potions_floor_usage":[5,11,11,20,20,24,24,33,33],"damage_taken":[{"damage":5,"enemies":"Cultist","floor":1,"turns":6},{"damage":4,"enemies":"Small Slimes","floor":2,"turns":4},{"damage":1,"enemies":"Jaw Worm","floor":3,"turns":4},{"damage":16,"enemies":"Lots of Slimes","floor":5,"turns":6},{"damage":22,"enemies":"3 Sentries","floor":6,"turns":12},{"damage":9,"enemies":"Lagavulin","floor":11,"turns":4},{"damage":3,"enemies":"Exordium Wildlife","floor":12,"turns":4},{"damage":7,"enemies":"3 Sentries","floor":13,"turns":7},{"damage":9,"enemies":"Large Slime","floor":14,"turns":5},{"damage":8,"enemies":"Hexaghost","floor":16,"turns":9},{"damage":24,"enemies":"2 Thieves","floor":18,"turns":4},{"damage":8,"enemies":"Chosen","floor":19,"turns":6},{"damage":15,"enemies":"Masked Bandits","floor":20,"turns":6},{"damage":7,"enemies":"Sentry and Sphere","floor":22,"turns":5},{"damage":2,"enemies":"Gremlin Leader","floor":24,"turns":9},{"damage":15,"enemies":"3 Cultists","floor":27,"turns":5},{"damage":8,"enemies":"Slavers","floor":29,"turns":5},{"damage":37,"enemies":"Collector","floor":33,"turns":6}],"seed_played":"-7900850470474724349","potions_obtained":[{"floor":2,"key":"Fruit Juice"},{"floor":3,"key":"AttackPotion"},{"floor":5,"key":"SteroidPotion"},{"floor":16,"key":"Regen Potion"},{"floor":17,"key":"GamblersBrew"},{"floor":18,"key":"GhostInAJar"},{"floor":19,"key":"GhostInAJar"},{"floor":20,"key":"Block Potion"},{"floor":25,"key":"Strength Potion"},{"floor":25,"key":"Poison Potion"},{"floor":25,"key":"SkillPotion"},{"floor":27,"key":"PowerPotion"}],"is_trial":false,"path_per_floor":["M","M","M","?","M","E","T","R","T","$","E","M","E","M","R","B",null,"M","M","?","?","M","R","E","?","T","M","R","E","R","?","R","B"],"character_chosen":"THE_SILENT","items_purchased":["Lantern","Adrenaline"],"campfire_rested":3,"item_purchase_floors":[10,10],"current_hp_per_floor":[65,61,60,49,38,16,16,38,38,38,29,26,19,10,32,24,67,43,35,35,35,28,52,50,50,50,47,47,51,51,36,36,0],"gold":402,"neow_bonus":"RANDOM_COMMON_RELIC","is_prod":false,"is_daily":false,"chose_seed":false,"campfire_upgraded":3,"win_rate":0,"timestamp":1551842583,"path_taken":["M","?","M","?","M","E","?","R","T","$","E","M","E","M","R","BOSS","M","?","?","?","?","R","E","?","T","?","R","E","R","?","R","BOSS"],"build_version":"2019-01-23","purchased_purges":0,"victory":false,"max_hp_per_floor":[70,70,70,70,75,75,75,75,75,75,75,75,75,75,75,75,80,80,80,80,80,80,80,80,80,80,80,80,80,80,85,85,85],"card_choices":[{"not_picked":["Bane","PiercingWail","Dagger Throw"],"picked":"SKIP","floor":1},{"not_picked":["Sucker Punch","All Out Attack","Slice"],"picked":"SKIP","floor":2},{"not_picked":["PiercingWail","Outmaneuver"],"picked":"Blade Dance","floor":3},{"not_picked":["Acrobatics","Riddle With Holes"],"picked":"Blur","floor":5},{"not_picked":["Blade Dance","Catalyst"],"picked":"Caltrops","floor":6},{"not_picked":["Unload","Reflex","Sucker Punch"],"picked":"SKIP","floor":11},{"not_picked":["Bouncing Flask","Setup"],"picked":"Prepared","floor":12},{"not_picked":["Deflect","Flechettes"],"picked":"Infinite Blades","floor":13},{"not_picked":["Well Laid Plans","Setup"],"picked":"Infinite Blades","floor":14},{"not_picked":["Grand Finale","Night Terror"],"picked":"After Image","floor":16},{"not_picked":["Deflect","Outmaneuver"],"picked":"Dodge and Roll","floor":17},{"not_picked":["Prepared","Bouncing Flask"],"picked":"Infinite Blades","floor":18},{"not_picked":["Quick Slash+1","Sucker Punch","Underhanded Strike"],"picked":"SKIP","floor":19},{"not_picked":["Bouncing Flask","Bane"],"picked":"Prepared","floor":20},{"not_picked":["Grand Finale","Slice+1"],"picked":"Cloak And Dagger","floor":22},{"not_picked":["Underhanded Strike+1","Dagger Spray"],"picked":"Infinite Blades","floor":24},{"not_picked":["Dagger Spray+1","PiercingWail"],"picked":"Cloak And Dagger+1","floor":27},{"not_picked":["Deadly Poison+1","Flying Knee","Reflex"],"picked":"SKIP","floor":29}],"player_experience":212907,"relics_obtained":[{"floor":6,"key":"Smiling Mask"},{"floor":7,"key":"Whetstone"},{"floor":9,"key":"Orichalcum"},{"floor":11,"key":"Pen Nib"},{"floor":13,"key":"Ancient Tea Set"},{"floor":20,"key":"Red Mask"},{"floor":24,"key":"Matryoshka"},{"floor":26,"key":"Bronze Scales"},{"floor":26,"key":"Meat on the Bone"},{"floor":29,"key":"Oddly Smooth Stone"}],"event_choices":[{"damage_healed":0,"gold_gain":75,"player_choice":"Gather Gold","damage_taken":11,"max_hp_gain":0,"max_hp_loss":0,"event_name":"World of Goop","floor":4,"gold_loss":0},{"damage_healed":0,"gold_gain":0,"player_choice":"Fought Bandits","damage_taken":0,"max_hp_gain":0,"max_hp_loss":0,"event_name":"Masked Bandits","floor":20,"gold_loss":0},{"cards_removed":["Dodge and Roll"],"damage_healed":0,"gold_gain":0,"player_choice":"Gave Card","damage_taken":0,"relics_obtained":["Bag of Preparation"],"max_hp_gain":0,"max_hp_loss":0,"event_name":"WeMeetAgain","floor":21,"gold_loss":0},{"damage_healed":0,"gold_gain":0,"player_choice":"Bought 3 Potions","damage_taken":0,"max_hp_gain":0,"max_hp_loss":0,"event_name":"The Woman in Blue","floor":25,"gold_loss":0},{"damage_healed":0,"gold_gain":0,"player_choice":"Shed Blood","damage_taken":20,"max_hp_gain":5,"max_hp_loss":0,"event_name":"Forgotten Altar","floor":31,"gold_loss":0}],"is_beta":false,"boss_relics":[{"not_picked":["HoveringKite","Velvet Choker"],"picked":"Tiny House"}],"items_purged_floors":[],"is_endless":false,"potions_floor_spawned":[2,3,5,16,18,19,20,27,29],"killed_by":"Collector","ascension_level":5}