{"gold_per_floor":[117,134,145,162,88,113,130,156,156,156],"floor_reached":10,"playtime":310,"items_purged":[],"score":140,"play_id":"6a89d502-0230-4562-adda-f356bff73766","local_time":"20190223171606","is_ascension_mode":true,"campfire_choices":[],"neow_cost":"NONE","seed_source_timestamp":0,"circlet_count":0,"master_deck":["AscendersBane","Strike_B","Strike_B","Strike_B","Strike_B","Defend_B","Defend_B","Defend_B","Defend_B","Zap","Dualcast","Sweeping Beam","Leap","Static Discharge","Sunder","Echo Form","BootSequence"],"special_seed":0,"relics":["Sozu","Shovel","Ancient Tea Set","Oddly Smooth Stone"],"potions_floor_usage":[],"damage_taken":[{"damage":0.0,"enemies":"Cultist","floor":1.0,"turns":4.0},{"damage":4.0,"enemies":"Small Slimes","floor":2.0,"turns":4.0},{"damage":4,"enemies":"Jaw Worm","floor":3,"turns":4},{"damage":12,"enemies":"3 Louse","floor":4,"turns":3},{"damage":22,"enemies":"3 Sentries","floor":6,"turns":7},{"damage":3,"enemies":"Blue Slaver","floor":7,"turns":4},{"damage":10,"enemies":"Lagavulin","floor":8,"turns":7},{"damage":26,"enemies":"Gremlin Nob","floor":10,"turns":3}],"seed_played":"-5738298664172033081","potions_obtained":[],"is_trial":false,"path_per_floor":["M","M","M","M","$","E","M","E","T","E"],"character_chosen":"DEFECT","items_purchased":["Static Discharge"],"campfire_rested":0,"item_purchase_floors":[5],"current_hp_per_floor":[64,60,56,44,44,22,19,9,9,0],"gold":156,"neow_bonus":"BOSS_RELIC","is_prod":false,"is_daily":false,"chose_seed":false,"campfire_upgraded":0,"win_rate":0,"timestamp":1550960166,"path_taken":["M","M","M","M","$","E","?","E","T","E"],"build_version":"2019-02-06","purchased_purges":0,"victory":false,"max_hp_per_floor":[71,71,71,71,71,71,71,71,71,71],"card_choices":[{"not_picked":["Rebound","Gash","Heatsinks"],"picked":"SKIP","floor":1.0},{"not_picked":["Gash","Steam","Leap"],"picked":"SKIP","floor":2.0},{"not_picked":["Coolheaded","Tempest"],"picked":"Sweeping Beam","floor":3},{"not_picked":["White Noise","Hologram"],"picked":"Leap","floor":4},{"not_picked":["Cold Snap","Melter"],"picked":"Sunder","floor":6},{"not_picked":["Turbo","Blizzard"],"picked":"Echo Form","floor":7},{"not_picked":["Coolheaded","Compile Driver"],"picked":"BootSequence","floor":8}],"player_experience":2027954,"relics_obtained":[{"floor":6,"key":"Shovel"},{"floor":8,"key":"Ancient Tea Set"},{"floor":9,"key":"Oddly Smooth Stone"}],"event_choices":[],"is_beta":true,"boss_relics":[],"items_purged_floors":[],"is_endless":false,"potions_floor_spawned":[3,4,7],"killed_by":"Gremlin Nob","ascension_level":15}