{"gold_per_floor":[109,120,67,17,17,17,33,33,78,78,108,108,125,140,170,170,265,265,282,60,77,77,77,87,87,112,112,112,144,144,169,181,213,225,342,354,382,414,446,478,505,543,565,577,615,627,268,288,288,288,74,74,74,74,74,74,103,103],"floor_reached":58,"playtime":4495,"items_purged":["Normality","Normality"],"score":907,"play_id":"0c529d36-3056-407b-b459-b93e61097be1","local_time":"20190129181406","is_ascension_mode":false,"campfire_choices":[{"data":"Disarm","floor":6,"key":"SMITH"},{"data":"Feed","floor":12,"key":"SMITH"},{"data":"Flex","floor":16,"key":"SMITH"},{"data":"Shockwave","floor":25,"key":"SMITH"},{"floor":30,"key":"REST"},{"data":"Berserk","floor":32,"key":"SMITH"},{"data":"Heavy Blade","floor":34,"key":"SMITH"},{"data":"Barricade","floor":44,"key":"SMITH"},{"floor":50,"key":"RECALL"},{"data":"Corruption","floor":52,"key":"SMITH"},{"data":"Offering","floor":55,"key":"SMITH"}],"neow_cost":"NONE","seed_source_timestamp":0,"circlet_count":0,"master_deck":["Iron Wave","Ghostly Armor","Clothesline","Iron Wave","Anger","Pommel Strike","Shrug It Off","Disarm+1","Offering+1","Feed+1","Shrug It Off","Heavy Blade+1","Flex+1","Clash","Sword Boomerang","Berserk+1","Decay","Dual Wield","Shockwave+1","Feed","Burning Pact","Shrug It Off+1","Inflame+1","Sword Boomerang","Entrench","Entrench","Wild Strike","Disarm+1","Evolve+1","Barricade+1","Pommel Strike+1","Intimidate","Body Slam","Fiend Fire","Sever Soul","Headbutt+1","Anger+1","Heavy Blade","Flex","Infernal Blade+1","True Grit+1","Twin Strike","Rage+1","Writhe","Corruption+1","Offering","Flex+1","Flex","Offering","Anger"],"special_seed":0,"relics":["Burning Blood","Art of War","Anchor","Dream Catcher","Ancient Tea Set","Calling Bell","Boot","Pear","Prayer Wheel","Blue Candle","Du-Vu Doll","MawBank","Cursed Key","Kunai","Vajra","DollysMirror","Oddly Smooth Stone"],"potions_floor_usage":[15,31,35,38,58,58],"damage_taken":[{"damage":0.0,"enemies":"2 Louse","floor":1.0,"turns":2.0},{"damage":6,"enemies":"Jaw Worm","floor":2,"turns":2},{"damage":0,"enemies":"Small Slimes","floor":7,"turns":3},{"damage":7,"enemies":"3 Sentries","floor":11,"turns":6},{"damage":1,"enemies":"Blue Slaver","floor":13,"turns":4},{"damage":6,"enemies":"Gremlin Gang","floor":14,"turns":4},{"damage":9,"enemies":"Lagavulin","floor":15,"turns":6},{"damage":6,"enemies":"Slime Boss","floor":17,"turns":7},{"damage":17,"enemies":"Chosen","floor":19,"turns":8},{"damage":15,"enemies":"3 Byrds","floor":21,"turns":9},{"damage":8,"enemies":"Shelled Parasite and Fungi","floor":24,"turns":7},{"damage":29,"enemies":"Gremlin Leader","floor":26,"turns":7},{"damage":27,"enemies":"Book of Stabbing","floor":29,"turns":4},{"damage":38,"enemies":"Slavers","floor":31,"turns":7},{"damage":6,"enemies":"Cultist and Chosen","floor":33,"turns":4},{"damage":39,"enemies":"Collector","floor":35,"turns":10},{"damage":12,"enemies":"Orb Walker","floor":37,"turns":5},{"damage":15,"enemies":"3 Shapes","floor":38,"turns":12},{"damage":16,"enemies":"3 Darklings","floor":39,"turns":7},{"damage":10,"enemies":"Writhing Mass","floor":40,"turns":7},{"damage":20,"enemies":"Maw","floor":41,"turns":10},{"damage":42,"enemies":"Giant Head","floor":42,"turns":7},{"damage":8,"enemies":"4 Shapes","floor":43,"turns":8},{"damage":8,"enemies":"Transient","floor":48,"turns":5},{"damage":70,"enemies":"Donu and Deca","floor":53,"turns":8},{"damage":93,"enemies":"Shield and Spear","floor":57,"turns":10},{"damage":119,"enemies":"The Heart","floor":58,"turns":6}],"seed_played":"-6539228673521498584","potions_obtained":[{"floor":11,"key":"Poison Potion"},{"floor":14,"key":"Fire Potion"},{"floor":15,"key":"EssenceOfSteel"},{"floor":17,"key":"Strength Potion"},{"floor":26,"key":"Explosive Potion"},{"floor":29,"key":"Block Potion"},{"floor":33,"key":"SteroidPotion"},{"floor":37,"key":"LiquidBronze"},{"floor":38,"key":"Block Potion"}],"is_trial":false,"path_per_floor":["M","M","$","?","?","R","M","?","T","T","E","R","M","M","E","R","B",null,"M","$","M","?","?","M","R","E","T","T","E","R","E","R","M","R","B",null,"M","M","M","M","M","E","M","R","T","T","$","M","?","R","$","R","B",null,"R","$","E","B"],"character_chosen":"IRONCLAD","items_purchased":["Shrug It Off","Feed","Burning Pact","Corruption","DollysMirror","Offering","PowerPotion"],"campfire_rested":1,"item_purchase_floors":[3,20,20,47,47,51,51],"current_hp_per_floor":[83,86,86,86,53,53,62,62,62,62,64,64,73,77,78,78,82,118,111,111,105,105,105,110,110,91,91,91,74,116,95,95,95,95,66,155,153,154,148,148,138,105,107,107,107,107,107,105,105,105,105,105,45,192,192,192,109,0],"gold":103,"neow_bonus":"THREE_CARDS","is_prod":false,"is_daily":false,"chose_seed":false,"campfire_upgraded":9,"win_rate":0,"timestamp":1548803646,"path_taken":["M","M","$","?","?","R","M","?","T","E","R","M","M","E","R","BOSS","M","$","M","?","?","M","R","E","T","E","R","E","R","?","R","BOSS","M","M","M","M","?","E","M","R","T","$","M","?","R","$","R","BOSS","R","$","E","BOSS"],"build_version":"2019-01-23","purchased_purges":2,"victory":false,"max_hp_per_floor":[83,86,86,86,86,86,89,89,89,89,92,92,96,100,104,104,108,118,122,122,125,125,125,132,132,136,136,136,140,140,151,151,151,151,155,155,159,169,173,177,181,184,188,188,188,188,188,188,188,188,188,188,192,192,192,192,196,196],"card_choices":[{"not_picked":["Iron Wave","Pommel Strike"],"picked":"Entrench","floor":1},{"not_picked":["Perfected Strike","Sentinel","Iron Wave"],"picked":"SKIP","floor":2},{"not_picked":["Spot Weakness","Pummel"],"picked":"Heavy Blade","floor":7},{"not_picked":["Clash","Shockwave"],"picked":"Flex","floor":11},{"not_picked":["Clash","Perfected Strike","Metallicize"],"picked":"SKIP","floor":13},{"not_picked":["Iron Wave","Havoc"],"picked":"Clash","floor":14},{"not_picked":["Flame Barrier","Shrug It Off"],"picked":"Sword Boomerang","floor":15},{"not_picked":["Bludgeon","Offering"],"picked":"Berserk","floor":17},{"not_picked":["Rage","Body Slam"],"picked":"Dual Wield","floor":19},{"not_picked":["Reckless Charge+1","Headbutt"],"picked":"Shockwave","floor":19},{"not_picked":["Anger","Clothesline"],"picked":"Shrug It Off+1","floor":21},{"not_picked":["Clash","Offering"],"picked":"Inflame","floor":21},{"not_picked":["Twin Strike","Metallicize"],"picked":"Sword Boomerang","floor":24},{"not_picked":["Dropkick","True Grit","Twin Strike"],"picked":"SKIP","floor":24},{"not_picked":["Dropkick","True Grit","Twin Strike"],"picked":"SKIP","floor":24},{"not_picked":["Feel No Pain","Iron Wave"],"picked":"Entrench","floor":26},{"not_picked":["Disarm","Rupture"],"picked":"Entrench","floor":29},{"not_picked":["Rupture","Rampage"],"picked":"Wild Strike","floor":30},{"not_picked":["Clash+1","Wild Strike"],"picked":"Disarm+1","floor":33},{"not_picked":["Clothesline","Limit Break"],"picked":"Evolve+1","floor":33},{"not_picked":["Exhume","Immolate"],"picked":"Barricade","floor":35},{"not_picked":["Clash+1","Clothesline"],"picked":"Pommel Strike+1","floor":37},{"not_picked":["True Grit+1","Headbutt+1"],"picked":"Intimidate","floor":37},{"not_picked":["Wild Strike","Heavy Blade"],"picked":"Body Slam","floor":38},{"not_picked":["Clothesline","Wild Strike"],"picked":"Fiend Fire","floor":38},{"not_picked":["Clothesline+1","Second Wind+1"],"picked":"Sever Soul","floor":39},{"not_picked":["True Grit","Reckless Charge+1"],"picked":"Headbutt+1","floor":39},{"not_picked":["Feel No Pain+1","Armaments"],"picked":"Anger+1","floor":40},{"not_picked":["Sword Boomerang+1","Offering"],"picked":"Heavy Blade","floor":40},{"not_picked":["Burning Pact+1","Clothesline+1"],"picked":"Flex","floor":41},{"not_picked":["Thunderclap","Iron Wave+1"],"picked":"Infernal Blade+1","floor":41},{"not_picked":["Body Slam","Iron Wave"],"picked":"True Grit+1","floor":42},{"not_picked":["Clash","Shrug It Off+1"],"picked":"Twin Strike","floor":43},{"not_picked":["Wild Strike+1","Demon Form"],"picked":"Rage+1","floor":43},{"not_picked":["Sword Boomerang+1","Evolve+1"],"picked":"Flex+1","floor":48},{"not_picked":["Heavy Blade","Feel No Pain"],"picked":"Flex","floor":48},{"not_picked":["Entrench","Iron Wave"],"picked":"Anger","floor":57}],"player_experience":1903549,"relics_obtained":[{"floor":9,"key":"Anchor"},{"floor":11,"key":"Dream Catcher"},{"floor":15,"key":"Ancient Tea Set"},{"floor":18,"key":"Boot"},{"floor":18,"key":"Pear"},{"floor":18,"key":"Prayer Wheel"},{"floor":26,"key":"Blue Candle"},{"floor":29,"key":"Du-Vu Doll"},{"floor":31,"key":"MawBank"},{"floor":42,"key":"Kunai"},{"floor":45,"key":"Vajra"},{"floor":57,"key":"Oddly Smooth Stone"}],"event_choices":[{"cards_removed":["Entrench"],"damage_healed":0,"gold_gain":0,"player_choice":"Card Removal","damage_taken":0,"max_hp_gain":0,"max_hp_loss":0,"event_name":"The Cleric","floor":4,"gold_loss":50},{"damage_healed":0,"gold_gain":0,"player_choice":"Success","damage_taken":33,"relics_obtained":["Art of War"],"max_hp_gain":0,"max_hp_loss":0,"event_name":"Scrap Ooze","floor":5,"gold_loss":0},{"damage_healed":0,"gold_gain":0,"player_choice":"Ignored","damage_taken":0,"max_hp_gain":0,"max_hp_loss":0,"event_name":"Liars Game","floor":8,"gold_loss":0},{"damage_healed":0,"gold_gain":0,"player_choice":"Forge","damage_taken":0,"max_hp_gain":0,"max_hp_loss":0,"event_name":"Accursed Blacksmith","floor":23,"gold_loss":0,"cards_upgraded":["Inflame"]},{"damage_healed":0,"gold_gain":0,"player_choice":"Ignored","damage_taken":0,"max_hp_gain":0,"max_hp_loss":0,"event_name":"Tomb of Lord Red Mask","floor":49,"gold_loss":0}],"is_beta":true,"boss_relics":[{"not_picked":["Philosopher\u0027s Stone","Fusion Hammer"],"picked":"Calling Bell"},{"not_picked":["Black Star","Velvet Choker"],"picked":"Cursed Key"}],"items_purged_floors":[20,47],"is_endless":false,"potions_floor_spawned":[11,14,15,17,21,26,29,33,37,38,43],"killed_by":"The Heart","ascension_level":0}