{"gold_per_floor":[115,115,130,55,55,55,91,91,91,91,112,150,175,175,175,264,264,289,289,302,148,229,229,105,148,148,163,203,228,248,20,20,113,113,136,160,174,197,197,197,197,197,246,246,287,287,287,308,308,308,308,308,4,40,40],"floor_reached":56,"playtime":3079,"items_purged":["Pain","Strike_G"],"score":2134,"play_id":"516904f8-e471-4b46-99f6-9b33d160996f","local_time":"20190121074638","is_ascension_mode":true,"campfire_choices":[{"data":"Neutralize","floor":6.0,"key":"SMITH"},{"data":"Dagger Spray","floor":8.0,"key":"SMITH"},{"data":"Survivor","floor":10.0,"key":"SMITH"},{"data":"Footwork","floor":15.0,"key":"SMITH"},{"data":"Deadly Poison","floor":23.0,"key":"SMITH"},{"floor":32.0,"key":"REST"},{"data":"Wraith Form v2","floor":40.0,"key":"SMITH"},{"data":"Well Laid Plans","floor":42.0,"key":"SMITH"},{"data":"Footwork","floor":44.0,"key":"SMITH"},{"floor":46.0,"key":"RECALL"},{"floor":49.0,"key":"REST"},{"data":"Crippling Poison","floor":52.0,"key":"SMITH"}],"neow_cost":"NONE","seed_source_timestamp":0,"circlet_count":0,"master_deck":["AscendersBane","Defend_G","Defend_G","Defend_G","Defend_G","Defend_G","Strike_G","Strike_G","Strike_G","Survivor+1","Neutralize+1","Dagger Throw+1","Dagger Spray+1","Footwork+1","Dash","Die Die Die+1","Deadly Poison+1","Footwork+1","Deflect+1","Leg Sweep","Dodge and Roll","Blur","Footwork+1","Predator","Caltrops+1","Well Laid Plans+1","Backflip","Wraith Form v2+1","PiercingWail+1","Blur","Crippling Poison+1","Envenom","Well Laid Plans","Leg Sweep","Blur"],"special_seed":0,"relics":["Ring of the Snake","Golden Idol","WarpedTongs","Bronze Scales","Matryoshka","Thread and Needle","Philosopher\u0027s Stone","Whetstone","Dream Catcher","Question Card","Vajra","Dead Branch","Anchor","Cursed Key","Lantern","Ancient Tea Set","TwistedFunnel","Ice Cream"],"potions_floor_usage":[55,55],"damage_taken":[{"damage":0.0,"enemies":"Small Slimes","floor":1.0,"turns":5.0},{"damage":0.0,"enemies":"Cultist","floor":3.0,"turns":4.0},{"damage":8.0,"enemies":"Lagavulin","floor":7.0,"turns":10.0},{"damage":0.0,"enemies":"2 Louse","floor":11.0,"turns":1.0},{"damage":19.0,"enemies":"3 Sentries","floor":12.0,"turns":4.0},{"damage":12.0,"enemies":"Exordium Wildlife","floor":13.0,"turns":4.0},{"damage":25.0,"enemies":"Hexaghost","floor":16.0,"turns":12.0},{"damage":4.0,"enemies":"Spheric Guardian","floor":18.0,"turns":4.0},{"damage":1.0,"enemies":"3 Byrds","floor":20.0,"turns":4.0},{"damage":23.0,"enemies":"Slavers","floor":25.0,"turns":6.0},{"damage":11.0,"enemies":"Snake Plant","floor":27.0,"turns":3.0},{"damage":0.0,"enemies":"Book of Stabbing","floor":28.0,"turns":7.0},{"damage":0.0,"enemies":"Centurion and Healer","floor":29.0,"turns":7.0},{"damage":0.0,"enemies":"Shelled Parasite and Fungi","floor":30.0,"turns":7.0},{"damage":0.0,"enemies":"Champ","floor":33.0,"turns":17.0},{"damage":0.0,"enemies":"Orb Walker","floor":35.0,"turns":4.0},{"damage":0.0,"enemies":"3 Darklings","floor":36.0,"turns":3.0},{"damage":0.0,"enemies":"Jaw Worm Horde","floor":37.0,"turns":4.0},{"damage":0.0,"enemies":"4 Shapes","floor":38.0,"turns":7.0},{"damage":0.0,"enemies":"Giant Head","floor":45.0,"turns":11.0},{"damage":17.0,"enemies":"Transient","floor":48.0,"turns":5.0},{"damage":0.0,"enemies":"Awakened One","floor":50.0,"turns":22.0},{"damage":36.0,"enemies":"Shield and Spear","floor":54.0,"turns":10.0},{"damage":13,"enemies":"The Heart","floor":55,"turns":11}],"seed_played":"-3451763804298430588","potions_obtained":[{"floor":11.0,"key":"Regen Potion"},{"floor":16.0,"key":"Swift Potion"},{"floor":18.0,"key":"Regen Potion"},{"floor":27.0,"key":"GamblersBrew"},{"floor":30.0,"key":"SkillPotion"},{"floor":35.0,"key":"Dexterity Potion"},{"floor":54.0,"key":"Poison Potion"}],"is_trial":false,"path_per_floor":["M","?","M","?","?","R","E","R","T","R","M","E","M","?","R","B",null,"M","?","M","$","T","R","$","E","T","M","E","M","M","$","R","B","M","M","?","M"],"character_chosen":"THE_SILENT","items_purchased":["Leg Sweep","Dodge and Roll","Well Laid Plans","Anchor","TwistedFunnel","Well Laid Plans","Leg Sweep"],"campfire_rested":2,"item_purchase_floors":[21,24,31,31,53,53,53],"current_hp_per_floor":[65,65,65,65,65,65,57,57,57,57,57,52,40,45,45,20,58,54,54,53,53,53,53,53,45,45,34,34,34,34,34,55,55,66,66,66,66,66,66,66,66,66,66,66,66,66,66,49,70,70,70,70,70,34,21],"gold":40,"neow_bonus":"TEN_PERCENT_HP_BONUS","is_prod":false,"is_daily":false,"chose_seed":false,"campfire_upgraded":9,"win_rate":0,"timestamp":1548074798,"path_taken":["M","?","M","?","?","R","E","R","T","R","M","E","?","?","R","BOSS","M","?","M","$","?","R","$","E","T","M","E","M","M","$","R","BOSS","M","?","M","?","$","R","$","R","T","R","E","R","?","?","R","BOSS","R","$","E","BOSS"],"build_version":"2019-01-20","purchased_purges":2,"victory":true,"max_hp_per_floor":[72,65,65,65,65,65,65,65,65,65,65,65,65,70,70,70,70,70,70,70,70,70,70,70,70,70,70,70,70,70,70,70,70,70,70,70,70,70,70,70,70,70,70,70,70,70,70,70,70,70,70,70,70,70,70],"card_choices":[{"not_picked":["Dodge and Roll","Slice"],"picked":"Dagger Throw","floor":1.0},{"not_picked":["Flechettes","Slice"],"picked":"Dagger Spray","floor":3.0},{"not_picked":["Sucker Punch","Slice","Tactician"],"picked":"SKIP","floor":7.0},{"not_picked":["Expertise","Sucker Punch","Riddle With Holes"],"picked":"SKIP","floor":11.0},{"not_picked":["Eviscerate","Slice"],"picked":"Footwork","floor":12.0},{"not_picked":["Masterful Stab","Dagger Throw"],"picked":"Dash","floor":13.0},{"not_picked":["Tools of the Trade","Phantasmal Killer"],"picked":"Die Die Die","floor":16.0},{"not_picked":["All Out Attack","Backflip"],"picked":"Deadly Poison","floor":18.0},{"not_picked":["Endless Agony","Choke"],"picked":"Deflect+1","floor":20.0},{"not_picked":["Dagger Spray","Sucker Punch","Setup"],"picked":"SKIP","floor":25.0},{"not_picked":["Caltrops","Accuracy","Flying Knee"],"picked":"Blur","floor":27.0},{"not_picked":["Prepared","Concentrate+1","Blur"],"picked":"Footwork","floor":28.0},{"not_picked":["Choke","Tactician","Expertise+1"],"picked":"Predator","floor":29.0},{"not_picked":["Footwork","Finisher","PiercingWail"],"picked":"Caltrops+1","floor":30.0},{"not_picked":["Blade Dance","Choke","Infinite Blades"],"picked":"Backflip","floor":32.0},{"not_picked":["Glass Knife","Die Die Die","Adrenaline"],"picked":"Wraith Form v2","floor":33.0},{"not_picked":["Slice","Poisoned Stab","Eviscerate","Dagger Spray"],"picked":"SKIP","floor":35.0},{"not_picked":["Flying Knee","Riddle With Holes","Bane","Dagger Spray+1"],"picked":"SKIP","floor":36.0},{"not_picked":["Infinite Blades","Distraction","Accuracy"],"picked":"PiercingWail+1","floor":37.0},{"not_picked":["Cloak And Dagger","Deflect","Flechettes"],"picked":"Blur","floor":38.0},{"not_picked":["Cloak And Dagger","Deadly Poison","Poisoned Stab"],"picked":"Crippling Poison","floor":45.0},{"not_picked":["Bane","Tactician+1","Heel Hook","Riddle With Holes"],"picked":"SKIP","floor":48.0},{"not_picked":["Cloak And Dagger","Backstab+1","Skewer"],"picked":"Envenom","floor":49.0},{"not_picked":["Blade Dance","Riddle With Holes","Predator"],"picked":"Blur","floor":54.0}],"player_experience":1858377,"relics_obtained":[{"floor":7.0,"key":"Bronze Scales"},{"floor":9.0,"key":"Matryoshka"},{"floor":12.0,"key":"Thread and Needle"},{"floor":22.0,"key":"Whetstone"},{"floor":25.0,"key":"Dream Catcher"},{"floor":26.0,"key":"Question Card"},{"floor":26.0,"key":"Vajra"},{"floor":28.0,"key":"Dead Branch"},{"floor":43.0,"key":"Lantern"},{"floor":45.0,"key":"Ancient Tea Set"},{"floor":54.0,"key":"Ice Cream"}],"event_choices":[{"damage_healed":0.0,"max_hp_gain":0.0,"max_hp_loss":7.0,"gold_gain":0.0,"event_name":"Golden Idol","player_choice":"Lose Max HP","floor":2.0,"gold_loss":0.0,"damage_taken":0.0,"relics_obtained":["Golden Idol"]},{"cards_removed":["Strike_G"],"damage_healed":0.0,"max_hp_gain":0.0,"max_hp_loss":0.0,"gold_gain":0.0,"event_name":"The Cleric","player_choice":"Card Removal","floor":4.0,"gold_loss":75.0,"damage_taken":0.0},{"damage_healed":0.0,"max_hp_gain":0.0,"max_hp_loss":0.0,"gold_gain":0.0,"event_name":"Accursed Blacksmith","player_choice":"Rummage","floor":5.0,"gold_loss":0.0,"damage_taken":0.0,"relics_obtained":["WarpedTongs"],"cards_obtained":["Pain"]},{"damage_healed":0.0,"max_hp_gain":5.0,"max_hp_loss":0.0,"gold_gain":0.0,"event_name":"Big Fish","player_choice":"Donut","floor":14.0,"gold_loss":0.0,"damage_taken":0.0},{"damage_healed":0.0,"max_hp_gain":0.0,"max_hp_loss":0.0,"gold_gain":0.0,"event_name":"Duplicator","player_choice":"Copied","floor":19.0,"gold_loss":0.0,"damage_taken":0.0,"cards_obtained":["Footwork"]},{"cards_removed":["Doubt"],"damage_healed":0.0,"max_hp_gain":0.0,"max_hp_loss":0.0,"gold_gain":0.0,"event_name":"Purifier","player_choice":"Purged","floor":47.0,"gold_loss":0.0,"damage_taken":0.0}],"is_beta":true,"boss_relics":[{"not_picked":["Calling Bell","Astrolabe"],"picked":"Philosopher\u0027s Stone"},{"not_picked":["Snecko Eye","WristBlade"],"picked":"Cursed Key"}],"items_purged_floors":[21,24],"is_endless":false,"potions_floor_spawned":[11,16,18,20,27,30,35,45,54],"ascension_level":15}