{"gold_per_floor":[361,376,387,40,40,75,75,105,105,105,105,105,135,37,37,108,108,124,151,151,169,169,198,30,50,100,112,138,138,4,18,18,92,92,112,44,61,77,77,108,108,124,124,157,157,157,157,187,187,187,187,187,7,32,32],"floor_reached":55,"playtime":2758,"items_purged":["Strike_R"],"score":1397,"play_id":"9943da50-fe78-43f4-befd-5eb9468f22f3","local_time":"20190313180243","is_ascension_mode":true,"campfire_choices":[{"data":"Bash","floor":7.0,"key":"SMITH"},{"floor":12.0,"key":"REST"},{"data":"Hemokinesis","floor":15.0,"key":"SMITH"},{"data":"Strike_R","floor":29.0,"key":"PURGE"},{"data":"True Grit","floor":32.0,"key":"SMITH"},{"data":"Disarm","floor":41.0,"key":"SMITH"},{"floor":45.0,"key":"REST"},{"floor":49.0,"key":"RECALL"},{"data":"Spot Weakness","floor":52.0,"key":"SMITH"}],"neow_cost":"TEN_PERCENT_HP_LOSS","seed_source_timestamp":0,"circlet_count":0,"master_deck":["AscendersBane","Strike_R","Defend_R","Defend_R","Defend_R","Defend_R","Bash+1","Shrug It Off","Headbutt","Hemokinesis+1","Spot Weakness+1","Disarm","Battle Trance+1","Thunderclap+1","Reaper+1","Whirlwind+1","Uppercut+1","Feel No Pain","Shrug It Off","Anger+1","Feel No Pain+1","Rampage+1","Shrug It Off","True Grit+1","Headbutt+1","Disarm+1","Shockwave","Battle Trance+1","Shockwave","Flame Barrier"],"special_seed":0,"relics":["Burning Blood","ClockworkSouvenir","Art of War","FossilizedHelix","Molten Egg 2","Pen Nib","Velvet Choker","Red Mask","Charon\u0027s Ashes","Peace Pipe","Bag of Marbles","Shuriken","Black Star","Pear","Turnip","Pantograph","Orichalcum","Blood Vial","Self Forming Clay","Dream Catcher","Vajra","Strawberry","War Paint"],"potions_floor_usage":[55],"damage_taken":[{"damage":4.0,"enemies":"2 Louse","floor":1.0,"turns":4.0},{"damage":5.0,"enemies":"Jaw Worm","floor":2.0,"turns":5.0},{"damage":0.0,"enemies":"Small Slimes","floor":3.0,"turns":3.0},{"damage":37.0,"enemies":"Gremlin Nob","floor":6.0,"turns":5.0},{"damage":25.0,"enemies":"3 Sentries","floor":8.0,"turns":12.0},{"damage":15.0,"enemies":"Lagavulin","floor":13.0,"turns":7.0},{"damage":10.0,"enemies":"Slime Boss","floor":16.0,"turns":11.0},{"damage":1.0,"enemies":"Shell Parasite","floor":18.0,"turns":5.0},{"damage":0.0,"enemies":"Masked Bandits","floor":19.0,"turns":1.0},{"damage":0.0,"enemies":"3 Byrds","floor":21.0,"turns":3.0},{"damage":14.0,"enemies":"Gremlin Leader","floor":23.0,"turns":5.0},{"damage":32.0,"enemies":"3 Cultists","floor":25.0,"turns":5.0},{"damage":0.0,"enemies":"Cultist and Chosen","floor":27.0,"turns":5.0},{"damage":10.0,"enemies":"Book of Stabbing","floor":28.0,"turns":5.0},{"damage":2.0,"enemies":"Snecko","floor":31.0,"turns":3.0},{"damage":65.0,"enemies":"Champ","floor":33.0,"turns":15.0},{"damage":47.0,"enemies":"3 Darklings","floor":35.0,"turns":15.0},{"damage":0.0,"enemies":"Orb Walker","floor":37.0,"turns":3.0},{"damage":15.0,"enemies":"Maw","floor":38.0,"turns":8.0},{"damage":2.0,"enemies":"Nemesis","floor":40.0,"turns":7.0},{"damage":4.0,"enemies":"Writhing Mass","floor":42.0,"turns":13.0},{"damage":39.0,"enemies":"Reptomancer","floor":44.0,"turns":9.0},{"damage":46.0,"enemies":"Giant Head","floor":48.0,"turns":9.0},{"damage":42.0,"enemies":"Awakened One","floor":50.0,"turns":14.0},{"damage":50.0,"enemies":"Shield and Spear","floor":54.0,"turns":9.0},{"damage":113,"enemies":"The Heart","floor":55,"turns":11}],"seed_played":"9120966161684433781","potions_obtained":[{"floor":2.0,"key":"Dexterity Potion"},{"floor":3.0,"key":"Ancient Potion"},{"floor":19.0,"key":"EssenceOfSteel"},{"floor":25.0,"key":"SteroidPotion"},{"floor":40.0,"key":"Swift Potion"}],"is_trial":false,"path_per_floor":["M","M","M","$","?","E","R","E","T","?","?","R","E","$","R","B",null,"M","?","?","M","T","E","$","M","T","M","E","R","$","M","R","B",null,"M","$","M","M","?","E","R","M","T","E","R","?","?","E","R","B",null,"R","$","E","B"],"character_chosen":"IRONCLAD","items_purchased":["Shrug It Off","Headbutt","ClockworkSouvenir","Battle Trance","Thunderclap+1","Bag of Marbles","Shrug It Off","Rampage+1","Shrug It Off","Disarm","Vajra","Flame Barrier"],"campfire_rested":2,"item_purchase_floors":[4,4,4,14,14,24,24,30,30,36,53,53],"current_hp_per_floor":[68,68,68,68,68,37,37,18,18,18,11,31,22,22,22,18,56,61,67,67,68,68,68,68,42,42,62,68,68,68,68,68,9,53,46,46,52,62,62,86,86,90,90,57,84,84,100,81,81,91,98,98,98,63,0],"gold":32,"neow_bonus":"TWO_FIFTY_GOLD","is_prod":false,"is_daily":false,"chose_seed":false,"campfire_upgraded":5,"win_rate":0,"timestamp":1552514563,"path_taken":["M","M","M","$","?","E","R","E","T","?","?","R","E","$","R","BOSS","M","?","?","M","?","E","?","M","T","M","E","R","$","?","R","BOSS","M","$","M","M","?","E","R","M","T","E","R","?","?","E","R","BOSS","R","$","E","BOSS"],"build_version":"2019-02-06","purchased_purges":1,"victory":false,"max_hp_per_floor":[68,68,68,68,68,68,68,68,68,68,68,68,68,68,68,68,68,68,68,68,68,68,68,68,68,68,68,68,68,68,68,68,68,68,72,72,72,76,76,86,86,90,90,90,90,90,100,100,100,100,100,100,100,107,107],"card_choices":[{"not_picked":["Warcry","Infernal Blade","Perfected Strike"],"picked":"SKIP","floor":1.0},{"not_picked":["Anger","Dual Wield"],"picked":"Clothesline","floor":2.0},{"not_picked":["Bloodletting","Thunderclap","Havoc"],"picked":"SKIP","floor":3.0},{"not_picked":["Wild Strike","Burning Pact"],"picked":"Hemokinesis","floor":6.0},{"not_picked":["Headbutt","Wild Strike"],"picked":"Spot Weakness","floor":8.0},{"not_picked":["Anger+1","Perfected Strike+1"],"picked":"Disarm","floor":13.0},{"not_picked":["Dark Embrace","Immolate+1"],"picked":"Reaper+1","floor":16.0},{"not_picked":["Heavy Blade+1","Iron Wave+1"],"picked":"Whirlwind+1","floor":18.0},{"not_picked":["Anger+1","Sword Boomerang+1"],"picked":"Uppercut+1","floor":21.0},{"not_picked":["Rupture+1","Pummel+1"],"picked":"Feel No Pain","floor":23.0},{"not_picked":["Dark Embrace","Armaments","Twin Strike+1"],"picked":"SKIP","floor":25.0},{"not_picked":["Wild Strike+1","Carnage+1"],"picked":"Anger+1","floor":27.0},{"not_picked":["Iron Wave+1","Hemokinesis+1"],"picked":"Feel No Pain+1","floor":28.0},{"not_picked":["Clothesline+1","Feel No Pain"],"picked":"True Grit","floor":31.0},{"not_picked":["Demon Form","Reaper+1"],"picked":"Feed+1","floor":33.0},{"not_picked":["Rampage+1","Entrench"],"picked":"Headbutt+1","floor":35.0},{"not_picked":["Armaments","Bloodletting+1"],"picked":"Shockwave","floor":37.0},{"not_picked":["Blood for Blood+1","Body Slam+1","Pommel Strike+1"],"picked":"SKIP","floor":38.0},{"not_picked":["Seeing Red+1","Iron Wave+1"],"picked":"Battle Trance","floor":40.0},{"not_picked":["Wild Strike+1","Brutality","Power Through"],"picked":"SKIP","floor":42.0},{"not_picked":["Anger+1","Shrug It Off","Brutality"],"picked":"SKIP","floor":44.0},{"not_picked":["Shrug It Off+1","Metallicize+1"],"picked":"Shockwave","floor":48.0},{"not_picked":["Wild Strike+1","Cleave+1","Heavy Blade+1"],"picked":"SKIP","floor":54.0}],"player_experience":2165434,"relics_obtained":[{"floor":6.0,"key":"Art of War"},{"floor":8.0,"key":"FossilizedHelix"},{"floor":9.0,"key":"Molten Egg 2"},{"floor":13.0,"key":"Pen Nib"},{"floor":19.0,"key":"Red Mask"},{"floor":22.0,"key":"Charon\u0027s Ashes"},{"floor":23.0,"key":"Peace Pipe"},{"floor":28.0,"key":"Shuriken"},{"floor":40.0,"key":"Pear"},{"floor":40.0,"key":"Turnip"},{"floor":43.0,"key":"Pantograph"},{"floor":44.0,"key":"Orichalcum"},{"floor":44.0,"key":"Blood Vial"},{"floor":48.0,"key":"Self Forming Clay"},{"floor":48.0,"key":"Dream Catcher"},{"floor":54.0,"key":"Strawberry"},{"floor":54.0,"key":"War Paint"}],"event_choices":[{"damage_healed":0.0,"max_hp_gain":0.0,"max_hp_loss":0.0,"gold_gain":0.0,"event_name":"Liars Game","player_choice":"Ignored","floor":5.0,"gold_loss":0.0,"damage_taken":0.0},{"cards_removed":["Strike_R"],"damage_healed":0.0,"max_hp_gain":0.0,"max_hp_loss":0.0,"gold_gain":0.0,"event_name":"Living Wall","player_choice":"Forget","floor":10.0,"gold_loss":0.0,"damage_taken":0.0},{"cards_removed":["Strike_R"],"damage_healed":0.0,"max_hp_gain":0.0,"max_hp_loss":0.0,"gold_gain":0.0,"event_name":"Golden Wing","player_choice":"Card Removal","floor":11.0,"gold_loss":0.0,"damage_taken":7.0},{"damage_healed":0.0,"max_hp_gain":0.0,"max_hp_loss":0.0,"gold_gain":0.0,"event_name":"Masked Bandits","player_choice":"Fought Bandits","floor":19.0,"gold_loss":0.0,"damage_taken":0.0},{"damage_healed":0.0,"max_hp_gain":0.0,"max_hp_loss":0.0,"gold_gain":0.0,"event_name":"The Mausoleum","player_choice":"Ignored","floor":20.0,"gold_loss":0.0,"damage_taken":0.0},{"damage_healed":0.0,"max_hp_gain":0.0,"max_hp_loss":0.0,"gold_gain":0.0,"event_name":"Mysterious Sphere","player_choice":"Ignored","floor":39.0,"gold_loss":0.0,"damage_taken":0.0},{"cards_removed":["Clothesline"],"damage_healed":0.0,"max_hp_gain":0.0,"max_hp_loss":0.0,"gold_gain":0.0,"event_name":"Falling","player_choice":"Removed Attack","floor":46.0,"gold_loss":0.0,"damage_taken":0.0},{"cards_removed":["Feed"],"damage_healed":6.0,"max_hp_gain":10.0,"max_hp_loss":0.0,"gold_gain":0.0,"event_name":"Bonfire Elementals","player_choice":"Offered Rare","floor":47.0,"gold_loss":0.0,"damage_taken":0.0}],"is_beta":true,"boss_relics":[{"not_picked":["Philosopher\u0027s Stone","Tiny House"],"picked":"Velvet Choker"},{"not_picked":["Orrery","White Beast Statue"],"picked":"Black Star"}],"items_purged_floors":[4],"is_endless":false,"potions_floor_spawned":[2,3,19,21,25,28,38,40,42],"killed_by":"The Heart","ascension_level":15}