{"gold_per_floor":[109,127,402,327,5,31,31,65,65,65,77,91,105,134,134,209,209,223,203,217,74,87,142,142,175,175,187,203,103,113,125,125,204,204,223,236,187,206,222,257,257,288,313,330,345,345,345,119,119,119,119,119,23,56,56],"floor_reached":56,"playtime":3074,"items_purged":["Regret","Strike_R","Doubt"],"score":2099,"play_id":"f779dd6c-33dc-4414-b4a0-1165de83a037","local_time":"20190304212130","is_ascension_mode":true,"campfire_choices":[{"data":"Armaments","floor":7.0,"key":"SMITH"},{"floor":15.0,"key":"REST"},{"floor":24,"key":"REST"},{"floor":32,"key":"REST"},{"floor":47,"key":"RECALL"},{"floor":49,"key":"REST"},{"floor":52,"key":"REST"}],"neow_cost":"NONE","seed_source_timestamp":1323620663010155,"circlet_count":0,"master_deck":["AscendersBane","Strike_R","Strike_R","Strike_R","Defend_R","Defend_R","Defend_R","Defend_R+1","Bash","Ghostly Armor","Spot Weakness+1","Shrug It Off","Feel No Pain","Armaments+1","Sword Boomerang","Clothesline","Disarm+1","Shockwave+1","Burning Pact+1","Pommel Strike","Infernal Blade+1","Flame Barrier+1","Feed+1","Uppercut+1","Limit Break+1","True Grit+1","Sword Boomerang+1","Shrug It Off+1","Flame Barrier+1","Corruption","Limit Break+1","Battle Trance+1","Headbutt+1","Feel No Pain","Shrug It Off+1","Flex+1","Warcry+1","Shrug It Off+1","Shrug It Off+1"],"special_seed":0,"relics":["Orrery","Toxic Egg 2","Matryoshka","Ancient Tea Set","Happy Flower","War Paint","Molten Egg 2","Fusion Hammer","Tiny Chest","Oddly Smooth Stone","Meat on the Bone","Bottled Lightning","Lizard Tail","Nunchaku","Potion Belt","Red Skull"],"potions_floor_usage":[23,25,39,54,55,55,55,55],"damage_taken":[{"damage":0.0,"enemies":"Small Slimes","floor":1.0,"turns":5.0},{"damage":0.0,"enemies":"Cultist","floor":2.0,"turns":4.0},{"damage":18.0,"enemies":"3 Sentries","floor":6.0,"turns":10.0},{"damage":24.0,"enemies":"Gremlin Nob","floor":8.0,"turns":5.0},{"damage":4.0,"enemies":"Jaw Worm","floor":11.0,"turns":3.0},{"damage":0.0,"enemies":"2 Fungi Beasts","floor":12.0,"turns":3.0},{"damage":17.0,"enemies":"Lots of Slimes","floor":13.0,"turns":8.0},{"damage":9.0,"enemies":"Lagavulin","floor":14.0,"turns":8.0},{"damage":1.0,"enemies":"The Guardian","floor":16.0,"turns":12.0},{"damage":9.0,"enemies":"2 Thieves","floor":18.0,"turns":5.0},{"damage":0.0,"enemies":"3 Byrds","floor":20.0,"turns":1.0},{"damage":0,"enemies":"Centurion and Healer","floor":22,"turns":5},{"damage":32,"enemies":"Book of Stabbing","floor":23,"turns":8},{"damage":23,"enemies":"Slavers","floor":25,"turns":4},{"damage":7,"enemies":"Snecko","floor":27,"turns":10},{"damage":0,"enemies":"Snake Plant","floor":28,"turns":4},{"damage":5,"enemies":"Chosen and Byrds","floor":30,"turns":10},{"damage":6,"enemies":"Cultist and Chosen","floor":31,"turns":6},{"damage":60,"enemies":"Collector","floor":33,"turns":10},{"damage":28,"enemies":"Orb Walker","floor":35,"turns":6},{"damage":4,"enemies":"3 Darklings","floor":36,"turns":6},{"damage":19,"enemies":"Transient","floor":38,"turns":5},{"damage":2,"enemies":"Jaw Worm Horde","floor":39,"turns":6},{"damage":64,"enemies":"Nemesis","floor":40,"turns":11},{"damage":35,"enemies":"Reptomancer","floor":42,"turns":8},{"damage":23,"enemies":"Maw","floor":44,"turns":11},{"damage":31,"enemies":"Transient","floor":45,"turns":5},{"damage":69,"enemies":"Donu and Deca","floor":50,"turns":9},{"damage":3,"enemies":"Shield and Spear","floor":54,"turns":5},{"damage":74,"enemies":"The Heart","floor":55,"turns":7}],"seed_played":"-5921921314549256703","potions_obtained":[{"floor":1.0,"key":"Regen Potion"},{"floor":8.0,"key":"SteroidPotion"},{"floor":14.0,"key":"Fire Potion"},{"floor":22,"key":"BloodPotion"},{"floor":28,"key":"Poison Potion"},{"floor":31,"key":"Poison Potion"},{"floor":33,"key":"Ancient Potion"},{"floor":38,"key":"Regen Potion"},{"floor":42,"key":"SneckoOil"},{"floor":45,"key":"Strength Potion"},{"floor":46,"key":"SteroidPotion"},{"floor":46,"key":"Explosive Potion"},{"floor":54,"key":"PowerPotion"}],"is_trial":false,"path_per_floor":["M","M","?","$","$","E","R","E","T","?","M","M","M","E","R","B",null,"M","?","M","$","M","E","R","E","T","M","M","$","M","M","R","B",null,"M","M","$","M","M","E","?","E","T","M","M","?","R","$","R","B",null,"R","$","E","B",null],"character_chosen":"IRONCLAD","items_purchased":["Toxic Egg 2","Disarm+1","Limit Break+1","Strength Potion","Flex+1","Warcry+1","Strength Potion","Shrug It Off+1"],"campfire_rested":5,"item_purchase_floors":[5,5,21,37,48,48,53,53],"current_hp_per_floor":[68,68,68,68,68,65,65,41,41,41,37,37,20,11,33,32,64,55,55,55,55,59,34,57,38,38,47,51,51,46,56,84,40,84,56,56,56,49,66,14,107,72,72,61,42,42,42,42,74,17,85,107,107,108,46],"gold":56,"neow_bonus":"BOSS_RELIC","is_prod":false,"is_daily":false,"chose_seed":false,"campfire_upgraded":1,"win_rate":0,"timestamp":1551752490,"path_taken":["M","M","?","?","$","E","R","E","T","?","M","M","M","E","R","BOSS","M","?","M","$","?","E","R","E","T","M","M","$","M","M","R","BOSS","M","M","$","M","M","E","?","E","T","M","M","?","R","$","R","BOSS","R","$","E","BOSS"],"build_version":"2019-02-06","purchased_purges":3,"victory":true,"max_hp_per_floor":[75,75,75,75,75,75,75,75,75,75,75,75,75,75,75,75,75,75,75,75,75,79,79,79,83,83,87,91,91,91,95,95,99,99,99,103,103,103,107,107,107,107,107,107,107,107,107,107,107,107,107,107,107,111,111],"card_choices":[{"not_picked":["Searing Blow","Dropkick"],"picked":"Ghostly Armor","floor":0.0},{"not_picked":["Shrug It Off","Combust"],"picked":"Spot Weakness","floor":0.0},{"not_picked":["Carnage","Clash"],"picked":"Shrug It Off","floor":0.0},{"not_picked":["Twin Strike","Armaments"],"picked":"Feel No Pain","floor":0.0},{"not_picked":["Perfected Strike","Heavy Blade"],"picked":"Armaments","floor":0.0},{"not_picked":["Perfected Strike","Shrug It Off"],"picked":"Sword Boomerang","floor":1.0},{"not_picked":["Reckless Charge","Flex"],"picked":"Clothesline","floor":2.0},{"not_picked":["Shrug It Off+1","Warcry+1"],"picked":"Shockwave+1","floor":6.0},{"not_picked":["Entrench+1","Brutality"],"picked":"Burning Pact+1","floor":8.0},{"not_picked":["Wild Strike","Dual Wield+1","Clothesline"],"picked":"SKIP","floor":11.0},{"not_picked":["Armaments+1","Reckless Charge"],"picked":"Pommel Strike","floor":12.0},{"not_picked":["Sword Boomerang","Evolve"],"picked":"Infernal Blade+1","floor":13.0},{"not_picked":["Ghostly Armor+1","Headbutt"],"picked":"Flame Barrier+1","floor":14.0},{"not_picked":["Double Tap+1","Demon Form"],"picked":"Feed+1","floor":16.0},{"not_picked":["Armaments+1","Anger+1"],"picked":"Uppercut+1","floor":18.0},{"not_picked":["Clothesline+1","Wild Strike+1","Armaments+1"],"picked":"SKIP","floor":20.0},{"not_picked":["Perfected Strike+1","Clothesline+1"],"picked":"True Grit+1","floor":22},{"not_picked":["Perfected Strike+1","Second Wind+1"],"picked":"Sword Boomerang+1","floor":23},{"not_picked":["Dark Embrace","Rage+1"],"picked":"Shrug It Off+1","floor":25},{"not_picked":["Body Slam+1","Iron Wave+1"],"picked":"Flame Barrier+1","floor":27},{"not_picked":["Clothesline+1","Entrench+1","Dual Wield+1"],"picked":"SKIP","floor":28},{"not_picked":["Berserk","Anger+1"],"picked":"Corruption","floor":30},{"not_picked":["Sword Boomerang+1","Cleave+1","Twin Strike+1"],"picked":"SKIP","floor":31},{"not_picked":["Feed+1","Bludgeon+1"],"picked":"Limit Break+1","floor":33},{"not_picked":["Cleave+1","Anger+1","Rupture+1"],"picked":"SKIP","floor":35},{"not_picked":["Cleave+1","Anger+1","Rupture+1"],"picked":"SKIP","floor":35},{"not_picked":["Armaments+1","Disarm+1"],"picked":"Battle Trance+1","floor":36},{"not_picked":["Heavy Blade+1","Blood for Blood+1"],"picked":"Headbutt+1","floor":38},{"not_picked":["Headbutt+1","Limit Break+1"],"picked":"Feel No Pain","floor":39},{"not_picked":["Perfected Strike+1","Power Through+1","Pummel+1"],"picked":"SKIP","floor":40},{"not_picked":["Sword Boomerang+1","Pummel+1","Second Wind+1"],"picked":"SKIP","floor":42},{"not_picked":["Iron Wave+1","Anger+1","Cleave+1"],"picked":"SKIP","floor":44},{"not_picked":["Thunderclap+1","Anger+1"],"picked":"Shrug It Off+1","floor":45},{"not_picked":["Perfected Strike+1","Second Wind+1"],"picked":"Shrug It Off+1","floor":54}],"player_experience":2088622,"relics_obtained":[{"floor":6.0,"key":"Matryoshka"},{"floor":8.0,"key":"Ancient Tea Set"},{"floor":9.0,"key":"Happy Flower"},{"floor":9.0,"key":"War Paint"},{"floor":14.0,"key":"Molten Egg 2"},{"floor":23,"key":"Tiny Chest"},{"floor":25,"key":"Oddly Smooth Stone"},{"floor":26,"key":"Meat on the Bone"},{"floor":26,"key":"Bottled Lightning"},{"floor":40,"key":"Nunchaku"},{"floor":42,"key":"Potion Belt"},{"floor":54,"key":"Red Skull"}],"event_choices":[{"damage_healed":0.0,"max_hp_gain":0.0,"max_hp_loss":0.0,"gold_gain":275.0,"event_name":"Golden Shrine","player_choice":"Desecrate","floor":3.0,"gold_loss":0.0,"damage_taken":0.0,"cards_obtained":["Regret"]},{"cards_removed":["Strike_R"],"damage_healed":0.0,"max_hp_gain":0.0,"max_hp_loss":0.0,"gold_gain":0.0,"event_name":"Living Wall","player_choice":"Forget","floor":10.0,"gold_loss":0.0,"damage_taken":0.0},{"damage_healed":0.0,"max_hp_gain":0.0,"max_hp_loss":0.0,"gold_gain":0.0,"event_name":"The Woman in Blue","player_choice":"Bought 1 Potion","floor":19.0,"gold_loss":0.0,"damage_taken":0.0},{"damage_healed":93,"gold_gain":0,"player_choice":"Heal","damage_taken":0,"max_hp_gain":0,"max_hp_loss":0,"event_name":"MindBloom","floor":41,"gold_loss":0,"cards_obtained":["Doubt"]},{"damage_healed":0,"gold_gain":0,"player_choice":"Got Potions","damage_taken":0,"max_hp_gain":0,"max_hp_loss":0,"event_name":"Lab","floor":46,"gold_loss":0}],"is_beta":true,"boss_relics":[{"not_picked":["Black Star","Philosopher\u0027s Stone"],"picked":"Fusion Hammer"},{"not_picked":["Velvet Choker","Coffee Dripper"],"picked":"Lizard Tail"}],"items_purged_floors":[4,29,48],"is_endless":false,"potions_floor_spawned":[1,8,14,16,18,22,28,31,33,38,42,45,54],"ascension_level":15}