{"gold_per_floor":[119,119,5,19,19,52,11,11,11,11,25,25,50,68,68,188,188,213,213,213,14,34,34,34,34,59,83,83,83,83,107,107,227,290,305,364,388,0,14,14,34,34,34,55,71,36,36,56,56,56],"floor_reached":50,"playtime":3355,"items_purged":["Injury"],"score":467,"play_id":"48064f1f-e281-4ed5-8685-0faaeff85ec0","local_time":"20190314005628","is_ascension_mode":false,"campfire_choices":[{"floor":8,"key":"REST"},{"floor":12,"key":"REST"},{"data":"Amplify","floor":15,"key":"SMITH"},{"floor":23,"key":"REST"},{"floor":25,"key":"REST"},{"data":"White Noise","floor":28,"key":"SMITH"},{"data":"Loop","floor":30,"key":"SMITH"},{"data":"Creative AI","floor":32,"key":"SMITH"},{"floor":40,"key":"REST"},{"floor":42,"key":"REST"},{"floor":47,"key":"REST"},{"data":"Electrodynamics","floor":49,"key":"SMITH"}],"neow_cost":"CURSE","seed_source_timestamp":18812558166025,"circlet_count":0,"master_deck":["Strike_B+1","Strike_B+1","Strike_B","Defend_B","Defend_B","Defend_B","Zap","Dualcast","Creative AI+1","Streamline","FTL","Storm","Amplify+1","BootSequence","Glacier","Beam Cell","Echo Form","Rebound","Loop+1","Barrage","Coolheaded","Leap","White Noise+1","Consume","Heatsinks+1","Self Repair","FTL+1","Machine Learning","Coolheaded","Go for the Eyes","Doom and Gloom","Redo","Doom and Gloom+1","Redo+1","Electrodynamics+1","Sweeping Beam+1","Lockon","FTL+1"],"relics":["Cracked Core","Golden Idol","Matryoshka","Bottled Flame","Orichalcum","White Beast Statue","Enchiridion","Anchor","Whetstone","Regal Pillow","Tiny House","Peace Pipe","Red Mask","Blue Candle"],"potions_floor_usage":[6,16,16,18,33,33,33,36,36,36,37,39,45,48,50,50,50],"damage_taken":[{"damage":13,"enemies":"2 Louse","floor":1,"turns":3},{"damage":8,"enemies":"Small Slimes","floor":4,"turns":2},{"damage":30,"enemies":"Gremlin Nob","floor":6,"turns":4},{"damage":5,"enemies":"Jaw Worm","floor":11,"turns":3},{"damage":0,"enemies":"Exordium Wildlife","floor":13,"turns":4},{"damage":4,"enemies":"Looter","floor":14,"turns":3},{"damage":26,"enemies":"The Guardian","floor":16,"turns":7},{"damage":16,"enemies":"3 Byrds","floor":18,"turns":4},{"damage":18,"enemies":"Spheric Guardian","floor":22,"turns":5},{"damage":19,"enemies":"3 Cultists","floor":27,"turns":6},{"damage":10,"enemies":"Cultist and Chosen","floor":31,"turns":5},{"damage":21,"enemies":"Automaton","floor":33,"turns":6},{"damage":40,"enemies":"3 Darklings","floor":35,"turns":5},{"damage":26,"enemies":"2 Orb Walkers","floor":36,"turns":3},{"damage":7,"enemies":"3 Shapes","floor":37,"turns":4},{"damage":0,"enemies":"Transient","floor":39,"turns":5},{"damage":32,"enemies":"3 Darklings","floor":41,"turns":5},{"damage":18,"enemies":"4 Shapes","floor":44,"turns":4},{"damage":16,"enemies":"Sphere and 2 Shapes","floor":45,"turns":3},{"damage":28,"enemies":"Maw","floor":48,"turns":8},{"damage":54,"enemies":"Donu and Deca","floor":50,"turns":5}],"seed_played":"-3992752153323622315","potions_obtained":[{"floor":1,"key":"SteroidPotion"},{"floor":11,"key":"SkillPotion"},{"floor":13,"key":"FocusPotion"},{"floor":16,"key":"SneckoOil"},{"floor":18,"key":"FearPotion"},{"floor":22,"key":"PowerPotion"},{"floor":27,"key":"Regen Potion"},{"floor":33,"key":"EssenceOfSteel"},{"floor":34,"key":"PowerPotion"},{"floor":35,"key":"AttackPotion"},{"floor":36,"key":"AttackPotion"},{"floor":37,"key":"Explosive Potion"},{"floor":39,"key":"Weak Potion"},{"floor":41,"key":"Dexterity Potion"},{"floor":44,"key":"Fire Potion"},{"floor":45,"key":"Dexterity Potion"},{"floor":48,"key":"Ancient Potion"}],"is_trial":false,"path_per_floor":["M","?","$","M","?","E","?","R","T","$","M","R","M","M","R","B",null,"M","?","?","$","M","R","?","R","T","M","R","?","R","M","R","B",null,"M","?","M","?","M","R","M","R","T","M","M","$","R","M","R","B"],"character_chosen":"DEFECT","items_purchased":["FTL","Loop","Barrage","Coolheaded","Leap","Lockon"],"campfire_rested":7,"item_purchase_floors":[3,21,21,21,21,46],"current_hp_per_floor":[62,62,62,54,54,24,24,44,44,44,39,59,59,55,55,29,69,53,37,37,37,19,39,39,59,59,40,40,40,40,44,44,38,74,34,8,8,8,22,59,27,64,64,46,37,37,74,53,53,0],"gold":56,"neow_bonus":"THREE_RARE_CARDS","is_prod":false,"is_daily":false,"chose_seed":false,"campfire_upgraded":5,"win_rate":0.0,"timestamp":1552550188,"path_taken":["M","?","$","M","?","E","?","R","T","$","M","R","M","M","R","BOSS","M","?","?","$","M","R","?","R","T","M","R","?","R","M","R","BOSS","M","?","M","?","M","R","?","R","T","M","M","?","R","M","R","BOSS"],"build_version":"2019-01-23","purchased_purges":1,"victory":false,"max_hp_per_floor":[75,69,69,69,69,69,69,69,69,69,69,69,69,69,69,69,69,69,69,69,69,69,69,69,69,69,69,69,69,69,69,69,69,74,74,74,74,74,74,74,74,74,74,74,74,74,74,74,74,74],"card_choices":[{"not_picked":["Multi-Cast","Thunder Strike"],"picked":"Creative AI","floor":0},{"not_picked":["Steam Power","Turbo"],"picked":"Streamline","floor":1},{"not_picked":["Scrape","Glacier"],"picked":"Storm","floor":4},{"not_picked":["Auto Shields","Tempest"],"picked":"Amplify","floor":6},{"not_picked":["Coolheaded","Streamline"],"picked":"BootSequence","floor":11},{"not_picked":["Turbo","Coolheaded"],"picked":"Glacier","floor":13},{"not_picked":["Coolheaded","Aggregate"],"picked":"Beam Cell","floor":14},{"not_picked":["Meteor Strike","Amplify"],"picked":"Echo Form","floor":16},{"not_picked":["Compile Driver","Leap"],"picked":"Rebound","floor":18},{"not_picked":["Heatsinks","Coolheaded"],"picked":"White Noise","floor":22},{"not_picked":["Ball Lightning","BootSequence"],"picked":"Self Repair","floor":27},{"not_picked":["Machine Learning","Leap+1"],"picked":"FTL+1","floor":31},{"not_picked":["Creative AI","Echo Form"],"picked":"Machine Learning","floor":33},{"not_picked":["Leap","Steam"],"picked":"Coolheaded","floor":34},{"not_picked":["Barrage","Glacier+1"],"picked":"Go for the Eyes","floor":35},{"not_picked":["Conserve Battery","Tempest+1"],"picked":"Doom and Gloom","floor":36},{"not_picked":["Loop+1","Beam Cell+1"],"picked":"Redo","floor":37},{"not_picked":["White Noise","Compile Driver+1"],"picked":"Doom and Gloom+1","floor":39},{"not_picked":["Aggregate","Coolheaded+1"],"picked":"Redo+1","floor":41},{"not_picked":["Tempest","Barrage+1"],"picked":"Electrodynamics","floor":44},{"not_picked":["Steam","Coolheaded+1"],"picked":"Sweeping Beam+1","floor":45},{"not_picked":["Rebound","Sweeping Beam+1"],"picked":"FTL+1","floor":48}],"player_experience":66462,"relics_obtained":[{"floor":6,"key":"Matryoshka"},{"floor":9,"key":"Bottled Flame"},{"floor":9,"key":"Orichalcum"},{"floor":19,"key":"Enchiridion"},{"floor":26,"key":"Whetstone"},{"floor":26,"key":"Regal Pillow"},{"floor":36,"key":"Peace Pipe"},{"floor":43,"key":"Blue Candle"}],"event_choices":[{"damage_healed":0,"gold_gain":0,"player_choice":"Lose Max HP","damage_taken":0,"relics_obtained":["Golden Idol"],"max_hp_gain":0,"max_hp_loss":6,"event_name":"Golden Idol","floor":2,"gold_loss":0},{"damage_healed":0,"gold_gain":0,"player_choice":"Leave","damage_taken":0,"max_hp_gain":0,"max_hp_loss":0,"event_name":"The Cleric","floor":5,"gold_loss":0},{"damage_healed":0,"gold_gain":0,"player_choice":"Left Gold","damage_taken":0,"max_hp_gain":0,"max_hp_loss":0,"event_name":"World of Goop","floor":7,"gold_loss":41},{"damage_healed":0,"gold_gain":0,"player_choice":"Obtained Book","damage_taken":16,"max_hp_gain":0,"max_hp_loss":0,"event_name":"Cursed Tome","floor":19,"gold_loss":0},{"damage_healed":0,"gold_gain":0,"player_choice":"Opened","damage_taken":0,"relics_obtained":["Anchor"],"max_hp_gain":0,"max_hp_loss":0,"event_name":"The Mausoleum","floor":20,"gold_loss":0},{"damage_healed":0,"gold_gain":0,"cards_transformed":["Strike_B","Defend_B"],"player_choice":"Became Test Subject","damage_taken":0,"max_hp_gain":0,"max_hp_loss":0,"event_name":"Drug Dealer","floor":24,"gold_loss":0,"cards_obtained":["Consume","Heatsinks"]},{"damage_healed":0,"gold_gain":0,"player_choice":"Ignored","damage_taken":0,"max_hp_gain":0,"max_hp_loss":0,"event_name":"Vampires","floor":29,"gold_loss":0},{"damage_healed":0,"gold_gain":0,"player_choice":"Fight","damage_taken":0,"max_hp_gain":0,"max_hp_loss":0,"event_name":"Mysterious Sphere","floor":36,"gold_loss":0},{"damage_healed":0,"gold_gain":0,"player_choice":"Paid","damage_taken":0,"relics_obtained":["Red Mask"],"max_hp_gain":0,"max_hp_loss":0,"event_name":"Tomb of Lord Red Mask","floor":38,"gold_loss":388}],"is_beta":false,"boss_relics":[{"not_picked":["Coffee Dripper","Snecko Eye"],"picked":"White Beast Statue"},{"not_picked":["Fusion Hammer","Black Star"],"picked":"Tiny House"}],"items_purged_floors":[3],"is_endless":false,"potions_floor_spawned":[1,11,13,16,18,22,27,31,33,35,36,37,39,41,44,45,48],"killed_by":"Donu and Deca","ascension_level":0}