{"gold_per_floor":[117,128,138,413,19,19,46,46,100,113,147,157,192,206,206,281,281,295,65,83,101,101,129,129,129,129,140,173,173,123,148,148,222,222,233,13,13,13,0,34,34,66,93,105,132,22,22,33,33,33,33,33,33,62,62],"floor_reached":56,"playtime":2177,"items_purged":["Strike_R"],"score":2138,"play_id":"9b800d20-40bc-4c81-85d4-369097bba9c1","local_time":"20190213195320","is_ascension_mode":true,"campfire_choices":[{"data":"Apotheosis","floor":6,"key":"SMITH"},{"data":"Whirlwind","floor":8,"key":"SMITH"},{"data":"Bludgeon","floor":15,"key":"SMITH"},{"floor":25,"key":"RECALL"},{"floor":32,"key":"REST"},{"data":"Second Wind","floor":41,"key":"SMITH"},{"data":"Shockwave","floor":49,"key":"SMITH"},{"data":"Limit Break","floor":52,"key":"SMITH"}],"neow_cost":"NONE","seed_source_timestamp":3061069747435795,"circlet_count":0,"master_deck":["AscendersBane","Strike_R+1","Strike_R","Defend_R","Defend_R","Defend_R","Defend_R","Bash","Twin Strike","Uppercut","Apotheosis+1","Whirlwind+1","Headbutt","Shrug It Off","Bludgeon+1","Limit Break+1","Intimidate+1","Shrug It Off","Battle Trance","Power Through+1","Reaper","Second Wind+1","Shockwave+1","Seeing Red"],"relics":["Burning Blood","Omamori","Pen Nib","Red Skull","Tiny Chest","Happy Flower","Paper Frog","Velvet Choker","Juzu Bracelet","Boot","Bronze Scales","Nilry\u0027s Codex","Letter Opener","Runic Pyramid","Oddly Smooth Stone","Mummified Hand","Red Mask","Strawberry","Pear","Bag of Marbles","Dead Branch","Self Forming Clay"],"potions_floor_usage":[13,23,31,54,55],"damage_taken":[{"damage":6,"enemies":"Cultist","floor":1,"turns":4},{"damage":8,"enemies":"Jaw Worm","floor":2,"turns":4},{"damage":8,"enemies":"2 Louse","floor":3,"turns":3},{"damage":25,"enemies":"Gremlin Nob","floor":7,"turns":4},{"damage":0,"enemies":"Looter","floor":10,"turns":3},{"damage":20,"enemies":"Lagavulin","floor":11,"turns":8},{"damage":0,"enemies":"Exordium Wildlife","floor":12,"turns":1},{"damage":12,"enemies":"3 Sentries","floor":13,"turns":4},{"damage":11,"enemies":"Exordium Thugs","floor":14,"turns":3},{"damage":20,"enemies":"Hexaghost","floor":16,"turns":5},{"damage":0,"enemies":"3 Byrds","floor":18,"turns":5},{"damage":0,"enemies":"Spheric Guardian","floor":20,"turns":3},{"damage":7,"enemies":"Centurion and Healer","floor":21,"turns":6},{"damage":21,"enemies":"Slavers","floor":23,"turns":2},{"damage":16,"enemies":"Snake Plant","floor":27,"turns":3},{"damage":2,"enemies":"Book of Stabbing","floor":28,"turns":4},{"damage":0,"enemies":"Gremlin Leader","floor":31,"turns":5},{"damage":11,"enemies":"Automaton","floor":33,"turns":10},{"damage":13,"enemies":"3 Darklings","floor":35,"turns":4},{"damage":50,"enemies":"Giant Head","floor":40,"turns":9},{"damage":4,"enemies":"Nemesis","floor":42,"turns":7},{"damage":12,"enemies":"3 Shapes","floor":44,"turns":2},{"damage":46,"enemies":"Giant Head","floor":45,"turns":9},{"damage":5,"enemies":"Spire Growth","floor":48,"turns":5},{"damage":27,"enemies":"Time Eater","floor":50,"turns":16},{"damage":22,"enemies":"Shield and Spear","floor":54,"turns":11},{"damage":75,"enemies":"The Heart","floor":55,"turns":7}],"seed_played":"1791426906850431996","potions_obtained":[{"floor":2,"key":"Regen Potion"},{"floor":7,"key":"Fire Potion"},{"floor":13,"key":"Swift Potion"},{"floor":18,"key":"SteroidPotion"},{"floor":28,"key":"Strength Potion"},{"floor":33,"key":"Fire Potion"},{"floor":38,"key":"GamblersBrew"}],"is_trial":false,"path_per_floor":["M","M","M","?","$","R","E","R","T","M","E","M","E","M","R","B",null,"M","$","M","M","?","E","?","R","T","M","E","?","?","E","R","B",null,"M","$","T","?","?","E","R","E","T","M","E","?","?","M","R","B",null,"R","$","E","B",null],"character_chosen":"IRONCLAD","items_purchased":["Uppercut","Apotheosis","Pen Nib","Juzu Bracelet","Second Wind","Oddly Smooth Stone"],"campfire_rested":1,"item_purchase_floors":[5,5,5,19,36,36],"current_hp_per_floor":[68,66,64,64,64,64,45,45,45,51,37,43,49,44,44,30,64,70,70,75,74,74,59,59,59,59,49,53,32,32,38,60,55,70,63,63,63,63,63,82,82,92,92,86,46,46,46,75,75,59,84,84,84,80,39],"gold":62,"neow_bonus":"RANDOM_COMMON_RELIC","is_prod":false,"is_daily":false,"chose_seed":false,"campfire_upgraded":6,"win_rate":0,"timestamp":1550105600,"path_taken":["M","?","M","?","?","R","E","R","T","M","E","M","E","M","R","BOSS","M","$","M","M","?","E","?","R","T","M","E","?","?","E","R","BOSS","M","$","?","?","?","E","R","E","T","M","E","?","?","M","R","BOSS","R","$","E","BOSS"],"build_version":"2019-02-06","purchased_purges":1,"victory":true,"max_hp_per_floor":[75,75,75,75,75,75,75,75,75,75,75,75,75,75,75,75,75,75,75,75,75,75,75,75,75,75,75,75,75,75,75,75,75,75,75,75,75,75,75,82,82,92,92,92,92,92,92,92,92,92,92,92,92,92,92],"card_choices":[{"not_picked":["Heavy Blade","Blood for Blood"],"picked":"Twin Strike","floor":1},{"not_picked":["Intimidate","Rupture","Sword Boomerang"],"picked":"SKIP","floor":2},{"not_picked":["Feel No Pain","Reckless Charge","Heavy Blade"],"picked":"SKIP","floor":3},{"not_picked":["Dark Embrace","Havoc"],"picked":"Whirlwind","floor":7},{"not_picked":["Flex","Clash"],"picked":"Headbutt","floor":10},{"not_picked":["Entrench","Body Slam"],"picked":"Shrug It Off","floor":11},{"not_picked":["Thunderclap","Corruption","Rage"],"picked":"SKIP","floor":12},{"not_picked":["Thunderclap","Corruption","Rage"],"picked":"SKIP","floor":12},{"not_picked":["Perfected Strike","Body Slam"],"picked":"Bludgeon","floor":13},{"not_picked":["Havoc","Seeing Red","Wild Strike"],"picked":"SKIP","floor":14},{"not_picked":["Berserk","Fiend Fire"],"picked":"Limit Break","floor":16},{"not_picked":["Twin Strike","Intimidate+1","Rupture"],"picked":"SKIP","floor":18},{"not_picked":["Twin Strike","Rupture"],"picked":"Intimidate+1","floor":18},{"not_picked":["Searing Blow","Infernal Blade+1"],"picked":"Shrug It Off","floor":20},{"not_picked":["Cleave","Reckless Charge","Whirlwind"],"picked":"SKIP","floor":21},{"not_picked":["Limit Break","Entrench","Headbutt"],"picked":"SKIP","floor":23},{"not_picked":["Burning Pact","Wild Strike","Whirlwind"],"picked":"SKIP","floor":27},{"not_picked":["Headbutt","Thunderclap","Combust"],"picked":"SKIP","floor":28},{"not_picked":["Seeing Red","Hemokinesis"],"picked":"Power Through+1","floor":31},{"not_picked":["Berserk","Fiend Fire"],"picked":"Reaper","floor":33},{"not_picked":["Body Slam+1","Intimidate","Sword Boomerang"],"picked":"SKIP","floor":35},{"not_picked":["Warcry","Carnage+1","Pummel"],"picked":"SKIP","floor":40},{"not_picked":["Dual Wield","Blood for Blood","Combust"],"picked":"SKIP","floor":42},{"not_picked":["Uppercut","Headbutt","Iron Wave+1"],"picked":"SKIP","floor":44},{"not_picked":["Armaments","Iron Wave+1"],"picked":"Shockwave","floor":45},{"not_picked":["Wild Strike","Warcry+1","Iron Wave"],"picked":"SKIP","floor":48},{"not_picked":["Clothesline+1","Reckless Charge+1"],"picked":"Seeing Red","floor":54}],"player_experience":1954817,"relics_obtained":[{"floor":7,"key":"Red Skull"},{"floor":9,"key":"Tiny Chest"},{"floor":11,"key":"Happy Flower"},{"floor":13,"key":"Paper Frog"},{"floor":23,"key":"Boot"},{"floor":28,"key":"Bronze Scales"},{"floor":29,"key":"Nilry\u0027s Codex"},{"floor":31,"key":"Letter Opener"},{"floor":37,"key":"Mummified Hand"},{"floor":40,"key":"Strawberry"},{"floor":42,"key":"Pear"},{"floor":43,"key":"Bag of Marbles"},{"floor":45,"key":"Dead Branch"},{"floor":54,"key":"Self Forming Clay"}],"event_choices":[{"damage_healed":0,"gold_gain":275,"player_choice":"Desecrate","damage_taken":0,"max_hp_gain":0,"max_hp_loss":0,"event_name":"Golden Shrine","floor":4,"gold_loss":0,"cards_obtained":["Regret"]},{"cards_removed":["Strike_R"],"damage_healed":0,"gold_gain":0,"player_choice":"Elegance","damage_taken":0,"max_hp_gain":0,"max_hp_loss":0,"event_name":"Back to Basics","floor":22,"gold_loss":0},{"damage_healed":0,"gold_gain":0,"player_choice":"Read","damage_taken":0,"max_hp_gain":0,"max_hp_loss":0,"event_name":"The Library","floor":24,"gold_loss":0,"cards_obtained":["Battle Trance"]},{"damage_healed":0,"gold_gain":0,"player_choice":"Obtained Book","damage_taken":21,"max_hp_gain":0,"max_hp_loss":0,"event_name":"Cursed Tome","floor":29,"gold_loss":0},{"damage_healed":0,"gold_gain":0,"player_choice":"Bet on Murderer","damage_taken":0,"max_hp_gain":0,"max_hp_loss":0,"event_name":"The Joust","floor":30,"gold_loss":50},{"damage_healed":0,"gold_gain":0,"player_choice":"Got Potions","damage_taken":0,"max_hp_gain":0,"max_hp_loss":0,"event_name":"Lab","floor":38,"gold_loss":0},{"damage_healed":0,"gold_gain":0,"player_choice":"Paid","damage_taken":0,"relics_obtained":["Red Mask"],"max_hp_gain":0,"max_hp_loss":0,"event_name":"Tomb of Lord Red Mask","floor":39,"gold_loss":13},{"cards_removed":["Strike_R"],"damage_healed":0,"gold_gain":0,"player_choice":"Upgrade and Remove","damage_taken":0,"max_hp_gain":0,"max_hp_loss":0,"event_name":"Designer","floor":46,"gold_loss":110,"cards_upgraded":["Strike_R"]},{"damage_healed":0,"gold_gain":0,"player_choice":"Ignored","damage_taken":0,"max_hp_gain":0,"max_hp_loss":0,"event_name":"The Moai Head","floor":47,"gold_loss":0}],"is_beta":true,"boss_relics":[{"not_picked":["Astrolabe","Sozu"],"picked":"Velvet Choker"},{"not_picked":["Coffee Dripper","Eternal Feather"],"picked":"Runic Pyramid"}],"items_purged_floors":[19],"is_endless":false,"potions_floor_spawned":[2,7,11,12,13,16,18,21,28,33,35,44,48],"ascension_level":15}