{"gold_per_floor":[114,114,129,129,147,172,172,184,184,215,215,229,260,270,270,349,349,366,32,46,46,60,88,88,102,179,179,213,213,232,259,259,333,333,351,251,251,263,274,274,274],"floor_reached":41,"playtime":3957,"items_purged":["Strike_G","Strike_G"],"score":897,"play_id":"715dfee6-3e14-4fe5-9926-75ac06274e4a","local_time":"20190127131650","is_ascension_mode":true,"campfire_choices":[{"data":"Deadly Poison","floor":7.0,"key":"SMITH"},{"floor":11.0,"key":"REST"},{"data":"Noxious Fumes","floor":15.0,"key":"SMITH"},{"floor":24.0,"key":"REST"},{"floor":27.0,"key":"REST"},{"floor":29.0,"key":"REST"},{"floor":32.0,"key":"REST"},{"floor":40,"key":"RECALL"}],"neow_cost":"NONE","seed_source_timestamp":1566629525721666,"circlet_count":0,"master_deck":["AscendersBane","Defend_G","Defend_G","Defend_G","Defend_G","Defend_G","Strike_G+1","Strike_G","Strike_G","Survivor","Neutralize+1","Cloak And Dagger","Crippling Poison","All Out Attack+1","Deadly Poison+1","Noxious Fumes+1","Dagger Throw","Backflip","Glass Knife","Calculated Gamble","Well Laid Plans+1","Dagger Spray+1","Dash","Corpse Explosion","Backflip","A Thousand Cuts","Crippling Poison"],"special_seed":0,"relics":["Ring of the Snake","Strawberry","Bottled Tornado","Darkstone Periapt","Juzu Bracelet","Sozu","Singing Bowl","MutagenicStrength","Whetstone","Matryoshka","Centennial Puzzle","Tingsha","Snecko Eye"],"potions_floor_usage":[],"damage_taken":[{"damage":1.0,"enemies":"Cultist","floor":1.0,"turns":4.0},{"damage":0.0,"enemies":"Small Slimes","floor":3.0,"turns":4.0},{"damage":0.0,"enemies":"Jaw Worm","floor":5.0,"turns":7.0},{"damage":27.0,"enemies":"Lagavulin","floor":6.0,"turns":9.0},{"damage":0.0,"enemies":"2 Fungi Beasts","floor":8.0,"turns":3.0},{"damage":25.0,"enemies":"Gremlin Nob","floor":10.0,"turns":5.0},{"damage":0.0,"enemies":"3 Louse","floor":12.0,"turns":3.0},{"damage":10.0,"enemies":"Lagavulin","floor":13.0,"turns":6.0},{"damage":0.0,"enemies":"Large Slime","floor":14.0,"turns":4.0},{"damage":3.0,"enemies":"The Guardian","floor":16.0,"turns":9.0},{"damage":16.0,"enemies":"Spheric Guardian","floor":18.0,"turns":4.0},{"damage":4.0,"enemies":"3 Byrds","floor":20.0,"turns":4.0},{"damage":9.0,"enemies":"3 Cultists","floor":22.0,"turns":4.0},{"damage":21.0,"enemies":"Slavers","floor":23.0,"turns":6.0},{"damage":8.0,"enemies":"Snecko","floor":25.0,"turns":4.0},{"damage":24.0,"enemies":"Book of Stabbing","floor":28.0,"turns":5.0},{"damage":27.0,"enemies":"Snake Plant","floor":30.0,"turns":4.0},{"damage":7.0,"enemies":"Gremlin Leader","floor":31.0,"turns":5.0},{"damage":38.0,"enemies":"Collector","floor":33.0,"turns":9.0},{"damage":0.0,"enemies":"3 Shapes","floor":35.0,"turns":4.0},{"damage":0,"enemies":"Orb Walker","floor":38,"turns":3},{"damage":14,"enemies":"Transient","floor":39,"turns":5},{"damage":73,"enemies":"Giant Head","floor":41,"turns":8}],"seed_played":"3225042451448524973","potions_obtained":[{"floor":3.0,"key":"Fire Potion"},{"floor":5.0,"key":"GamblersBrew"},{"floor":13.0,"key":"FearPotion"},{"floor":14.0,"key":"Poison Potion"}],"is_trial":false,"path_per_floor":["M","?","M","?","M","E","R","M","T","E","R","M","E","M","R","B",null,"M","$","M","?","M","E","R","M","T","R","E","R","M","E","R","B",null,"M","$","?","M","M","R","E"],"character_chosen":"THE_SILENT","items_purchased":["Singing Bowl"],"campfire_rested":5,"item_purchase_floors":[19],"current_hp_per_floor":[64,64,64,64,64,44,44,44,44,19,42,42,32,32,32,29,67,51,51,47,47,38,17,40,34,34,58,34,58,33,26,50,12,65,65,65,64,66,54,54,0],"gold":274,"neow_bonus":"TEN_PERCENT_HP_BONUS","is_prod":false,"is_daily":false,"chose_seed":false,"campfire_upgraded":2,"win_rate":0,"timestamp":1548613010,"path_taken":["M","?","M","?","M","E","R","M","T","E","R","M","E","M","R","BOSS","M","$","M","?","M","E","R","M","T","R","E","R","M","E","R","BOSS","M","$","?","M","M","R","E"],"build_version":"2019-01-23","purchased_purges":2,"victory":false,"max_hp_per_floor":[72,72,72,72,72,79,79,79,79,79,79,79,79,79,79,79,79,79,79,79,79,79,79,79,81,81,81,81,81,83,83,83,83,83,83,83,87,89,91,91,91],"card_choices":[{"not_picked":["Prepared","Underhanded Strike"],"picked":"Cloak And Dagger","floor":1.0},{"not_picked":["Deflect","Dagger Throw"],"picked":"Crippling Poison","floor":3.0},{"not_picked":["Escape Plan","Prepared"],"picked":"All Out Attack","floor":5.0},{"not_picked":["Backflip","Underhanded Strike"],"picked":"Deadly Poison","floor":6.0},{"not_picked":["Quick Slash","Underhanded Strike"],"picked":"Noxious Fumes","floor":8.0},{"not_picked":["Endless Agony","Cloak And Dagger","Crippling Poison"],"picked":"SKIP","floor":10.0},{"not_picked":["Doppelganger","Concentrate"],"picked":"Dagger Throw","floor":12.0},{"not_picked":["Flechettes","Quick Slash"],"picked":"Backflip","floor":13.0},{"not_picked":["Deflect","Finisher","Underhanded Strike"],"picked":"SKIP","floor":14.0},{"not_picked":["Storm of Steel","Unload"],"picked":"Glass Knife","floor":16.0},{"not_picked":["Tactician","Backflip"],"picked":"Calculated Gamble","floor":18.0},{"not_picked":["Dash+1","Backflip"],"picked":"Well Laid Plans+1","floor":20.0},{"not_picked":["Concentrate","Infinite Blades"],"picked":"Dagger Spray+1","floor":22.0},{"not_picked":["Flying Knee","Quick Slash"],"picked":"Dash","floor":23.0},{"not_picked":["Sucker Punch+1","Infinite Blades+1","Distraction"],"picked":"Singing Bowl","floor":25.0},{"not_picked":["PiercingWail","Dagger Spray"],"picked":"Corpse Explosion","floor":28.0},{"not_picked":["Bane","Dash","Prepared"],"picked":"Singing Bowl","floor":30.0},{"not_picked":["Die Die Die","Outmaneuver"],"picked":"Backflip","floor":31.0},{"not_picked":["Phantasmal Killer","Die Die Die"],"picked":"A Thousand Cuts","floor":33.0},{"not_picked":["Underhanded Strike","Slice"],"picked":"Crippling Poison","floor":35.0},{"not_picked":["Transmutation","Forethought","Deep Breath"],"picked":"Singing Bowl","floor":37},{"not_picked":["Deep Breath","Trip","Secret Technique"],"picked":"Singing Bowl","floor":37},{"not_picked":["Distraction","Eviscerate","Underhanded Strike"],"picked":"Singing Bowl","floor":38},{"not_picked":["Masterful Stab","Bane+1","Riddle With Holes"],"picked":"Singing Bowl","floor":39}],"player_experience":1888119,"relics_obtained":[{"floor":6.0,"key":"Strawberry"},{"floor":9.0,"key":"Bottled Tornado"},{"floor":10.0,"key":"Darkstone Periapt"},{"floor":13.0,"key":"Juzu Bracelet"},{"floor":23.0,"key":"Whetstone"},{"floor":26.0,"key":"Matryoshka"},{"floor":28.0,"key":"Centennial Puzzle"},{"floor":31.0,"key":"Tingsha"}],"event_choices":[{"damage_healed":0.0,"max_hp_gain":0.0,"max_hp_loss":0.0,"gold_gain":0.0,"event_name":"Living Wall","player_choice":"Grow","floor":2.0,"gold_loss":0.0,"damage_taken":0.0,"cards_upgraded":["Neutralize"]},{"damage_healed":0.0,"max_hp_gain":0.0,"max_hp_loss":0.0,"gold_gain":0.0,"event_name":"Liars Game","player_choice":"Ignored","floor":4.0,"gold_loss":0.0,"damage_taken":0.0},{"damage_healed":0.0,"max_hp_gain":0.0,"max_hp_loss":0.0,"gold_gain":0.0,"event_name":"Drug Dealer","player_choice":"Inject Mutagens","floor":21.0,"gold_loss":0.0,"damage_taken":0.0,"relics_obtained":["MutagenicStrength"]},{"damage_healed":0,"gold_gain":0,"player_choice":"Memory 2","damage_taken":5,"max_hp_gain":0,"max_hp_loss":0,"event_name":"SensoryStone","floor":37,"gold_loss":0}],"is_beta":true,"boss_relics":[{"not_picked":["WristBlade","Ectoplasm"],"picked":"Sozu"},{"not_picked":["Runic Pyramid","Philosopher\u0027s Stone"],"picked":"Snecko Eye"}],"items_purged_floors":[19,36],"is_endless":false,"potions_floor_spawned":[3,5,13,14,16,23,28,30,33,35],"killed_by":"Giant Head","ascension_level":15}