{"gold_per_floor":[109,127,127,15,34,34,66,66,66,86,86,117,143,205,205,276,276,295,43,59,59,59,59,90,102,114,126,30,80,100,117,117,194,194,205,480,31,46,56,56,89,0,24,24,50,85,0,0,0,0,0,0,0,34,34],"floor_reached":55,"playtime":1771,"items_purged":["Strike_R","Parasite","Regret"],"score":1331,"play_id":"6d132692-9432-4fae-b847-c916d8f156df","local_time":"20190113152914","is_ascension_mode":true,"campfire_choices":[{"data":"Bash","floor":6.0,"key":"SMITH"},{"data":"Inflame","floor":8.0,"key":"SMITH"},{"data":"Disarm","floor":15.0,"key":"SMITH"},{"data":"Armaments","floor":23.0,"key":"SMITH"},{"data":"True Grit","floor":25.0,"key":"SMITH"},{"data":"Immolate","floor":27.0,"key":"SMITH"},{"data":"Fiend Fire","floor":32.0,"key":"SMITH"},{"data":"Barricade","floor":40.0,"key":"SMITH"},{"floor":44.0,"key":"REST"},{"floor":49.0,"key":"RECALL"},{"data":"Feel No Pain","floor":52.0,"key":"SMITH"}],"neow_cost":"NONE","seed_source_timestamp":366784004604690,"circlet_count":0,"master_deck":["AscendersBane","Strike_R","Strike_R","Strike_R","Strike_R","Defend_R","Defend_R","Defend_R","Defend_R","Bash+1","Sword Boomerang","Disarm+1","Shrug It Off","Inflame+1","Anger","Fiend Fire+1","Immolate+1","Armaments+1","True Grit+1","Impervious","Disarm","Feel No Pain+1","Rage","Barricade+1","Limit Break","True Grit","Apotheosis","Doubt","Clumsy","Feel No Pain","Inflame+1"],"special_seed":0,"relics":["Burning Blood","Bronze Scales","Bottled Lightning","Darkstone Periapt","Pen Nib","Tiny Chest","Runic Pyramid","Happy Flower","MutagenicStrength","MawBank","Bottled Flame","Cursed Key","Potion Belt","Red Mask","Bag of Marbles","Blood Vial","Magic Flower","Shuriken"],"potions_floor_usage":[55,55,55],"damage_taken":[{"damage":9.0,"enemies":"Jaw Worm","floor":1.0,"turns":3.0},{"damage":7.0,"enemies":"2 Louse","floor":2.0,"turns":4.0},{"damage":2.0,"enemies":"Small Slimes","floor":5.0,"turns":4.0},{"damage":22.0,"enemies":"Gremlin Nob","floor":7.0,"turns":5.0},{"damage":13.0,"enemies":"Exordium Wildlife","floor":10.0,"turns":6.0},{"damage":13.0,"enemies":"Lagavulin","floor":12.0,"turns":7.0},{"damage":20.0,"enemies":"Gremlin Nob","floor":14.0,"turns":4.0},{"damage":21.0,"enemies":"Hexaghost","floor":16.0,"turns":8.0},{"damage":0.0,"enemies":"Shell Parasite","floor":18.0,"turns":4.0},{"damage":11.0,"enemies":"3 Byrds","floor":20.0,"turns":3.0},{"damage":0.0,"enemies":"Gremlin Leader","floor":24.0,"turns":5.0},{"damage":0.0,"enemies":"Snake Plant","floor":30.0,"turns":3.0},{"damage":16.0,"enemies":"Shelled Parasite and Fungi","floor":31.0,"turns":3.0},{"damage":60.0,"enemies":"Collector","floor":33.0,"turns":8.0},{"damage":21.0,"enemies":"3 Darklings","floor":35.0,"turns":4.0},{"damage":0.0,"enemies":"3 Shapes","floor":38.0,"turns":3.0},{"damage":2.0,"enemies":"Spire Growth","floor":39.0,"turns":5.0},{"damage":34.0,"enemies":"Giant Head","floor":41.0,"turns":9.0},{"damage":9.0,"enemies":"Reptomancer","floor":46.0,"turns":6.0},{"damage":53.0,"enemies":"Donu and Deca","floor":50.0,"turns":12.0},{"damage":69.0,"enemies":"Shield and Spear","floor":54.0,"turns":9.0},{"damage":61,"enemies":"The Heart","floor":55,"turns":8}],"seed_played":"-2974799708783193074","potions_obtained":[{"floor":1.0,"key":"Ancient Potion"},{"floor":7.0,"key":"Fire Potion"},{"floor":10.0,"key":"Explosive Potion"},{"floor":35.0,"key":"PowerPotion"},{"floor":41.0,"key":"BloodPotion"},{"floor":54.0,"key":"SteroidPotion"}],"is_trial":false,"path_per_floor":["M","M","?","$","M","R","E","R","T","M","?","E","T","E","R","B",null,"M","$","M","?","?","R","E","R","T","R","$","?","M","M","R","B",null,"M","?","$","M","M","R","E","?","T","R","T","E","$","?","R","B",null,"R","$","E","B"],"character_chosen":"IRONCLAD","items_purchased":["Disarm","Happy Flower","Disarm","Feel No Pain","Limit Break","True Grit","Apotheosis","Feel No Pain","Dexterity Potion"],"campfire_rested":1,"item_purchase_floors":[4,19,28,28,37,37,37,47,47],"current_hp_per_floor":[65,64,69,69,73,73,57,57,57,50,76,69,69,55,55,40,75,81,81,76,76,76,76,82,82,82,82,82,74,80,70,70,16,66,51,57,57,63,67,67,39,39,45,73,79,78,78,78,78,37,85,85,85,28,0],"gold":34,"neow_bonus":"RANDOM_COMMON_RELIC","is_prod":false,"is_daily":false,"chose_seed":false,"campfire_upgraded":9,"win_rate":0,"timestamp":1547411354,"path_taken":["M","M","?","$","M","R","E","R","T","M","?","E","?","E","R","BOSS","M","$","M","?","?","R","E","R","T","R","?","?","M","?","R","BOSS","M","?","$","?","M","R","E","?","T","R","?","E","$","?","R","BOSS","R","$","E","BOSS"],"build_version":"2019-01-10","purchased_purges":3,"victory":false,"max_hp_per_floor":[75,75,80,80,80,80,80,80,80,80,86,86,86,86,86,86,86,86,83,83,83,83,83,83,83,83,83,83,83,83,83,83,83,83,83,89,89,89,89,89,89,89,95,95,101,101,101,101,101,101,101,101,101,101,101],"card_choices":[{"not_picked":["Wild Strike","Entrench","True Grit"],"picked":"SKIP","floor":1.0},{"not_picked":["Rupture","Clash"],"picked":"Sword Boomerang","floor":2.0},{"not_picked":["Feel No Pain","Warcry"],"picked":"Shrug It Off","floor":5.0},{"not_picked":["Flame Barrier","Shrug It Off"],"picked":"Inflame","floor":7.0},{"not_picked":["Searing Blow","True Grit"],"picked":"Anger","floor":10.0},{"not_picked":["Combust","Havoc","Wild Strike"],"picked":"SKIP","floor":12.0},{"not_picked":["Thunderclap","Combust"],"picked":"Fiend Fire","floor":14.0},{"not_picked":["Berserk","Impervious"],"picked":"Immolate","floor":16.0},{"not_picked":["Carnage+1","Thunderclap","Heavy Blade"],"picked":"SKIP","floor":18.0},{"not_picked":["Thunderclap","Flex"],"picked":"Armaments","floor":20.0},{"not_picked":["Infernal Blade","Havoc"],"picked":"Impervious","floor":24.0},{"not_picked":["Evolve","Iron Wave","Thunderclap"],"picked":"SKIP","floor":30.0},{"not_picked":["Blood for Blood","Cleave"],"picked":"Rage","floor":31.0},{"not_picked":["Fiend Fire","Offering"],"picked":"Barricade","floor":33.0},{"not_picked":["Sever Soul","Clash","Twin Strike"],"picked":"SKIP","floor":35.0},{"not_picked":["Flex","Blood for Blood","Wild Strike"],"picked":"SKIP","floor":38.0},{"not_picked":["Anger","Pummel","Twin Strike+1"],"picked":"SKIP","floor":39.0},{"not_picked":["Power Through","Metallicize","Barricade"],"picked":"SKIP","floor":41.0},{"not_picked":["Iron Wave","Double Tap","Infernal Blade+1"],"picked":"SKIP","floor":46.0},{"not_picked":["Flex","Reckless Charge","Twin Strike"],"picked":"SKIP","floor":54.0}],"player_experience":1833332,"relics_obtained":[{"floor":7.0,"key":"Bottled Lightning"},{"floor":9.0,"key":"Darkstone Periapt"},{"floor":12.0,"key":"Pen Nib"},{"floor":14.0,"key":"Tiny Chest"},{"floor":24.0,"key":"MawBank"},{"floor":26.0,"key":"Bottled Flame"},{"floor":41.0,"key":"Potion Belt"},{"floor":43.0,"key":"Bag of Marbles"},{"floor":45.0,"key":"Blood Vial"},{"floor":46.0,"key":"Magic Flower"},{"floor":54.0,"key":"Shuriken"}],"event_choices":[{"damage_healed":0.0,"max_hp_gain":5.0,"max_hp_loss":0.0,"gold_gain":0.0,"event_name":"Big Fish","player_choice":"Donut","floor":3.0,"gold_loss":0.0,"damage_taken":0.0},{"damage_healed":20.0,"max_hp_gain":0.0,"max_hp_loss":0.0,"gold_gain":0.0,"event_name":"Mushrooms","player_choice":"Healed and dodged fight","floor":11.0,"gold_loss":0.0,"damage_taken":0.0,"cards_obtained":["Parasite"]},{"damage_healed":0.0,"max_hp_gain":0.0,"max_hp_loss":0.0,"gold_gain":0.0,"event_name":"Drug Dealer","player_choice":"Inject Mutagens","floor":21.0,"gold_loss":0.0,"damage_taken":0.0,"relics_obtained":["MutagenicStrength"]},{"damage_healed":0.0,"max_hp_gain":0.0,"max_hp_loss":0.0,"gold_gain":0.0,"event_name":"The Library","player_choice":"Read","floor":22.0,"gold_loss":0.0,"damage_taken":0.0,"cards_obtained":["True Grit"]},{"damage_healed":0.0,"max_hp_gain":0.0,"max_hp_loss":0.0,"gold_gain":50.0,"event_name":"FaceTrader","player_choice":"Touch","floor":29.0,"gold_loss":0.0,"damage_taken":8.0},{"damage_healed":0.0,"max_hp_gain":0.0,"max_hp_loss":0.0,"gold_gain":275.0,"event_name":"Golden Shrine","player_choice":"Desecrate","floor":36.0,"gold_loss":0.0,"damage_taken":0.0,"cards_obtained":["Regret"]},{"damage_healed":0.0,"max_hp_gain":0.0,"max_hp_loss":0.0,"gold_gain":0.0,"event_name":"Tomb of Lord Red Mask","player_choice":"Paid","floor":42.0,"gold_loss":89.0,"damage_taken":0.0,"relics_obtained":["Red Mask"]},{"damage_healed":0.0,"max_hp_gain":0.0,"max_hp_loss":0.0,"gold_gain":0.0,"event_name":"Duplicator","player_choice":"Copied","floor":48.0,"gold_loss":0.0,"damage_taken":0.0,"cards_obtained":["Inflame"]}],"is_beta":true,"boss_relics":[{"not_picked":["White Beast Statue","Black Blood"],"picked":"Runic Pyramid"},{"not_picked":["Fusion Hammer","Velvet Choker"],"picked":"Cursed Key"}],"items_purged_floors":[4,19,37],"is_endless":false,"potions_floor_spawned":[1,7,10,12,18,30,35,41,54],"killed_by":"The Heart","ascension_level":15}