{"gold_per_floor":[119,119,131,52,52,52,66,66,66,105,105,136,136,175,175,274,274,299,299,299,299,313,313,181,224,249,249,288,288,349,363,363,457,457,475,493,493,618,641,641,543,558,558,558,571,571,571,611,611,611,611,611,31,69,69],"floor_reached":55,"playtime":2006,"items_purged":["Bite","Bite"],"score":1392,"play_id":"d299e12c-f57a-4802-b678-d50ba6ca9ac0","local_time":"20190116215709","is_ascension_mode":true,"campfire_choices":[{"data":"Riddle With Holes","floor":6,"key":"SMITH"},{"data":"Noxious Fumes","floor":11,"key":"SMITH"},{"data":"Cloak And Dagger","floor":13,"key":"SMITH"},{"data":"Neutralize","floor":15,"key":"SMITH"},{"data":"A Thousand Cuts","floor":23,"key":"SMITH"},{"data":"Adrenaline","floor":27,"key":"SMITH"},{"data":"Cloak And Dagger","floor":29,"key":"SMITH"},{"data":"Ghostly","floor":32,"key":"SMITH"},{"data":"Cloak And Dagger","floor":40,"key":"SMITH"},{"floor":46,"key":"RECALL"},{"data":"1","floor":49,"key":"LIFT"},{"data":"Ghostly","floor":52,"key":"SMITH"}],"neow_cost":"NONE","seed_source_timestamp":649355873070086,"circlet_count":0,"master_deck":["AscendersBane","Defend_G","Defend_G","Defend_G","Defend_G","Defend_G+1","Survivor","Neutralize+1","Riddle With Holes+1","Noxious Fumes+1","Poisoned Stab","Adrenaline+1","Cloak And Dagger+1","PiercingWail","A Thousand Cuts+1","PiercingWail","Bite","Bite","Bite","Ghostly+1","Ghostly+1","Ghostly+1","Escape Plan","Flash of Steel","Cloak And Dagger+1","Backflip","Infinite Blades+1","Escape Plan","Prepared+1","Cloak And Dagger+1","Backflip","Finesse","Panache","Well Laid Plans","Ghostly+1"],"relics":["Ring of the Snake","Juzu Bracelet","Golden Idol","Vajra","Shuriken","Paper Crane","Incense Burner","Bag of Preparation","Philosopher\u0027s Stone","Enchiridion","Anchor","Pen Nib","Centennial Puzzle","Tiny Chest","Black Star","Girya","Ornamental Fan","Snake Skull","Bottled Lightning","DollysMirror","Bag of Marbles","War Paint","Pantograph"],"potions_floor_usage":[10,12,39,50,55,55],"damage_taken":[{"damage":0,"enemies":"Small Slimes","floor":1,"turns":4},{"damage":0,"enemies":"Cultist","floor":3,"turns":5},{"damage":6,"enemies":"2 Louse","floor":7,"turns":3},{"damage":16,"enemies":"Gremlin Nob","floor":10,"turns":4},{"damage":7,"enemies":"Lagavulin","floor":12,"turns":5},{"damage":4,"enemies":"Gremlin Nob","floor":14,"turns":3},{"damage":14,"enemies":"The Guardian","floor":16,"turns":10},{"damage":17,"enemies":"Shell Parasite","floor":18,"turns":4},{"damage":5,"enemies":"3 Byrds","floor":22,"turns":4},{"damage":0,"enemies":"Book of Stabbing","floor":25,"turns":4},{"damage":8,"enemies":"Gremlin Leader","floor":28,"turns":5},{"damage":1,"enemies":"Book of Stabbing","floor":30,"turns":4},{"damage":0,"enemies":"3 Cultists","floor":31,"turns":3},{"damage":18,"enemies":"Automaton","floor":33,"turns":7},{"damage":1,"enemies":"3 Darklings","floor":35,"turns":3},{"damage":0,"enemies":"3 Shapes","floor":36,"turns":3},{"damage":1,"enemies":"Mind Bloom Boss Battle","floor":38,"turns":7},{"damage":1,"enemies":"Sphere and 2 Shapes","floor":39,"turns":4},{"damage":0,"enemies":"Maw","floor":42,"turns":6},{"damage":0,"enemies":"Spire Growth","floor":45,"turns":4},{"damage":6,"enemies":"Nemesis","floor":48,"turns":5},{"damage":2,"enemies":"Donu and Deca","floor":50,"turns":7},{"damage":0,"enemies":"Shield and Spear","floor":54,"turns":5},{"damage":43,"enemies":"The Heart","floor":55,"turns":6}],"seed_played":"317616892279471337","potions_obtained":[{"floor":3,"key":"EssenceOfSteel"},{"floor":10,"key":"PowerPotion"},{"floor":22,"key":"Explosive Potion"},{"floor":28,"key":"SkillPotion"},{"floor":36,"key":"Dexterity Potion"},{"floor":39,"key":"FearPotion"},{"floor":45,"key":"Weak Potion"}],"is_trial":false,"path_per_floor":["M","?","M","$","?","R","M","?","T","E","R","E","R","E","R","B",null,"M","?","?","?","M","R","$","E","T","R","E","R","E","M","R","B",null,"M","M","?","?","M","R","$","M","T","T","M","R","?","E","R","B",null,"R","$","E","B"],"character_chosen":"THE_SILENT","items_purchased":["Noxious Fumes","Flash of Steel","Cloak And Dagger","Backflip","Block Potion","Well Laid Plans","DollysMirror","Bag of Marbles"],"campfire_rested":0,"item_purchase_floors":[4,24,24,41,53,53,53,53],"current_hp_per_floor":[65,65,65,65,65,65,59,59,59,43,43,36,36,32,32,18,53,36,15,15,15,22,22,22,22,22,22,18,18,22,22,22,8,19,22,22,21,21,20,20,20,21,21,21,21,21,16,19,19,21,21,21,21,21,0],"gold":69,"neow_bonus":"TEN_PERCENT_HP_BONUS","is_prod":false,"is_daily":false,"chose_seed":false,"campfire_upgraded":10,"win_rate":0,"timestamp":1547693829,"path_taken":["M","?","M","$","?","R","M","?","T","E","R","E","R","E","R","BOSS","M","?","?","?","M","R","$","E","T","R","E","R","E","M","R","BOSS","M","M","?","?","M","R","$","M","T","?","M","R","?","E","R","BOSS","R","$","E","BOSS"],"build_version":"2019-01-16","purchased_purges":2,"victory":false,"max_hp_per_floor":[72,72,72,72,65,65,65,65,65,65,65,65,65,65,65,65,65,65,65,45,22,22,22,22,22,22,22,22,22,22,22,22,22,22,22,22,21,21,21,21,21,21,21,21,21,21,21,21,21,21,21,21,21,21,21],"card_choices":[{"not_picked":["Dodge and Roll","Quick Slash"],"picked":"Flying Knee","floor":1},{"not_picked":["Endless Agony","Outmaneuver"],"picked":"Riddle With Holes","floor":3},{"not_picked":["Dodge and Roll","Flying Knee"],"picked":"Poisoned Stab","floor":7},{"not_picked":["Poisoned Stab","Flechettes"],"picked":"Adrenaline","floor":10},{"not_picked":["Dodge and Roll","Bouncing Flask"],"picked":"Cloak And Dagger","floor":12},{"not_picked":["Riddle With Holes","Flying Knee"],"picked":"PiercingWail","floor":14},{"not_picked":["Envenom","Glass Knife"],"picked":"A Thousand Cuts","floor":16},{"not_picked":["Riddle With Holes","Blade Dance"],"picked":"PiercingWail","floor":18},{"not_picked":["Acrobatics","Dodge and Roll"],"picked":"Escape Plan","floor":22},{"not_picked":["Quick Slash","Heel Hook"],"picked":"Backflip","floor":25},{"not_picked":["Acrobatics","Deadly Poison"],"picked":"Infinite Blades+1","floor":28},{"not_picked":["Underhanded Strike","Outmaneuver","Endless Agony"],"picked":"SKIP","floor":30},{"not_picked":["Infinite Blades","Dash"],"picked":"Escape Plan","floor":31},{"not_picked":["Dagger Spray","Blade Dance","Quick Slash"],"picked":"SKIP","floor":35},{"not_picked":["Calculated Gamble","Caltrops"],"picked":"Prepared+1","floor":36},{"not_picked":["Noxious Fumes","Distraction+1"],"picked":"Cloak And Dagger","floor":39},{"not_picked":["Cloak And Dagger","Poisoned Stab+1","Dodge and Roll"],"picked":"SKIP","floor":42},{"not_picked":["Blade Dance","Dagger Spray+1","Riddle With Holes"],"picked":"SKIP","floor":45},{"not_picked":["Chrysalis","Magnetism"],"picked":"Finesse","floor":47},{"not_picked":["Sadistic Nature","Swift Strike"],"picked":"Panache","floor":47},{"not_picked":["Eviscerate","Flying Knee","Infinite Blades"],"picked":"SKIP","floor":48},{"not_picked":["Backstab","Calculated Gamble","Infinite Blades+1"],"picked":"SKIP","floor":54}],"player_experience":1842192,"relics_obtained":[{"floor":9,"key":"Shuriken"},{"floor":10,"key":"Paper Crane"},{"floor":12,"key":"Incense Burner"},{"floor":14,"key":"Bag of Preparation"},{"floor":19,"key":"Enchiridion"},{"floor":25,"key":"Anchor"},{"floor":26,"key":"Pen Nib"},{"floor":28,"key":"Centennial Puzzle"},{"floor":30,"key":"Tiny Chest"},{"floor":38,"key":"Girya"},{"floor":44,"key":"Ornamental Fan"},{"floor":48,"key":"Snake Skull"},{"floor":48,"key":"Bottled Lightning"},{"floor":54,"key":"War Paint"},{"floor":54,"key":"Pantograph"}],"event_choices":[{"cards_removed":["Flying Knee"],"damage_healed":0,"gold_gain":0,"player_choice":"Gave Card","damage_taken":0,"relics_obtained":["Juzu Bracelet"],"max_hp_gain":0,"max_hp_loss":0,"event_name":"WeMeetAgain","floor":2,"gold_loss":0},{"damage_healed":0,"gold_gain":0,"player_choice":"Lose Max HP","damage_taken":0,"relics_obtained":["Golden Idol"],"max_hp_gain":0,"max_hp_loss":7,"event_name":"Golden Idol","floor":5,"gold_loss":0},{"damage_healed":0,"gold_gain":0,"player_choice":"Searched \u00271\u0027 times","damage_taken":0,"relics_obtained":["Vajra"],"max_hp_gain":0,"max_hp_loss":0,"event_name":"Dead Adventurer","floor":8,"gold_loss":0},{"damage_healed":0,"gold_gain":0,"player_choice":"Obtained Book","damage_taken":21,"max_hp_gain":0,"max_hp_loss":0,"event_name":"Cursed Tome","floor":19,"gold_loss":0},{"damage_healed":0,"gold_gain":0,"player_choice":"Became a vampire","damage_taken":0,"max_hp_gain":0,"max_hp_loss":20,"event_name":"Vampires","floor":20,"gold_loss":0,"cards_obtained":["Bite","Bite","Bite","Bite","Bite"]},{"damage_healed":0,"gold_gain":0,"player_choice":"Became a Ghost","damage_taken":0,"max_hp_gain":0,"max_hp_loss":23,"event_name":"Ghosts","floor":21,"gold_loss":0,"cards_obtained":["Ghostly","Ghostly","Ghostly"]},{"damage_healed":0,"gold_gain":0,"player_choice":"Max HP","damage_taken":0,"max_hp_gain":0,"max_hp_loss":1,"event_name":"Winding Halls","floor":37,"gold_loss":0},{"damage_healed":0,"gold_gain":0,"player_choice":"Fight","damage_taken":0,"max_hp_gain":0,"max_hp_loss":0,"event_name":"MindBloom","floor":38,"gold_loss":0},{"damage_healed":0,"gold_gain":0,"player_choice":"Memory 2","damage_taken":5,"max_hp_gain":0,"max_hp_loss":0,"event_name":"SensoryStone","floor":47,"gold_loss":0}],"is_beta":true,"boss_relics":[{"not_picked":["Busted Crown","Runic Dome"],"picked":"Philosopher\u0027s Stone"},{"not_picked":["Calling Bell","Empty Cage"],"picked":"Black Star"}],"items_purged_floors":[41,53],"is_endless":false,"potions_floor_spawned":[3,10,22,28,30,36,39,42,45,48],"killed_by":"The Heart","ascension_level":15}