{"gold_per_floor":[111,111,111,12,28,28,28,69,69,69,20,44,44,58,58,182,182,160,204,204,17,17,17],"floor_reached":23,"playtime":1065,"items_purged":[],"score":208,"play_id":"61720859-e8fa-4868-8211-5e789f2212e2","local_time":"20190311215842","is_ascension_mode":false,"campfire_choices":[{"data":"Demon Form","floor":10,"key":"SMITH"},{"data":"Armaments","floor":13,"key":"SMITH"},{"floor":15,"key":"REST"}],"neow_cost":"NONE","seed_source_timestamp":113921873017333,"circlet_count":0,"master_deck":["Defend_R","Defend_R","Defend_R","Defend_R+1","Bash","Demon Form+1","Flex+1","Armaments+1","Iron Wave","Cleave","Fiend Fire","Shrug It Off","Twin Strike","Juggernaut","Flex","Fire Breathing","Wild Strike","Violence","Bite","Bite","Bite","Bite","Bite"],"relics":["Black Blood","Golden Idol","Incense Burner","Bag of Preparation","Red Mask","Anchor"],"potions_floor_usage":[23,23],"damage_taken":[{"damage":11,"enemies":"Jaw Worm","floor":1,"turns":3},{"damage":12,"enemies":"Small Slimes","floor":5,"turns":3},{"damage":26,"enemies":"Lagavulin","floor":8,"turns":6},{"damage":11,"enemies":"2 Louse","floor":14,"turns":3},{"damage":47,"enemies":"The Guardian","floor":16,"turns":7},{"damage":28,"enemies":"2 Thieves","floor":18,"turns":5},{"damage":26,"enemies":"Masked Bandits","floor":19,"turns":4},{"damage":56,"enemies":"Book of Stabbing","floor":23,"turns":6}],"seed_played":"7313253249229307345","potions_obtained":[{"floor":14,"key":"Poison Potion"},{"floor":18,"key":"Ancient Potion"}],"is_trial":false,"path_per_floor":["M","?","?","$","M","?","$","E","T","R","$","T","R","M","R","B",null,"M","?","?","$","?","E"],"character_chosen":"IRONCLAD","items_purchased":["Armaments","Iron Wave","Shrug It Off","Wild Strike","Violence"],"campfire_rested":1,"item_purchase_floors":[4,4,11,21,21],"current_hp_per_floor":[75,59,59,59,53,53,53,33,33,33,33,33,33,30,52,13,74,56,42,42,42,42,0],"gold":17,"neow_bonus":"ONE_RANDOM_RARE_CARD","is_prod":false,"is_daily":false,"chose_seed":false,"campfire_upgraded":2,"win_rate":0.0,"timestamp":1552366722,"path_taken":["M","?","?","$","M","?","$","E","T","R","?","?","R","M","R","BOSS","M","?","?","?","?","E"],"build_version":"2019-01-23","purchased_purges":0,"victory":false,"max_hp_per_floor":[80,80,80,80,80,74,74,74,74,74,74,74,74,74,74,74,74,74,74,74,74,74,74],"card_choices":[{"not_picked":["Headbutt","Warcry"],"picked":"Flex","floor":1},{"not_picked":["Evolve","Rupture"],"picked":"Cleave","floor":5},{"not_picked":["Entrench","Burning Pact"],"picked":"Fiend Fire","floor":8},{"not_picked":["Perfected Strike","Second Wind"],"picked":"Twin Strike","floor":14},{"not_picked":["Berserk","Exhume"],"picked":"Juggernaut","floor":16},{"not_picked":["Searing Blow","Sword Boomerang"],"picked":"Flex","floor":18},{"not_picked":["Hemokinesis","Sever Soul"],"picked":"Fire Breathing","floor":19}],"player_experience":26966,"relics_obtained":[{"floor":8,"key":"Blood Vial"},{"floor":9,"key":"Incense Burner"},{"floor":12,"key":"Bag of Preparation"},{"floor":19,"key":"Red Mask"}],"event_choices":[{"damage_healed":0,"gold_gain":0,"player_choice":"Entered Light","damage_taken":16,"max_hp_gain":0,"max_hp_loss":0,"event_name":"Shining Light","floor":2,"gold_loss":0,"cards_upgraded":["Flex","Defend_R"]},{"damage_healed":0,"gold_gain":0,"player_choice":"Ignored","damage_taken":0,"max_hp_gain":0,"max_hp_loss":0,"event_name":"Golden Wing","floor":3,"gold_loss":0},{"damage_healed":0,"gold_gain":0,"player_choice":"Lose Max HP","damage_taken":0,"relics_obtained":["Golden Idol"],"max_hp_gain":0,"max_hp_loss":6,"event_name":"Golden Idol","floor":6,"gold_loss":0},{"damage_healed":0,"gold_gain":0,"player_choice":"Fought Bandits","damage_taken":0,"max_hp_gain":0,"max_hp_loss":0,"event_name":"Masked Bandits","floor":19,"gold_loss":0},{"damage_healed":0,"gold_gain":0,"player_choice":"Opened","damage_taken":0,"relics_obtained":["Anchor"],"max_hp_gain":0,"max_hp_loss":0,"event_name":"The Mausoleum","floor":20,"gold_loss":0},{"damage_healed":0,"gold_gain":0,"player_choice":"Became a vampire (Vial)","damage_taken":0,"max_hp_gain":0,"max_hp_loss":0,"event_name":"Vampires","floor":22,"relics_lost":["Blood Vial"],"gold_loss":0,"cards_obtained":["Bite","Bite","Bite","Bite","Bite"]}],"is_beta":false,"boss_relics":[{"not_picked":["Philosopher\u0027s Stone","Sozu"],"picked":"Black Blood"}],"items_purged_floors":[],"is_endless":false,"potions_floor_spawned":[14,18],"killed_by":"Book of Stabbing","ascension_level":0}