{"gold_per_floor":[219,239,239,256,275,275,310,310,310,320,320,20,39,59,59,159,159,176,176,188,288,203,203,232,232,256,157,157,187,286,299,299,399,399,416,83,83,83,94,126,79,79,79,96,96,111,125,151,151,151],"floor_reached":51,"playtime":3454,"items_purged":["Strike_G","Strike_G"],"score":1088,"play_id":"c46be365-9573-4522-9dc7-1db30a91e38b","local_time":"20190306055922","is_ascension_mode":true,"campfire_choices":[{"data":"Footwork","floor":6,"key":"SMITH"},{"floor":11,"key":"REST"},{"data":"Footwork","floor":15,"key":"SMITH"},{"data":"A Thousand Cuts","floor":23,"key":"SMITH"},{"floor":25,"key":"REST"},{"floor":28,"key":"REST"},{"data":"Blade Dance","floor":32,"key":"SMITH"},{"data":"Footwork","floor":45,"key":"SMITH"},{"floor":49,"key":"REST"}],"neow_cost":"NONE","seed_source_timestamp":324018579294821,"circlet_count":0,"master_deck":["Defend_G+1","Defend_G+1","Defend_G+1","Defend_G+1","Defend_G+1","Survivor+1","Neutralize+1","Dodge and Roll+1","Well Laid Plans+1","Footwork+1","Cloak And Dagger+1","Blade Dance+1","Footwork+1","Cloak And Dagger+1","A Thousand Cuts+1","Corpse Explosion+1","Backstab+1","Crippling Poison+1","Heel Hook+1","Prepared+1","Burst+1","Footwork+1","Footwork+1","Dodge and Roll+1","Pain","Doubt","Cloak And Dagger+1","Parasite","Pain"],"relics":["Ring of the Snake","FossilizedHelix","Du-Vu Doll","Membership Card","Happy Flower","Astrolabe","Bird Faced Urn","Bottled Flame","Toxic Egg 2","Tingsha","Oddly Smooth Stone","Shuriken","Cursed Key","Ornamental Fan","Bottled Tornado","Mark of the Bloom","Strawberry","WarpedTongs","Gremlin Horn","Pen Nib"],"potions_floor_usage":[10,21,24,29,50,50],"damage_taken":[{"damage":0,"enemies":"2 Louse","floor":1,"turns":3},{"damage":3,"enemies":"Cultist","floor":2,"turns":4},{"damage":5,"enemies":"Jaw Worm","floor":4,"turns":4},{"damage":3,"enemies":"Blue Slaver","floor":5,"turns":7},{"damage":38,"enemies":"Gremlin Nob","floor":7,"turns":7},{"damage":3,"enemies":"Lots of Slimes","floor":10,"turns":7},{"damage":0,"enemies":"Exordium Wildlife","floor":13,"turns":6},{"damage":0,"enemies":"2 Fungi Beasts","floor":14,"turns":6},{"damage":0,"enemies":"The Guardian","floor":16,"turns":22},{"damage":4,"enemies":"Spheric Guardian","floor":18,"turns":10},{"damage":0,"enemies":"Chosen","floor":20,"turns":5},{"damage":0,"enemies":"Colosseum Slavers","floor":21,"turns":5},{"damage":29,"enemies":"Colosseum Nobs","floor":21,"turns":4},{"damage":56,"enemies":"Book of Stabbing","floor":24,"turns":8},{"damage":0,"enemies":"Slavers","floor":29,"turns":2},{"damage":0,"enemies":"Shelled Parasite and Fungi","floor":31,"turns":5},{"damage":8,"enemies":"Collector","floor":33,"turns":10},{"damage":0,"enemies":"3 Shapes","floor":35,"turns":3},{"damage":0,"enemies":"3 Darklings","floor":39,"turns":2},{"damage":0,"enemies":"Giant Head","floor":40,"turns":6},{"damage":4,"enemies":"Jaw Worm Horde","floor":44,"turns":2},{"damage":3,"enemies":"Spire Growth","floor":46,"turns":4},{"damage":6,"enemies":"Writhing Mass","floor":47,"turns":5},{"damage":24,"enemies":"Donu and Deca","floor":50,"turns":6}],"seed_played":"6830296699562029039","potions_obtained":[{"floor":1,"key":"Energy Potion"},{"floor":10,"key":"FairyPotion"},{"floor":13,"key":"Ancient Potion"},{"floor":16,"key":"Strength Potion"},{"floor":20,"key":"SkillPotion"},{"floor":31,"key":"EssenceOfSteel"}],"is_trial":false,"path_per_floor":["M","M","?","M","M","R","E","?","T","M","R","$","M","M","R","B",null,"M","?","M","?","?","R","E","R","T","$","R","E","?","M","R","B",null,"M","$","?","?","M","E","$","?","T","M","R","M","M","T","R","B",null],"character_chosen":"THE_SILENT","items_purchased":["Membership Card","Happy Flower","Footwork","Regen Potion","SkillPotion","Ornamental Fan","Bottled Tornado","Footwork","Footwork","Dodge and Roll+1"],"campfire_rested":4,"item_purchase_floors":[12,12,12,27,27,36,36,36,41,41],"current_hp_per_floor":[70,67,67,62,59,59,21,7,7,4,25,25,25,25,25,25,59,55,80,80,51,51,51,3,27,27,27,51,53,53,61,61,61,75,80,80,80,80,80,80,80,80,80,76,76,73,67,67,67,43],"gold":151,"neow_bonus":"HUNDRED_GOLD","is_prod":false,"is_daily":false,"chose_seed":false,"campfire_upgraded":5,"win_rate":0,"timestamp":1551848362,"path_taken":["M","M","?","?","M","R","E","?","T","M","R","$","M","M","R","BOSS","M","?","?","?","?","R","E","R","T","?","R","E","?","M","R","BOSS","M","$","?","?","?","E","?","?","T","M","R","?","M","?","R","BOSS"],"build_version":"2019-01-23","purchased_purges":2,"victory":true,"max_hp_per_floor":[70,70,70,70,70,70,70,70,70,70,70,70,70,70,70,70,70,70,80,80,80,80,80,80,80,80,80,80,80,80,80,80,80,80,80,80,80,80,80,87,87,87,87,87,87,87,87,87,87,87],"card_choices":[{"not_picked":["Sucker Punch","Underhanded Strike"],"picked":"Dodge and Roll","floor":1},{"not_picked":["Quick Slash","Choke"],"picked":"Well Laid Plans","floor":2},{"not_picked":["Poisoned Stab","Expertise"],"picked":"Footwork","floor":4},{"not_picked":["PiercingWail","Sucker Punch"],"picked":"Cloak And Dagger","floor":5},{"not_picked":["All Out Attack","Wraith Form v2","Masterful Stab"],"picked":"SKIP","floor":7},{"not_picked":["Bane","Outmaneuver"],"picked":"Blade Dance","floor":10},{"not_picked":["Terror","Poisoned Stab","Quick Slash"],"picked":"SKIP","floor":13},{"not_picked":["Heel Hook","Acrobatics"],"picked":"Cloak And Dagger","floor":14},{"not_picked":["Malaise","Burst"],"picked":"A Thousand Cuts","floor":16},{"not_picked":["Poisoned Stab","Outmaneuver+1"],"picked":"Crippling Poison","floor":18},{"not_picked":["Skewer+1","Bane","Quick Slash"],"picked":"SKIP","floor":20},{"not_picked":["Skewer+1","Flying Knee+1"],"picked":"Heel Hook+1","floor":21},{"not_picked":["Outmaneuver+1","Slice"],"picked":"Prepared+1","floor":24},{"not_picked":["Wraith Form v2","Outmaneuver+1","Doppelganger+1"],"picked":"SKIP","floor":29},{"not_picked":["Acrobatics+1","Underhanded Strike+1","Flying Knee"],"picked":"SKIP","floor":31},{"not_picked":["Phantasmal Killer+1","Wraith Form v2"],"picked":"Burst+1","floor":33},{"not_picked":["Masterful Stab","Underhanded Strike","Deflect+1"],"picked":"SKIP","floor":35},{"not_picked":["Dash+1","Flying Knee","Skewer"],"picked":"SKIP","floor":39},{"not_picked":["Choke+1","Concentrate+1","Bouncing Flask+1"],"picked":"SKIP","floor":40},{"not_picked":["PiercingWail+1","Heel Hook","Expertise+1"],"picked":"SKIP","floor":44},{"not_picked":["Outmaneuver+1","Bouncing Flask+1"],"picked":"Cloak And Dagger+1","floor":46},{"not_picked":["Dodge and Roll+1","Skewer+1","Bane"],"picked":"SKIP","floor":47}],"player_experience":217256,"relics_obtained":[{"floor":7,"key":"FossilizedHelix"},{"floor":9,"key":"Du-Vu Doll"},{"floor":21,"key":"Bird Faced Urn"},{"floor":21,"key":"Bottled Flame"},{"floor":24,"key":"Tingsha"},{"floor":26,"key":"Oddly Smooth Stone"},{"floor":29,"key":"Shuriken"},{"floor":40,"key":"Strawberry"},{"floor":43,"key":"Gremlin Horn"},{"floor":48,"key":"Pen Nib"}],"event_choices":[{"damage_healed":0,"gold_gain":0,"player_choice":"0 cards matched","damage_taken":0,"max_hp_gain":0,"max_hp_loss":0,"event_name":"Match and Keep!","floor":3,"gold_loss":0,"cards_obtained":[]},{"damage_healed":0,"gold_gain":0,"player_choice":"Entered Light","damage_taken":14,"max_hp_gain":0,"max_hp_loss":0,"event_name":"Shining Light","floor":8,"gold_loss":0,"cards_upgraded":["Dodge and Roll","Defend_G"]},{"cards_removed":["Night Terror"],"damage_healed":15,"gold_gain":0,"player_choice":"Offered Rare","damage_taken":0,"max_hp_gain":10,"max_hp_loss":0,"event_name":"Bonfire Elementals","floor":19,"gold_loss":0},{"damage_healed":0,"gold_gain":0,"player_choice":"Fight","damage_taken":0,"max_hp_gain":0,"max_hp_loss":0,"event_name":"Colosseum","floor":21,"gold_loss":0},{"damage_healed":0,"gold_gain":0,"player_choice":"Fought Nobs","damage_taken":0,"max_hp_gain":0,"max_hp_loss":0,"event_name":"Colosseum","floor":21,"gold_loss":0},{"damage_healed":0,"gold_gain":0,"player_choice":"Obtained Relic","damage_taken":0,"relics_obtained":["Toxic Egg 2"],"max_hp_gain":0,"max_hp_loss":0,"event_name":"Addict","floor":22,"gold_loss":85},{"damage_healed":0,"gold_gain":99,"player_choice":"Stole From Cult","damage_taken":0,"max_hp_gain":0,"max_hp_loss":0,"event_name":"Nest","floor":30,"gold_loss":0},{"damage_healed":0,"gold_gain":0,"player_choice":"Upgrade","damage_taken":0,"relics_obtained":["Mark of the Bloom"],"max_hp_gain":0,"max_hp_loss":0,"event_name":"MindBloom","floor":37,"gold_loss":0,"cards_upgraded":["Defend_G","Defend_G","Defend_G","Defend_G","Survivor","Neutralize","Well Laid Plans","Cloak And Dagger","Cloak And Dagger","Crippling Poison","Footwork"]},{"damage_healed":0,"gold_gain":0,"player_choice":"Bought 0 Potions","damage_taken":0,"max_hp_gain":0,"max_hp_loss":0,"event_name":"The Woman in Blue","floor":38,"gold_loss":0},{"damage_healed":0,"gold_gain":0,"player_choice":"Rummage","damage_taken":0,"relics_obtained":["WarpedTongs"],"max_hp_gain":0,"max_hp_loss":0,"event_name":"Accursed Blacksmith","floor":42,"gold_loss":0,"cards_obtained":["Pain"]}],"is_beta":false,"boss_relics":[{"not_picked":["Lizard Tail","Pandora\u0027s Box"],"picked":"Astrolabe"},{"not_picked":["HoveringKite","Runic Dome"],"picked":"Cursed Key"}],"items_purged_floors":[27,36],"is_endless":false,"potions_floor_spawned":[1,10,13,16,20,31,33,39,44],"ascension_level":5}