{"gold_per_floor":[111,111,127,150,75,115,115,115,183,216,230,261,279,429,429,527,527,546,569,342,342,361,401,417,451,751,751,776,776,820,820,820,915,915,930,949,1282,1172,1186,1186,1218,1229,1254,672,672,772,805,805,805,805,805,805,149,177,177],"floor_reached":55,"playtime":1959,"items_purged":["Strike_R","Injury","Strike_R"],"score":1387,"play_id":"b2528427-3c95-44cd-ad22-854344d9f3fb","local_time":"20190225233155","is_ascension_mode":true,"campfire_choices":[{"data":"Whirlwind","floor":8.0,"key":"SMITH"},{"data":"Shockwave","floor":15.0,"key":"SMITH"},{"data":"Armaments","floor":27.0,"key":"SMITH"},{"data":"Juggernaut","floor":29.0,"key":"SMITH"},{"floor":32.0,"key":"REST"},{"floor":40.0,"key":"RECALL"},{"data":"Demon Form","floor":45.0,"key":"SMITH"},{"floor":49.0,"key":"REST"},{"data":"Impervious","floor":52.0,"key":"SMITH"}],"neow_cost":"NONE","seed_source_timestamp":727594398154277,"circlet_count":0,"master_deck":["AscendersBane","Defend_R","Defend_R","Defend_R+1","Defend_R+1","Bash","Whirlwind+1","Shockwave+1","Battle Trance","Shrug It Off","Disarm+1","Juggernaut+1","Offering","Armaments+1","Shrug It Off","Shockwave+1","Impervious+1","Metallicize+1","Demon Form+1","Enlightenment","Metamorphosis","Heavy Blade"],"special_seed":0,"relics":["Burning Blood","Bronze Scales","Omamori","Paper Frog","War Paint","Oddly Smooth Stone","Snecko Eye","PreservedInsect","Singing Bowl","Strawberry","Old Coin","Gremlin Horn","Cursed Key","Champion Belt","Bottled Tornado","Lantern","Girya","Frozen Egg 2","Happy Flower","Bag of Preparation","Boot"],"potions_floor_usage":[55,55],"damage_taken":[{"damage":7.0,"enemies":"Small Slimes","floor":1.0,"turns":4.0},{"damage":12.0,"enemies":"Jaw Worm","floor":3.0,"turns":3.0},{"damage":8.0,"enemies":"2 Louse","floor":4.0,"turns":2.0},{"damage":26.0,"enemies":"Gremlin Nob","floor":6.0,"turns":4.0},{"damage":25.0,"enemies":"Lagavulin","floor":10.0,"turns":6.0},{"damage":5.0,"enemies":"Gremlin Gang","floor":11.0,"turns":2.0},{"damage":17.0,"enemies":"Gremlin Nob","floor":12.0,"turns":4.0},{"damage":1.0,"enemies":"Exordium Wildlife","floor":13.0,"turns":4.0},{"damage":11.0,"enemies":"Hexaghost","floor":16.0,"turns":10.0},{"damage":15.0,"enemies":"2 Thieves","floor":18.0,"turns":3.0},{"damage":0.0,"enemies":"3 Byrds","floor":19.0,"turns":3.0},{"damage":0.0,"enemies":"Centurion and Healer","floor":22.0,"turns":7.0},{"damage":18.0,"enemies":"Gremlin Leader","floor":23.0,"turns":4.0},{"damage":6.0,"enemies":"Snecko","floor":24.0,"turns":4.0},{"damage":6.0,"enemies":"Slavers","floor":25.0,"turns":3.0},{"damage":9.0,"enemies":"Snake Plant","floor":28.0,"turns":3.0},{"damage":44.0,"enemies":"Gremlin Leader","floor":30.0,"turns":5.0},{"damage":23.0,"enemies":"Champ","floor":33.0,"turns":11.0},{"damage":11.0,"enemies":"Orb Walker","floor":35.0,"turns":4.0},{"damage":0.0,"enemies":"3 Shapes","floor":36.0,"turns":3.0},{"damage":10.0,"enemies":"Transient","floor":39.0,"turns":5.0},{"damage":42.0,"enemies":"Giant Head","floor":41.0,"turns":11.0},{"damage":6.0,"enemies":"3 Darklings","floor":42.0,"turns":4.0},{"damage":6.0,"enemies":"Mind Bloom Boss Battle","floor":46.0,"turns":5.0},{"damage":0.0,"enemies":"Nemesis","floor":47.0,"turns":7.0},{"damage":24.0,"enemies":"Donu and Deca","floor":50.0,"turns":6.0},{"damage":21.0,"enemies":"Shield and Spear","floor":54.0,"turns":4.0},{"damage":66,"enemies":"The Heart","floor":55,"turns":5}],"seed_played":"6584855008689633176","potions_obtained":[{"floor":1.0,"key":"FearPotion"},{"floor":3.0,"key":"SneckoOil"},{"floor":12.0,"key":"LiquidBronze"},{"floor":13.0,"key":"FearPotion"},{"floor":19.0,"key":"Fire Potion"},{"floor":30.0,"key":"Weak Potion"},{"floor":35.0,"key":"Explosive Potion"},{"floor":42.0,"key":"Explosive Potion"},{"floor":47.0,"key":"Fire Potion"}],"is_trial":false,"path_per_floor":["M","?","M","M","?","E","?","R","T","E","M","E","M","?","R","B",null,"M","M","$","?","M","E","M","E","T","R","M","R","E","?","R","B",null,"M","M","?","?","M","R","E","M","T","$","R","?","E","?","R","B",null,"R","$","E","B"],"character_chosen":"IRONCLAD","items_purchased":["PreservedInsect","Enlightenment","Bottled Tornado","Lantern","Happy Flower","Bag of Preparation","Metamorphosis","Energy Potion"],"campfire_rested":2,"item_purchase_floors":[20,44,44,44,53,53,53,53],"current_hp_per_floor":[67,67,61,59,59,39,56,56,56,37,38,27,32,32,32,27,58,49,55,55,55,61,51,53,60,60,60,59,59,23,23,47,30,70,67,73,73,73,71,71,35,37,37,37,37,39,47,47,73,55,80,80,80,65,0],"gold":177,"neow_bonus":"RANDOM_COMMON_RELIC","is_prod":false,"is_daily":false,"chose_seed":false,"campfire_upgraded":6,"win_rate":0,"timestamp":1551155515,"path_taken":["M","?","M","M","?","E","?","R","T","E","M","E","?","?","R","BOSS","M","M","$","?","M","E","?","E","T","R","M","R","E","?","R","BOSS","M","?","?","?","M","R","E","?","T","$","R","?","E","?","R","BOSS","R","$","E","BOSS"],"build_version":"2019-02-06","purchased_purges":3,"victory":false,"max_hp_per_floor":[75,68,68,68,68,68,68,68,68,68,68,68,68,68,68,68,68,68,68,68,68,68,70,72,79,79,79,81,81,83,83,83,83,83,85,85,85,85,87,87,87,89,89,89,89,91,93,88,88,88,88,88,88,88,88],"card_choices":[{"not_picked":["Heavy Blade","Wild Strike"],"picked":"Whirlwind","floor":1.0},{"not_picked":["Fire Breathing","Thunderclap"],"picked":"Shockwave","floor":3.0},{"not_picked":["Iron Wave","Warcry"],"picked":"Battle Trance","floor":4.0},{"not_picked":["Uppercut","Second Wind","Sever Soul"],"picked":"SKIP","floor":6.0},{"not_picked":["Intimidate","Armaments"],"picked":"Shrug It Off","floor":10.0},{"not_picked":["Rampage","Clothesline"],"picked":"Disarm","floor":11.0},{"not_picked":["Flex","Burning Pact"],"picked":"Juggernaut","floor":12.0},{"not_picked":["Wild Strike","Clash","Thunderclap"],"picked":"SKIP","floor":13.0},{"not_picked":["Impervious","Berserk"],"picked":"Offering","floor":16.0},{"not_picked":["Havoc+1","Iron Wave"],"picked":"Armaments","floor":18.0},{"not_picked":["Ghostly Armor","Wild Strike"],"picked":"Shrug It Off","floor":19.0},{"not_picked":["Shockwave","Thunderclap","Sever Soul"],"picked":"SKIP","floor":22.0},{"not_picked":["Clash","Shrug It Off","Infernal Blade"],"picked":"Singing Bowl","floor":23.0},{"not_picked":["Armaments","Havoc","Sword Boomerang+1"],"picked":"Singing Bowl","floor":24.0},{"not_picked":["Fire Breathing","Uppercut"],"picked":"Shockwave","floor":25.0},{"not_picked":["Anger","True Grit","Clash+1"],"picked":"Singing Bowl","floor":28.0},{"not_picked":["Iron Wave","Dark Embrace","Armaments+1"],"picked":"Singing Bowl","floor":30.0},{"not_picked":["Brutality","Reaper"],"picked":"Impervious","floor":33.0},{"not_picked":["Cleave","Anger","Wild Strike"],"picked":"Singing Bowl","floor":35.0},{"not_picked":["Juggernaut","Heavy Blade"],"picked":"Metallicize+1","floor":36.0},{"not_picked":["Pommel Strike","Combust","Sword Boomerang"],"picked":"Singing Bowl","floor":39.0},{"not_picked":["Infernal Blade","Combust+1"],"picked":"Demon Form","floor":41.0},{"not_picked":["Shockwave+1","Cleave","Headbutt"],"picked":"Singing Bowl","floor":42.0},{"not_picked":["Entrench","Clash","Searing Blow+1"],"picked":"Singing Bowl","floor":46.0},{"not_picked":["Iron Wave","Havoc","Whirlwind"],"picked":"Singing Bowl","floor":47.0},{"not_picked":["Warcry","Second Wind+1"],"picked":"Heavy Blade","floor":54.0}],"player_experience":2043472,"relics_obtained":[{"floor":6.0,"key":"Omamori"},{"floor":9.0,"key":"Paper Frog"},{"floor":10.0,"key":"War Paint"},{"floor":12.0,"key":"Oddly Smooth Stone"},{"floor":23.0,"key":"Singing Bowl"},{"floor":25.0,"key":"Strawberry"},{"floor":26.0,"key":"Old Coin"},{"floor":30.0,"key":"Gremlin Horn"},{"floor":41.0,"key":"Champion Belt"},{"floor":46.0,"key":"Girya"},{"floor":47.0,"key":"Frozen Egg 2"},{"floor":54.0,"key":"Boot"}],"event_choices":[{"damage_healed":0.0,"max_hp_gain":0.0,"max_hp_loss":7.0,"gold_gain":0.0,"event_name":"Golden Idol","player_choice":"Lose Max HP","floor":2.0,"gold_loss":0.0,"damage_taken":0.0,"relics_obtained":["Golden Idol"]},{"cards_removed":["Strike_R"],"damage_healed":0.0,"max_hp_gain":0.0,"max_hp_loss":0.0,"gold_gain":0.0,"event_name":"The Cleric","player_choice":"Card Removal","floor":5.0,"gold_loss":75.0,"damage_taken":0.0},{"damage_healed":17.0,"max_hp_gain":0.0,"max_hp_loss":0.0,"gold_gain":0.0,"event_name":"Mushrooms","player_choice":"Healed and dodged fight","floor":7.0,"gold_loss":0.0,"damage_taken":0.0,"cards_obtained":["Parasite"]},{"damage_healed":0.0,"max_hp_gain":0.0,"max_hp_loss":0.0,"gold_gain":150.0,"event_name":"Liars Game","player_choice":"AGREE","floor":14.0,"gold_loss":0.0,"damage_taken":0.0,"cards_obtained":["Doubt"]},{"cards_removed":["Strike_R"],"damage_healed":0.0,"max_hp_gain":0.0,"max_hp_loss":0.0,"gold_gain":0.0,"event_name":"Bonfire Elementals","player_choice":"Offered Basic","floor":21.0,"gold_loss":0.0,"damage_taken":0.0},{"damage_healed":0.0,"max_hp_gain":0.0,"max_hp_loss":0.0,"gold_gain":0.0,"event_name":"Upgrade Shrine","player_choice":"Upgraded","floor":31.0,"gold_loss":0.0,"damage_taken":0.0,"cards_upgraded":["Disarm"]},{"damage_healed":0.0,"max_hp_gain":0.0,"max_hp_loss":0.0,"gold_gain":333.0,"event_name":"The Moai Head","player_choice":"Gave Idol","floor":37.0,"relics_lost":["Golden Idol"],"gold_loss":0.0,"damage_taken":0.0},{"cards_removed":["Strike_R"],"damage_healed":0.0,"max_hp_gain":0.0,"max_hp_loss":0.0,"gold_gain":0.0,"event_name":"Designer","player_choice":"Upgrade and Remove","floor":38.0,"gold_loss":110.0,"damage_taken":0.0,"cards_upgraded":["Shockwave"]},{"damage_healed":0.0,"max_hp_gain":0.0,"max_hp_loss":0.0,"gold_gain":0.0,"event_name":"MindBloom","player_choice":"Fight","floor":46.0,"gold_loss":0.0,"damage_taken":0.0},{"damage_healed":0.0,"max_hp_gain":0.0,"max_hp_loss":5.0,"gold_gain":0.0,"event_name":"Winding Halls","player_choice":"Max HP","floor":48.0,"gold_loss":0.0,"damage_taken":0.0}],"is_beta":true,"boss_relics":[{"not_picked":["White Beast Statue","Fusion Hammer"],"picked":"Snecko Eye"},{"not_picked":["Black Blood","Eternal Feather"],"picked":"Cursed Key"}],"items_purged_floors":[20,44,53],"is_endless":false,"potions_floor_spawned":[1,3,12,13,19,22,23,30,35,42,47],"killed_by":"The Heart","ascension_level":15}