{"path_per_floor":["M","M","?","M","M","M","M","M","T","E","M","M","M","M","R"],"character_chosen":"IRONCLAD","items_purchased":[],"gold_per_floor":[112,126,126,145,155,174,185,201,283,317,330,349,369,389,389],"floor_reached":16,"campfire_rested":0,"playtime":2901,"current_hp_per_floor":[77,72,72,75,74,69,70,72,72,53,61,59,60,67,67],"items_purged":[],"gold":389,"play_id":"4666b74a-aa29-4d3b-9621-c7c002693977","is_prod":false,"is_daily":false,"is_ascension_mode":false,"campfire_upgraded":1,"path_taken":["M","M","?","M","?","M","M","M","T","E","M","M","M","M","R","BOSS"],"build_version":"2018-01-25-PROD3","purchased_purges":0,"victory":false,"master_deck":["Strike_R","Strike_R","Strike_R","Strike_R","Strike_R","Defend_R","Defend_R","Defend_R","Defend_R","Bash","Pommel Strike","Anger","Cleave","Clash","Shrug It Off","Cleave","Twin Strike","Corruption","Armaments+1","Power Through"],"max_hp_per_floor":[80,80,80,80,80,80,80,80,80,80,80,80,80,80,80],"relics":["Burning Blood","Meat on the Bone","Blood Vial"],"card_choices":[{"not_picked":["Perfected Strike","Rupture"],"picked":"Pommel Strike"},{"not_picked":["Bloodletting","Battle Trance"],"picked":"Anger"},{"not_picked":["Flex","Feel No Pain"],"picked":"Cleave"},{"not_picked":["Second Wind","True Grit"],"picked":"Clash"},{"not_picked":["Body Slam","Pommel Strike"],"picked":"Shrug It Off"},{"not_picked":["Anger","Perfected Strike"],"picked":"Cleave"},{"not_picked":["Armaments","Combust"],"picked":"Twin Strike"},{"not_picked":["Shrug It Off","Pommel Strike"],"picked":"Corruption"},{"not_picked":["Clothesline","Uppercut"],"picked":"Armaments"},{"not_picked":["Cleave","Second Wind"],"picked":"Power Through"}],"player_experience":0,"potions_floor_usage":[16,16,16],"damage_taken":[{"damage":9,"enemies":"Small Slimes","floor":1,"turns":5},{"damage":11,"enemies":"Blue Slaver","floor":2,"turns":5},{"damage":3,"enemies":"Jaw Worm","floor":4,"turns":4},{"damage":7,"enemies":"2 Fungi Beasts","floor":5,"turns":4},{"damage":11,"enemies":"Lots of Slimes","floor":6,"turns":3},{"damage":5,"enemies":"Looter","floor":7,"turns":2},{"damage":4,"enemies":"Large Slime","floor":8,"turns":6},{"damage":25,"enemies":"3 Sentries","floor":10,"turns":5},{"damage":0,"enemies":"Exordium Wildlife","floor":11,"turns":2},{"damage":10,"enemies":"Lots of Slimes","floor":12,"turns":3},{"damage":7,"enemies":"3 Louse","floor":13,"turns":4},{"damage":1,"enemies":"Exordium Thugs","floor":14,"turns":4},{"damage":72,"enemies":"The Guardian","floor":16,"turns":8}],"event_choices":[{"event_name":"The Lab","player_choice":"Got Potions","floor":3,"damage_taken":0}],"boss_relics":[],"potions_floor_spawned":[2,5,6,10,12],"seed_played":"8147277971501744079","killed_by":"The Guardian","ascension_level":0,"is_trial":false}