{"gold_per_floor":[116,291,309,31,41,41,59,59,59,59,69,101,101,115,115,218,218,232,242,258,258,258,258,287,187,187,187],"floor_reached":27,"playtime":1255,"items_purged":["Doubt","Deflect"],"score":305,"play_id":"c91d04a0-8b89-4e29-bc5d-b0bcd1812ff7","local_time":"20190312165917","is_ascension_mode":true,"campfire_choices":[{"data":"Venomology","floor":6,"key":"SMITH"},{"data":"Neutralize","floor":8,"key":"SMITH"},{"data":"Deadly Poison","floor":10,"key":"SMITH"},{"data":"Terror","floor":13,"key":"SMITH"},{"data":"Backflip","floor":15,"key":"SMITH"},{"data":"Night Terror","floor":23,"key":"SMITH"}],"neow_cost":"NONE","seed_source_timestamp":94613532354480,"circlet_count":0,"master_deck":["Survivor","Neutralize+1","Venomology+1","Backflip+1","Deadly Poison+1","Dagger Throw","Terror+1","Flying Knee","Malaise+1","Dagger Spray","Quick Slash","Adrenaline","Cloak And Dagger","Deflect+1","Night Terror+1","Bouncing Flask","Flying Knee","Acrobatics"],"relics":["Ring of the Snake","Toy Ornithopter","Bottled Flame","Turnip","Pandora\u0027s Box","Mango","War Paint","Kunai"],"potions_floor_usage":[1,3,5,7,11,12,12,12,14,16,16,16,16,19,20,24,24,24,27],"damage_taken":[{"damage":1,"enemies":"Small Slimes","floor":1,"turns":6},{"damage":2,"enemies":"Jaw Worm","floor":3,"turns":8},{"damage":0,"enemies":"2 Louse","floor":5,"turns":3},{"damage":0,"enemies":"Lots of Slimes","floor":7,"turns":1},{"damage":1,"enemies":"Red Slaver","floor":11,"turns":4},{"damage":1,"enemies":"Gremlin Nob","floor":12,"turns":4},{"damage":2,"enemies":"2 Fungi Beasts","floor":14,"turns":3},{"damage":12,"enemies":"Hexaghost","floor":16,"turns":8},{"damage":0,"enemies":"Chosen","floor":18,"turns":4},{"damage":11,"enemies":"2 Thieves","floor":19,"turns":4},{"damage":18,"enemies":"Cultist and Chosen","floor":20,"turns":6},{"damage":73,"enemies":"Gremlin Leader","floor":24,"turns":10},{"damage":14,"enemies":"3 Cultists","floor":27,"turns":5}],"seed_played":"2593591018984651033","potions_obtained":[{"floor":1,"key":"LiquidBronze"},{"floor":3,"key":"Fire Potion"},{"floor":7,"key":"SpeedPotion"},{"floor":12,"key":"SpeedPotion"},{"floor":14,"key":"EssenceOfSteel"},{"floor":20,"key":"Block Potion"}],"is_trial":false,"path_per_floor":["M","?","M","$","M","R","M","R","T","R","M","E","R","M","R","B",null,"M","M","M","?","?","R","E","$","T","M"],"character_chosen":"THE_SILENT","items_purchased":["Toy Ornithopter"],"campfire_rested":0,"item_purchase_floors":[4],"current_hp_per_floor":[69,69,67,67,70,70,70,70,70,70,70,69,69,70,70,68,70,70,64,51,65,94,94,31,31,31,22],"gold":187,"neow_bonus":"ONE_RANDOM_RARE_CARD","is_prod":false,"is_daily":false,"chose_seed":false,"campfire_upgraded":6,"win_rate":0,"timestamp":1552435157,"path_taken":["M","?","M","$","M","R","M","R","T","R","M","E","R","M","R","BOSS","M","M","M","?","?","R","E","$","T","M"],"build_version":"2019-01-23","purchased_purges":2,"victory":false,"max_hp_per_floor":[70,70,70,70,70,70,70,70,70,70,70,70,70,70,70,70,70,70,70,70,84,94,94,94,94,94,94],"card_choices":[{"not_picked":["Slice","Distraction"],"picked":"Backflip","floor":1},{"not_picked":["Slice","Deflect","Blade Dance"],"picked":"SKIP","floor":3},{"not_picked":["Riddle With Holes","Blade Dance"],"picked":"Deadly Poison","floor":5},{"not_picked":["Eviscerate","Expertise"],"picked":"Dagger Throw","floor":7},{"not_picked":["Wraith Form v2","Slice","Accuracy"],"picked":"SKIP","floor":11},{"not_picked":["Skewer","Concentrate"],"picked":"Terror","floor":12},{"not_picked":["Blade Dance","PiercingWail"],"picked":"Flying Knee","floor":14},{"not_picked":["Corpse Explosion","Tools of the Trade"],"picked":"Malaise","floor":16},{"not_picked":["Sucker Punch","Accuracy+1","Dagger Spray"],"picked":"SKIP","floor":18},{"not_picked":["Tactician","All Out Attack","Skewer"],"picked":"SKIP","floor":19},{"not_picked":["Prepared","Eviscerate"],"picked":"Acrobatics","floor":20},{"not_picked":["Prepared","Outmaneuver","Quick Slash"],"picked":"SKIP","floor":24}],"player_experience":406613,"relics_obtained":[{"floor":9,"key":"Bottled Flame"},{"floor":12,"key":"Turnip"},{"floor":24,"key":"War Paint"},{"floor":26,"key":"Kunai"}],"event_choices":[{"damage_healed":0,"gold_gain":175,"player_choice":"AGREE","damage_taken":0,"max_hp_gain":0,"max_hp_loss":0,"event_name":"Liars Game","floor":2,"gold_loss":0,"cards_obtained":["Doubt"]},{"damage_healed":0,"gold_gain":0,"player_choice":"Opened","damage_taken":0,"relics_obtained":["Mango"],"max_hp_gain":0,"max_hp_loss":0,"event_name":"The Mausoleum","floor":21,"gold_loss":0},{"cards_removed":["Wraith Form v2"],"damage_healed":19,"gold_gain":0,"player_choice":"Offered Rare","damage_taken":0,"max_hp_gain":10,"max_hp_loss":0,"event_name":"Bonfire Elementals","floor":22,"gold_loss":0}],"is_beta":false,"boss_relics":[{"not_picked":["Calling Bell","Sozu"],"picked":"Pandora\u0027s Box"}],"items_purged_floors":[4,25],"is_endless":false,"potions_floor_spawned":[1,3,7,12,14,20],"killed_by":"3 Cultists","ascension_level":4}