{"gold_per_floor":[18,18,38,38,58,58,58,93,93,93,123,140,17,35,35,113,113,132,132,22,22],"floor_reached":21,"playtime":948,"items_purged":["Strike_G"],"score":327,"play_id":"ce69108c-ee48-4572-9446-e70fda7f1361","local_time":"20190109191747","is_ascension_mode":true,"campfire_choices":[{"data":"Neutralize","floor":6.0,"key":"SMITH"},{"floor":10.0,"key":"REST"},{"floor":15.0,"key":"REST"}],"neow_cost":"NO_GOLD","seed_source_timestamp":35997076196588,"circlet_count":0,"master_deck":["AscendersBane","Defend_G+1","Defend_G+1","Defend_G","Defend_G","Defend_G","Strike_G","Strike_G","Strike_G","Strike_G","Survivor","Neutralize+1","Backflip","Dagger Throw","Sucker Punch","Die Die Die","Footwork","Poisoned Stab","Malaise","Dagger Spray","Caltrops"],"special_seed":0,"relics":["Ring of the Snake","WingedGreaves","Regal Pillow","Gremlin Horn","Matryoshka","Black Star","MutagenicStrength"],"potions_floor_usage":[21],"damage_taken":[{"damage":2.0,"enemies":"Cultist","floor":1.0,"turns":5.0},{"damage":4.0,"enemies":"Small Slimes","floor":3.0,"turns":5.0},{"damage":1.0,"enemies":"Jaw Worm","floor":5.0,"turns":3.0},{"damage":35.0,"enemies":"Lagavulin","floor":8.0,"turns":13.0},{"damage":18.0,"enemies":"3 Sentries","floor":11.0,"turns":12.0},{"damage":0.0,"enemies":"Red Slaver","floor":12.0,"turns":3.0},{"damage":0.0,"enemies":"Exordium Wildlife","floor":14.0,"turns":8.0},{"damage":40.0,"enemies":"Slime Boss","floor":16.0,"turns":15.0},{"damage":8.0,"enemies":"Shell Parasite","floor":18.0,"turns":13.0},{"damage":36,"enemies":"Colosseum Slavers","floor":21,"turns":7},{"damage":16,"enemies":"Colosseum Nobs","floor":21,"turns":2}],"seed_played":"-9001145544826983497","potions_obtained":[{"floor":1.0,"key":"Swift Potion"},{"floor":8.0,"key":"GamblersBrew"},{"floor":11.0,"key":"LiquidBronze"},{"floor":16.0,"key":"SteroidPotion"}],"is_trial":false,"path_per_floor":["M","?","M","?","M","R","?","E","T","R","E","M","$","M","R","B",null,"M","?","$","?"],"character_chosen":"THE_SILENT","items_purchased":["Strength Potion","Footwork","Caltrops"],"campfire_rested":2,"item_purchase_floors":[13,13,20],"current_hp_per_floor":[57,62,58,37,36,36,36,1,1,37,19,19,19,19,55,15,57,49,49,49,0],"gold":22,"neow_bonus":"ONE_RARE_RELIC","is_prod":false,"is_daily":false,"chose_seed":false,"campfire_upgraded":1,"win_rate":0,"timestamp":1547079467,"path_taken":["M","?","M","?","M","R","?","E","T","R","E","?","$","M","R","BOSS","M","?","$","?"],"build_version":"2019-01-08","purchased_purges":1,"victory":false,"max_hp_per_floor":[66,71,71,71,71,71,71,71,71,71,71,71,71,71,71,71,71,71,71,71,71],"card_choices":[{"not_picked":["Riddle With Holes","Sucker Punch"],"picked":"Backflip","floor":1.0},{"not_picked":["Masterful Stab","Cloak And Dagger","Acrobatics"],"picked":"SKIP","floor":3.0},{"not_picked":["Underhanded Strike","Backflip","Distraction"],"picked":"SKIP","floor":5.0},{"not_picked":["Blade Dance","Dodge and Roll"],"picked":"Sucker Punch","floor":8.0},{"not_picked":["Blade Dance","Poisoned Stab"],"picked":"Die Die Die","floor":11.0},{"not_picked":["Choke","Tactician","Acrobatics"],"picked":"SKIP","floor":12.0},{"not_picked":["Tactician","Prepared"],"picked":"Poisoned Stab","floor":14.0},{"not_picked":["Unload","Bullet Time"],"picked":"Malaise","floor":16.0},{"not_picked":["Backflip","Bane"],"picked":"Dagger Spray","floor":18.0}],"player_experience":1819452,"relics_obtained":[{"floor":8.0,"key":"Regal Pillow"},{"floor":9.0,"key":"Gremlin Horn"},{"floor":11.0,"key":"Matryoshka"}],"event_choices":[{"damage_healed":0.0,"max_hp_gain":5.0,"max_hp_loss":0.0,"gold_gain":0.0,"event_name":"Big Fish","player_choice":"Donut","floor":2.0,"gold_loss":0.0,"damage_taken":0.0},{"damage_healed":0.0,"max_hp_gain":0.0,"max_hp_loss":0.0,"gold_gain":0.0,"event_name":"Shining Light","player_choice":"Entered Light","floor":4.0,"gold_loss":0.0,"damage_taken":21.0,"cards_upgraded":["Defend_G","Defend_G"]},{"damage_healed":0.0,"max_hp_gain":0.0,"max_hp_loss":0.0,"gold_gain":0.0,"event_name":"Match and Keep!","player_choice":"1 cards matched","floor":7.0,"gold_loss":0.0,"damage_taken":0.0,"cards_obtained":["Dagger Throw"]},{"damage_healed":0.0,"max_hp_gain":0.0,"max_hp_loss":0.0,"gold_gain":0.0,"event_name":"Drug Dealer","player_choice":"Inject Mutagens","floor":19.0,"gold_loss":0.0,"damage_taken":0.0,"relics_obtained":["MutagenicStrength"]},{"damage_healed":0,"gold_gain":0,"player_choice":"Fight","damage_taken":0,"max_hp_gain":0,"max_hp_loss":0,"event_name":"Colosseum","floor":21,"gold_loss":0},{"damage_healed":0,"gold_gain":0,"player_choice":"Fought Nobs","damage_taken":0,"max_hp_gain":0,"max_hp_loss":0,"event_name":"Colosseum","floor":21,"gold_loss":0}],"is_beta":true,"boss_relics":[{"not_picked":["Coffee Dripper","WristBlade"],"picked":"Black Star"}],"items_purged_floors":[20],"is_endless":false,"potions_floor_spawned":[1,8,11,14,16,21],"killed_by":"Colosseum Nobs","ascension_level":15}