{"gold_per_floor":[116,21,21,31,48,48,67,67,140,140,166,54,82,93,93,170,170,186,215,230,243,261,290,290,320,320,346,25,75,75,90,90,164,164,174,174,174,174,396,452,452,452,452,452,472,507,526,554,554,554,554,554,64,93,93],"floor_reached":55,"playtime":3717,"items_purged":["Strike_B","Doubt","Shame"],"score":1506,"play_id":"aacbbe4b-8e46-4fa1-86e6-7814ac3153a2","local_time":"20190314223952","is_ascension_mode":true,"campfire_choices":[{"data":"Zap","floor":6.0,"key":"SMITH"},{"data":"Sweeping Beam","floor":8.0,"key":"SMITH"},{"data":"Biased Cognition","floor":10.0,"key":"SMITH"},{"data":"Hologram","floor":15.0,"key":"SMITH"},{"data":"Rainbow","floor":24,"key":"SMITH"},{"data":"Seek","floor":30,"key":"SMITH"},{"data":"Panacea","floor":32,"key":"SMITH"},{"floor":41,"key":"REST"},{"floor":42,"key":"RECALL"},{"data":"Apotheosis","floor":44,"key":"SMITH"},{"floor":49,"key":"REST"},{"data":"Biased Cognition","floor":52,"key":"SMITH"}],"neow_cost":"TEN_PERCENT_HP_LOSS","seed_source_timestamp":124546220879788,"circlet_count":0,"master_deck":["AscendersBane","Strike_B","Defend_B","Defend_B","Defend_B","Defend_B","Zap+1","Dualcast","Biased Cognition+1","Leap","Panacea+1","Sweeping Beam+1","Rainbow+1","Undo","Chill","Hologram+1","Biased Cognition+1","Cold Snap","Compile Driver","FTL+1","Hologram","Seek+1","All For One","Redo","Rainbow","Leap+1","Gash","Apotheosis+1","Secret Technique","Recycle+1","Hologram","Magnetism"],"special_seed":0,"relics":["Cracked Core","Anchor","Pen Nib","Cursed Key","Red Mask","WingedGreaves","Blood Vial","Kunai","Pear","Orrery","Tiny Chest","Smiling Mask","Boot","DataDisk","Bag of Marbles","Calipers"],"potions_floor_usage":[21,23,27,46,46,54,54],"damage_taken":[{"damage":0.0,"enemies":"2 Louse","floor":1.0,"turns":1.0},{"damage":0.0,"enemies":"Cultist","floor":4.0,"turns":2.0},{"damage":3.0,"enemies":"Small Slimes","floor":5.0,"turns":4.0},{"damage":19.0,"enemies":"Exordium Wildlife","floor":7.0,"turns":4.0},{"damage":15.0,"enemies":"Gremlin Nob","floor":11.0,"turns":3.0},{"damage":3.0,"enemies":"3 Sentries","floor":13.0,"turns":5.0},{"damage":0.0,"enemies":"Blue Slaver","floor":14.0,"turns":3.0},{"damage":0.0,"enemies":"The Guardian","floor":16.0,"turns":10.0},{"damage":0.0,"enemies":"Spheric Guardian","floor":18.0,"turns":4.0},{"damage":3.0,"enemies":"Masked Bandits","floor":19.0,"turns":5.0},{"damage":0,"enemies":"2 Thieves","floor":20,"turns":4},{"damage":0,"enemies":"Centurion and Healer","floor":21,"turns":8},{"damage":1,"enemies":"Shelled Parasite and Fungi","floor":22,"turns":6},{"damage":3,"enemies":"Slavers","floor":23,"turns":7},{"damage":0,"enemies":"Book of Stabbing","floor":25,"turns":4},{"damage":6,"enemies":"Gremlin Leader","floor":27,"turns":7},{"damage":4,"enemies":"Cultist and Chosen","floor":31,"turns":6},{"damage":35,"enemies":"Automaton","floor":33,"turns":9},{"damage":17,"enemies":"3 Darklings","floor":35,"turns":5},{"damage":4,"enemies":"Giant Head","floor":40,"turns":9},{"damage":0,"enemies":"3 Shapes","floor":45,"turns":5},{"damage":29,"enemies":"Reptomancer","floor":46,"turns":6},{"damage":0,"enemies":"Writhing Mass","floor":47,"turns":7},{"damage":1,"enemies":"Nemesis","floor":48,"turns":6},{"damage":8,"enemies":"Donu and Deca","floor":50,"turns":9},{"damage":57,"enemies":"Shield and Spear","floor":54,"turns":7},{"damage":31,"enemies":"The Heart","floor":55,"turns":2}],"seed_played":"-6987344887956456698","potions_obtained":[{"floor":4.0,"key":"FocusPotion"},{"floor":5.0,"key":"GamblersBrew"},{"floor":13.0,"key":"LiquidBronze"},{"floor":14.0,"key":"FearPotion"},{"floor":16.0,"key":"Regen Potion"},{"floor":23,"key":"Energy Potion"},{"floor":31,"key":"Poison Potion"},{"floor":40,"key":"SkillPotion"},{"floor":47,"key":"SteroidPotion"}],"is_trial":false,"path_per_floor":["M","$","?","M","M","R","M","R","T","R","E","$","E","M","R","B",null,"M","?","M","M","M","E","R","E","T","E","$","?","R","M","R","B",null,"M","$","?","?","?","E","R","R","T","R","M","E","M","E","R","B",null,"R","$","E","B"],"character_chosen":"DEFECT","items_purchased":["Panacea","Undo","Seek","All For One","Magnetism","Weak Potion","Regen Potion","Bag of Marbles"],"campfire_rested":2,"item_purchase_floors":[2,12,28,28,53,53,53,53],"current_hp_per_floor":[64,64,64,64,61,61,42,42,42,42,27,27,24,24,24,24,54,54,51,51,64,63,60,60,60,60,66,66,66,66,64,64,31,63,48,48,38,38,38,36,58,58,58,58,60,33,35,36,58,52,69,69,69,26,0],"gold":93,"neow_bonus":"THREE_RARE_CARDS","is_prod":false,"is_daily":false,"chose_seed":false,"campfire_upgraded":9,"win_rate":0,"timestamp":1552617592,"path_taken":["M","$","?","M","?","R","M","R","T","R","E","?","E","M","R","BOSS","M","?","M","M","M","E","R","E","T","E","$","?","R","M","R","BOSS","M","$","?","?","?","E","R","R","T","R","M","E","M","E","R","BOSS","R","$","E","BOSS"],"build_version":"2019-02-06","purchased_purges":3,"victory":false,"max_hp_per_floor":[64,64,64,64,64,64,64,64,64,64,64,64,64,64,64,64,64,64,64,64,64,64,64,64,64,64,74,74,74,74,74,74,74,74,74,74,74,74,74,74,74,74,74,74,74,74,74,74,74,74,74,74,74,74,74],"card_choices":[{"not_picked":["Amplify","Hyperbeam"],"picked":"Biased Cognition","floor":0.0},{"not_picked":["Streamline","Rebound"],"picked":"Leap","floor":1.0},{"not_picked":["Barrage","Stack"],"picked":"Sweeping Beam","floor":4.0},{"not_picked":["Aggregate","Leap","Barrage"],"picked":"SKIP","floor":5.0},{"not_picked":["Aggregate","Leap","Barrage"],"picked":"SKIP","floor":5.0},{"not_picked":["Sweeping Beam","Stack","Melter"],"picked":"SKIP","floor":7.0},{"not_picked":["Rebound","Compile Driver"],"picked":"Rainbow","floor":11.0},{"not_picked":["Multi-Cast","Go for the Eyes"],"picked":"Chill","floor":13.0},{"not_picked":["Beam Cell","Steam"],"picked":"Hologram","floor":14.0},{"not_picked":["Multi-Cast","Creative AI"],"picked":"Biased Cognition","floor":16.0},{"not_picked":["Leap","Hologram"],"picked":"Cold Snap","floor":18.0},{"not_picked":["Conserve Battery","Beam Cell","Gash"],"picked":"SKIP","floor":20},{"not_picked":["Sweeping Beam","Turbo","Amplify"],"picked":"SKIP","floor":21},{"not_picked":["Conserve Battery","Sunder"],"picked":"Compile Driver","floor":22},{"not_picked":["Beam Cell","Leap","Barrage"],"picked":"SKIP","floor":23},{"not_picked":["Gash","Beam Cell"],"picked":"FTL+1","floor":25},{"not_picked":["Hello World+1","Force Field"],"picked":"Hologram","floor":27},{"not_picked":["Ball Lightning","Go for the Eyes"],"picked":"Redo","floor":31},{"not_picked":["Biased Cognition","Meteor Strike"],"picked":"Rainbow","floor":33},{"not_picked":["Streamline","Barrage"],"picked":"Leap+1","floor":34},{"not_picked":["Cold Snap","Stack"],"picked":"Gash","floor":34},{"not_picked":["Cold Snap","Sweeping Beam","Consume"],"picked":"SKIP","floor":35},{"not_picked":["Purity","Transmutation"],"picked":"Apotheosis","floor":37},{"not_picked":["Discovery","PanicButton"],"picked":"Secret Technique","floor":37},{"not_picked":["Sweeping Beam","Steam Power","Barrage"],"picked":"SKIP","floor":40},{"not_picked":["Ball Lightning+1","FTL","Leap"],"picked":"SKIP","floor":45},{"not_picked":["Turbo","Rainbow"],"picked":"Recycle+1","floor":46},{"not_picked":["Turbo+1","Streamline","Go for the Eyes"],"picked":"SKIP","floor":47},{"not_picked":["Sweeping Beam","Leap"],"picked":"Hologram","floor":48},{"not_picked":["Scrape","Beam Cell","Genetic Algorithm"],"picked":"SKIP","floor":54}],"player_experience":2177837,"relics_obtained":[{"floor":11.0,"key":"Anchor"},{"floor":13.0,"key":"Pen Nib"},{"floor":19,"key":"Red Mask"},{"floor":23,"key":"WingedGreaves"},{"floor":25,"key":"Blood Vial"},{"floor":26,"key":"Kunai"},{"floor":27,"key":"Pear"},{"floor":40,"key":"Tiny Chest"},{"floor":43,"key":"Smiling Mask"},{"floor":46,"key":"Boot"},{"floor":48,"key":"DataDisk"},{"floor":54,"key":"Calipers"}],"event_choices":[{"cards_removed":["Strike_B"],"damage_healed":0.0,"max_hp_gain":0.0,"max_hp_loss":0.0,"gold_gain":0.0,"event_name":"Bonfire Elementals","player_choice":"Offered Basic","floor":3.0,"gold_loss":0.0,"damage_taken":0.0},{"damage_healed":0.0,"max_hp_gain":0.0,"max_hp_loss":0.0,"gold_gain":0.0,"event_name":"Masked Bandits","player_choice":"Fought Bandits","floor":19.0,"gold_loss":0.0,"damage_taken":0.0},{"damage_healed":0,"gold_gain":50,"player_choice":"Stole From Cult","damage_taken":0,"max_hp_gain":0,"max_hp_loss":0,"event_name":"Nest","floor":29,"gold_loss":0},{"damage_healed":0,"gold_gain":0,"player_choice":"Memory 3","damage_taken":10,"max_hp_gain":0,"max_hp_loss":0,"event_name":"SensoryStone","floor":37,"gold_loss":0},{"cards_removed":["Strike_B"],"damage_healed":0,"gold_gain":0,"player_choice":"Removed Attack","damage_taken":0,"max_hp_gain":0,"max_hp_loss":0,"event_name":"Falling","floor":38,"gold_loss":0},{"damage_healed":0,"gold_gain":222,"player_choice":"Wore Mask","damage_taken":0,"max_hp_gain":0,"max_hp_loss":0,"event_name":"Tomb of Lord Red Mask","floor":39,"gold_loss":0}],"is_beta":true,"boss_relics":[{"not_picked":["FrozenCore","Philosopher\u0027s Stone"],"picked":"Cursed Key"},{"not_picked":["Coffee Dripper","Lizard Tail"],"picked":"Orrery"}],"items_purged_floors":[12,28,53],"is_endless":false,"potions_floor_spawned":[4,5,13,14,16,20,22,23,31,40,47],"killed_by":"The Heart","ascension_level":15}