{"gold_per_floor":[113,91,101,119,39,69,69,69,92,92,92,112,144,161,161,236,236,256,181,451,0,0,0],"floor_reached":23,"playtime":686,"items_purged":["Regret"],"score":345,"play_id":"27f25398-0d56-4eae-abd0-8ab3cf65a656","local_time":"20190118003410","is_ascension_mode":true,"campfire_choices":[{"data":"Bash","floor":8,"key":"SMITH"},{"data":"Disarm","floor":10,"key":"SMITH"},{"data":"Anger","floor":15,"key":"SMITH"}],"neow_cost":"NONE","seed_source_timestamp":746499973798784,"circlet_count":0,"master_deck":["AscendersBane","Strike_R","Strike_R","Strike_R","Strike_R","Strike_R","Defend_R","Defend_R+1","Defend_R","Defend_R","Bash+1","Anger+1","Shrug It Off+1","Spot Weakness","Disarm+1","Impervious","Impervious","Reaper","Decay"],"relics":["Burning Blood","Omamori","War Paint","Strawberry","Juzu Bracelet","Calling Bell","Orichalcum","Meat on the Bone","Ice Cream","Sling","Tiny Chest"],"potions_floor_usage":[13,16,23,23],"damage_taken":[{"damage":2,"enemies":"2 Louse","floor":1,"turns":3},{"damage":5,"enemies":"Small Slimes","floor":3,"turns":4},{"damage":1,"enemies":"Cultist","floor":4,"turns":3},{"damage":32,"enemies":"3 Sentries","floor":6,"turns":9},{"damage":7,"enemies":"3 Louse","floor":12,"turns":6},{"damage":15,"enemies":"Lagavulin","floor":13,"turns":6},{"damage":14,"enemies":"Gremlin Gang","floor":14,"turns":7},{"damage":17,"enemies":"The Guardian","floor":16,"turns":12},{"damage":30,"enemies":"Spheric Guardian","floor":18,"turns":7},{"damage":53,"enemies":"Slavers","floor":23,"turns":6}],"seed_played":"4451678580596112564","potions_obtained":[{"floor":12,"key":"Poison Potion"},{"floor":13,"key":"Strength Potion"},{"floor":14,"key":"GamblersBrew"},{"floor":16,"key":"SteroidPotion"}],"is_trial":false,"path_per_floor":["M","$","M","M","$","E","?","R","T","R","?","M","E","M","R","B",null,"M","?","?","$","?","E"],"character_chosen":"IRONCLAD","items_purchased":["Shrug It Off","Impervious","Sling","Tiny Chest","Block Potion"],"campfire_rested":0,"item_purchase_floors":[2,5,21,21,21],"current_hp_per_floor":[72,72,73,75,75,49,67,67,74,74,74,73,64,56,56,45,73,58,58,26,26,26,0],"gold":0,"neow_bonus":"RANDOM_COMMON_RELIC","is_prod":false,"is_daily":false,"chose_seed":false,"campfire_upgraded":3,"win_rate":0,"timestamp":1547789650,"path_taken":["M","$","M","M","$","E","?","R","T","R","?","M","E","M","R","BOSS","M","?","?","$","?","E"],"build_version":"2019-01-16","purchased_purges":1,"victory":false,"max_hp_per_floor":[75,75,75,75,75,75,75,75,82,82,82,82,82,82,82,82,82,82,82,82,82,82,82],"card_choices":[{"not_picked":["True Grit","Thunderclap"],"picked":"Anger","floor":1},{"not_picked":["Clash","Metallicize"],"picked":"Spot Weakness","floor":3},{"not_picked":["Dropkick","Headbutt"],"picked":"Disarm","floor":4},{"not_picked":["Anger","Perfected Strike","Blood for Blood"],"picked":"SKIP","floor":6},{"not_picked":["Rage","Clash","Thunderclap"],"picked":"SKIP","floor":12},{"not_picked":["Fire Breathing","Corruption","Blood for Blood"],"picked":"SKIP","floor":13},{"not_picked":["Entrench","Warcry","Headbutt"],"picked":"SKIP","floor":14},{"not_picked":["Immolate","Limit Break"],"picked":"Reaper","floor":16},{"not_picked":["Rupture","Headbutt","Combust"],"picked":"SKIP","floor":18}],"player_experience":1849551,"relics_obtained":[{"floor":6,"key":"War Paint"},{"floor":9,"key":"Strawberry"},{"floor":13,"key":"Juzu Bracelet"},{"floor":17,"key":"Orichalcum"},{"floor":17,"key":"Meat on the Bone"},{"floor":17,"key":"Ice Cream"}],"event_choices":[{"damage_healed":18,"gold_gain":0,"player_choice":"Healed and dodged fight","damage_taken":0,"max_hp_gain":0,"max_hp_loss":0,"event_name":"Mushrooms","floor":7,"gold_loss":0,"cards_obtained":["Parasite"]},{"damage_healed":0,"gold_gain":0,"player_choice":"1 cards matched","damage_taken":0,"max_hp_gain":0,"max_hp_loss":0,"event_name":"Match and Keep!","floor":11,"gold_loss":0,"cards_obtained":["Impervious"]},{"cards_removed":["Regret"],"damage_healed":0,"gold_gain":0,"player_choice":"Gave Gold","damage_taken":0,"max_hp_gain":0,"max_hp_loss":0,"event_name":"Beggar","floor":19,"gold_loss":75},{"damage_healed":0,"gold_gain":270,"player_choice":"GOLD GOLD GOLD ","damage_taken":32,"max_hp_gain":0,"max_hp_loss":0,"event_name":"Knowing Skull","floor":20,"potions_obtained":[],"gold_loss":0,"cards_obtained":[]},{"damage_healed":0,"gold_gain":0,"player_choice":"Smashed Altar","damage_taken":0,"max_hp_gain":0,"max_hp_loss":0,"event_name":"Forgotten Altar","floor":22,"gold_loss":0,"cards_obtained":["Decay"]}],"is_beta":true,"boss_relics":[{"not_picked":["White Beast Statue","Empty Cage"],"picked":"Calling Bell"}],"items_purged_floors":[21],"is_endless":false,"potions_floor_spawned":[12,13,14,16,18],"killed_by":"Slavers","ascension_level":15}