{"gold_per_floor":[113,126,201,201,37,37,68,68,68,68,44,73,91,121,121,195,195,208,208,208,7,17,17,42,42,42,42,42,53,83,83,83,162,162,178,197,197,197,197,197,97,116,116,134,134,154,171,203,203,203,203,203,78,106,106],"floor_reached":55,"playtime":3253,"items_purged":["Injury","Strike_B","Parasite"],"score":1250,"play_id":"33d40ee9-2a58-4be7-82de-5b32582d458f","local_time":"20190117005307","is_ascension_mode":true,"campfire_choices":[{"floor":6.0,"key":"REST"},{"data":"Blizzard","floor":8.0,"key":"SMITH"},{"data":"Zap","floor":10.0,"key":"SMITH"},{"data":"Sweeping Beam","floor":15.0,"key":"SMITH"},{"floor":23.0,"key":"REST"},{"floor":25.0,"key":"REST"},{"floor":32.0,"key":"REST"},{"data":"Buffer","floor":40.0,"key":"SMITH"},{"floor":45.0,"key":"RECALL"},{"data":"Biased Cognition","floor":49.0,"key":"SMITH"},{"data":"Creative AI","floor":52.0,"key":"SMITH"}],"neow_cost":"CURSE","seed_source_timestamp":0,"circlet_count":0,"master_deck":["AscendersBane","Strike_B","Strike_B","Strike_B","Defend_B","Defend_B","Defend_B+1","Defend_B","Zap+1","Dualcast","Echo Form","Glacier+1","Sweeping Beam+1","Blizzard+1","Conserve Battery","Hologram","Core Surge","Compile Driver","Buffer+1","Conserve Battery+1","Ball Lightning","Biased Cognition+1","Decay","Creative AI+1","Heatsinks","Cold Snap+1","Heatsinks+1","Defragment+1","Fission"],"special_seed":0,"relics":["Cracked Core","Strawberry","Kunai","Odd Mushroom","Nunchaku","Sozu","OrangePellets","Mummified Hand","Bottled Flame","Bird Faced Urn","Philosopher\u0027s Stone","PreservedInsect","Incense Burner","Turnip"],"potions_floor_usage":[],"damage_taken":[{"damage":12.0,"enemies":"Jaw Worm","floor":1.0,"turns":4.0},{"damage":6.0,"enemies":"2 Louse","floor":2.0,"turns":2.0},{"damage":0.0,"enemies":"Lagavulin","floor":7.0,"turns":9.0},{"damage":6.0,"enemies":"The Mushroom Lair","floor":12.0,"turns":5.0},{"damage":0.0,"enemies":"Small Slimes","floor":13.0,"turns":3.0},{"damage":10.0,"enemies":"3 Sentries","floor":14.0,"turns":5.0},{"damage":4.0,"enemies":"Slime Boss","floor":16.0,"turns":9.0},{"damage":0.0,"enemies":"Spheric Guardian","floor":18.0,"turns":4.0},{"damage":11.0,"enemies":"Colosseum Slavers","floor":19.0,"turns":5.0},{"damage":20.0,"enemies":"2 Thieves","floor":22.0,"turns":4.0},{"damage":23.0,"enemies":"Slavers","floor":24.0,"turns":7.0},{"damage":8.0,"enemies":"Snake Plant","floor":29.0,"turns":7.0},{"damage":20.0,"enemies":"Book of Stabbing","floor":30.0,"turns":7.0},{"damage":4.0,"enemies":"Collector","floor":33.0,"turns":13.0},{"damage":12.0,"enemies":"3 Shapes","floor":35.0,"turns":8.0},{"damage":19.0,"enemies":"3 Darklings","floor":36.0,"turns":6.0},{"damage":52.0,"enemies":"Jaw Worm Horde","floor":42.0,"turns":18.0},{"damage":12.0,"enemies":"Transient","floor":44.0,"turns":5.0},{"damage":0.0,"enemies":"Sphere and 2 Shapes","floor":46.0,"turns":3.0},{"damage":0.0,"enemies":"Writhing Mass","floor":47.0,"turns":9.0},{"damage":4.0,"enemies":"Nemesis","floor":48.0,"turns":9.0},{"damage":44.0,"enemies":"Donu and Deca","floor":50.0,"turns":8.0},{"damage":65.0,"enemies":"Shield and Spear","floor":54.0,"turns":9.0},{"damage":67,"enemies":"The Heart","floor":55,"turns":3}],"seed_played":"-8354825201960368897","potions_obtained":[{"floor":1.0,"key":"Fire Potion"},{"floor":12.0,"key":"FearPotion"},{"floor":14.0,"key":"EntropicBrew"}],"is_trial":false,"path_per_floor":["M","M","?","?","$","R","E","R","T","R","$","?","M","E","R","B",null,"M","?","?","$","M","R","E","R","T","$","?","M","E","?","R","B",null,"M","M","?","?","T","R","$","M","T","M","R","M","M","E","R","B",null,"R","$","E","B"],"character_chosen":"DEFECT","items_purchased":["Fire Potion","Blizzard","Hologram","OrangePellets"],"campfire_rested":4,"item_purchase_floors":[5,5,11,21],"current_hp_per_floor":[52,46,35,14,14,35,42,42,42,42,42,36,36,26,26,22,64,64,53,31,31,11,35,12,36,36,36,36,28,8,8,32,36,71,79,78,78,78,78,78,78,79,79,73,73,79,79,79,79,79,79,79,76,35,0],"gold":106,"neow_bonus":"THREE_RARE_CARDS","is_prod":false,"is_daily":false,"chose_seed":false,"campfire_upgraded":6,"win_rate":0,"timestamp":1547704387,"path_taken":["M","M","?","?","$","R","E","R","T","R","$","?","M","E","R","BOSS","M","?","?","$","M","R","E","R","T","?","?","?","E","?","R","BOSS","M","M","?","?","?","R","$","M","T","M","R","M","M","E","R","BOSS","R","$","E","BOSS"],"build_version":"2019-01-16","purchased_purges":3,"victory":false,"max_hp_per_floor":[71,71,71,71,71,71,78,78,78,78,78,78,78,78,78,78,78,78,78,83,83,83,83,83,83,83,83,83,83,83,83,83,83,83,83,83,79,79,79,79,79,79,79,79,79,79,79,79,79,79,79,79,76,76,76],"card_choices":[{"not_picked":["Thunder Strike","All For One"],"picked":"Echo Form","floor":0.0},{"not_picked":["Rip and Tear","Rebound"],"picked":"Glacier","floor":1.0},{"not_picked":["Rebound","Fusion"],"picked":"Sweeping Beam","floor":2.0},{"not_picked":["Beam Cell","Hologram"],"picked":"Conserve Battery","floor":7.0},{"not_picked":["Heatsinks","Self Repair"],"picked":"Core Surge","floor":12.0},{"not_picked":["Steam","Leap"],"picked":"Compile Driver","floor":13.0},{"not_picked":["Force Field","Heatsinks","Rebound"],"picked":"SKIP","floor":14.0},{"not_picked":["Reboot","Echo Form"],"picked":"Buffer","floor":16.0},{"not_picked":["Streamline","Go for the Eyes","Redo"],"picked":"SKIP","floor":18.0},{"not_picked":["Darkness","Coolheaded"],"picked":"Conserve Battery+1","floor":22.0},{"not_picked":["Rebound","Stack","Heatsinks"],"picked":"SKIP","floor":24.0},{"not_picked":["Beam Cell","Rebound"],"picked":"Ball Lightning","floor":29.0},{"not_picked":["Barrage","Darkness"],"picked":"Biased Cognition","floor":30.0},{"not_picked":["Biased Cognition","Fission"],"picked":"Creative AI","floor":33.0},{"not_picked":["Compile Driver","Streamline"],"picked":"Heatsinks","floor":35.0},{"not_picked":["Turbo","Steam+1"],"picked":"Cold Snap+1","floor":36.0},{"not_picked":["Meteor Strike","BootSequence"],"picked":"Heatsinks+1","floor":42.0},{"not_picked":["Recycle","Compile Driver"],"picked":"Defragment+1","floor":44.0},{"not_picked":["Steam","Turbo","Cold Snap"],"picked":"SKIP","floor":46.0},{"not_picked":["Gash","Rebound+1","Melter"],"picked":"SKIP","floor":47.0},{"not_picked":["Self Repair+1","Doom and Gloom","Turbo+1"],"picked":"SKIP","floor":48.0},{"not_picked":["Turbo","Scrape"],"picked":"Fission","floor":54.0}],"player_experience":1844198,"relics_obtained":[{"floor":7.0,"key":"Strawberry"},{"floor":9.0,"key":"Kunai"},{"floor":12.0,"key":"Odd Mushroom"},{"floor":14.0,"key":"Nunchaku"},{"floor":24.0,"key":"Mummified Hand"},{"floor":26.0,"key":"Bottled Flame"},{"floor":30.0,"key":"Bird Faced Urn"},{"floor":43.0,"key":"PreservedInsect"},{"floor":48.0,"key":"Incense Burner"},{"floor":54.0,"key":"Turnip"}],"event_choices":[{"damage_healed":0.0,"max_hp_gain":0.0,"max_hp_loss":0.0,"gold_gain":75.0,"event_name":"World of Goop","player_choice":"Gather Gold","floor":3.0,"gold_loss":0.0,"damage_taken":11.0},{"damage_healed":0.0,"max_hp_gain":0.0,"max_hp_loss":0.0,"gold_gain":0.0,"event_name":"Shining Light","player_choice":"Entered Light","floor":4.0,"gold_loss":0.0,"damage_taken":21.0,"cards_upgraded":["Glacier","Defend_B"]},{"damage_healed":0.0,"max_hp_gain":0.0,"max_hp_loss":0.0,"gold_gain":0.0,"event_name":"Mushrooms","player_choice":"Fought Mushrooms","floor":12.0,"gold_loss":0.0,"damage_taken":0.0},{"damage_healed":0.0,"max_hp_gain":0.0,"max_hp_loss":0.0,"gold_gain":0.0,"event_name":"Colosseum","player_choice":"Fight","floor":19.0,"gold_loss":0.0,"damage_taken":0.0},{"damage_healed":0.0,"max_hp_gain":0.0,"max_hp_loss":0.0,"gold_gain":0.0,"event_name":"Colosseum","player_choice":"Fled From Nobs","floor":19.0,"gold_loss":0.0,"damage_taken":0.0},{"damage_healed":0.0,"max_hp_gain":5.0,"max_hp_loss":0.0,"gold_gain":0.0,"event_name":"Forgotten Altar","player_choice":"Shed Blood","floor":20.0,"gold_loss":0.0,"damage_taken":27.0},{"damage_healed":0.0,"max_hp_gain":0.0,"max_hp_loss":0.0,"gold_gain":0.0,"event_name":"Wheel of Change","player_choice":"Cursed","floor":31.0,"gold_loss":0.0,"damage_taken":0.0,"cards_obtained":["Decay"]},{"damage_healed":0.0,"max_hp_gain":0.0,"max_hp_loss":4.0,"gold_gain":0.0,"event_name":"Winding Halls","player_choice":"Max HP","floor":37.0,"gold_loss":0.0,"damage_taken":0.0},{"damage_healed":0.0,"max_hp_gain":0.0,"max_hp_loss":0.0,"gold_gain":0.0,"event_name":"Mysterious Sphere","player_choice":"Ignored","floor":38.0,"gold_loss":0.0,"damage_taken":0.0}],"is_beta":true,"boss_relics":[{"not_picked":["Eternal Feather","Coffee Dripper"],"picked":"Sozu"},{"not_picked":["Fusion Hammer","Orrery"],"picked":"Philosopher\u0027s Stone"}],"items_purged_floors":[5,41,53],"is_endless":false,"potions_floor_spawned":[1,12,14,16,22,30,33,35,46],"killed_by":"The Heart","ascension_level":15}