{"gold_per_floor":[117,136,136,152,166,166,199,215,215,63,89,8,35,35,35,112,112,126,136,61,61,79,108,108,120,120,40,40,53,53,53,53,130,130,141,141,158,158,171,198,213,241,241,241,288,306,306,325,325,325,325,325,78,110,110],"floor_reached":55,"playtime":7071,"items_purged":["Strike_R","Strike_R+1"],"score":1412,"play_id":"174cae08-e5b8-470b-8810-76cb1ddab431","local_time":"20190216155312","is_ascension_mode":true,"campfire_choices":[{"data":"Bash","floor":6.0,"key":"SMITH"},{"data":"Barricade","floor":15.0,"key":"SMITH"},{"data":"Whirlwind","floor":24.0,"key":"SMITH"},{"data":"Corruption","floor":28.0,"key":"SMITH"},{"data":"Impervious","floor":32.0,"key":"SMITH"},{"floor":47,"key":"RECALL"},{"data":"Feel No Pain","floor":49,"key":"SMITH"},{"data":"Offering","floor":52,"key":"SMITH"}],"neow_cost":"NONE","seed_source_timestamp":0,"circlet_count":0,"master_deck":["AscendersBane","Strike_R+1","Defend_R+1","Defend_R+1","Defend_R+1","Defend_R+1","Bash+1","Disarm","Pommel Strike","Pommel Strike","Barricade+1","Shockwave+1","Impervious+1","Whirlwind+1","Reaper","Reaper","Thunderclap+1","Anger","Corruption+1","Feel No Pain+1","Offering+1","Disarm","Exhume","Parasite","Flex+1","Reaper","Inflame+1","True Grit","Sword Boomerang","Battle Trance"],"special_seed":0,"relics":["Coffee Dripper","Ginger","Paper Frog","Pear","Shuriken","Odd Mushroom","Empty Cage","Matryoshka","War Paint","Gremlin Horn","Runic Cube","FossilizedHelix","Juzu Bracelet","Orichalcum","Incense Burner","Dodecahedron"],"potions_floor_usage":[42,45,55],"damage_taken":[{"damage":5.0,"enemies":"Small Slimes","floor":1.0,"turns":3.0},{"damage":0.0,"enemies":"Cultist","floor":2.0,"turns":3.0},{"damage":0.0,"enemies":"2 Louse","floor":4.0,"turns":2.0},{"damage":2.0,"enemies":"Looter","floor":5.0,"turns":3.0},{"damage":22.0,"enemies":"Gremlin Nob","floor":7.0,"turns":4.0},{"damage":0.0,"enemies":"Large Slime","floor":8.0,"turns":4.0},{"damage":18.0,"enemies":"3 Sentries","floor":11.0,"turns":8.0},{"damage":2.0,"enemies":"The Mushroom Lair","floor":13.0,"turns":3.0},{"damage":0.0,"enemies":"Slime Boss","floor":16.0,"turns":7.0},{"damage":15.0,"enemies":"Spheric Guardian","floor":18.0,"turns":5.0},{"damage":0.0,"enemies":"Chosen","floor":19.0,"turns":5.0},{"damage":47.0,"enemies":"3 Cultists","floor":22.0,"turns":6.0},{"damage":56.0,"enemies":"Book of Stabbing","floor":23.0,"turns":8.0},{"damage":17.0,"enemies":"Snake Plant","floor":25.0,"turns":5.0},{"damage":12.0,"enemies":"Cultist and Chosen","floor":29.0,"turns":6.0},{"damage":21.0,"enemies":"Champ","floor":33.0,"turns":11.0},{"damage":14.0,"enemies":"Orb Walker","floor":35.0,"turns":5.0},{"damage":32.0,"enemies":"3 Shapes","floor":37.0,"turns":8.0},{"damage":6,"enemies":"Spire Growth","floor":39,"turns":6},{"damage":22,"enemies":"Nemesis","floor":40,"turns":11},{"damage":13,"enemies":"Writhing Mass","floor":41,"turns":8},{"damage":16,"enemies":"Reptomancer","floor":42,"turns":5},{"damage":30,"enemies":"2 Orb Walkers","floor":45,"turns":5},{"damage":0,"enemies":"Maw","floor":46,"turns":8},{"damage":6,"enemies":"Jaw Worm Horde","floor":48,"turns":3},{"damage":0,"enemies":"Time Eater","floor":50,"turns":16},{"damage":47,"enemies":"Shield and Spear","floor":54,"turns":11},{"damage":132,"enemies":"The Heart","floor":55,"turns":11}],"seed_played":"6028931928521859765","potions_obtained":[{"floor":1.0,"key":"Regen Potion"},{"floor":4.0,"key":"GamblersBrew"},{"floor":8.0,"key":"SneckoOil"},{"floor":11.0,"key":"Fire Potion"},{"floor":13.0,"key":"Block Potion"},{"floor":22.0,"key":"EntropicBrew"},{"floor":23.0,"key":"Strength Potion"},{"floor":25.0,"key":"Swift Potion"},{"floor":42,"key":"Explosive Potion"},{"floor":46,"key":"SpeedPotion"},{"floor":48,"key":"Fire Potion"}],"is_trial":false,"path_per_floor":["M","M","?","M","M","R","E","M","T","$","E","$","?","$","R","B",null,"M","M","$","?","M","E","R","M","T","$","R","M","?","?","R","B",null,"M","?","M","?","M","E","M","E","T","?","?","M","R","M","R","B",null,"R","$","E","B"],"character_chosen":"IRONCLAD","items_purchased":["Impervious","Reaper","Corruption","Dexterity Potion","True Grit","Sword Boomerang"],"campfire_rested":0,"item_purchase_floors":[10,12,27,53,53,53],"current_hp_per_floor":[63,63,63,63,61,61,39,39,49,49,31,31,33,33,33,48,76,61,77,77,77,56,14,14,4,4,4,4,18,35,35,35,14,67,60,60,45,45,61,55,63,61,61,61,47,69,69,81,81,81,81,81,81,77,0],"gold":110,"neow_bonus":"BOSS_RELIC","is_prod":false,"is_daily":false,"chose_seed":false,"campfire_upgraded":7,"win_rate":0,"timestamp":1550350392,"path_taken":["M","M","?","M","M","R","E","M","T","$","E","?","?","$","R","BOSS","M","M","$","?","M","E","R","M","T","$","R","M","?","?","R","BOSS","M","?","M","?","M","E","M","E","T","?","?","M","R","M","R","BOSS","R","$","E","BOSS"],"build_version":"2019-02-06","purchased_purges":2,"victory":false,"max_hp_per_floor":[75,75,75,75,75,75,75,75,85,85,85,85,85,85,85,85,85,85,85,85,85,85,85,85,85,85,85,85,85,85,85,85,85,85,85,81,81,81,81,81,81,81,81,81,81,81,81,81,81,81,81,81,81,81,81],"card_choices":[{"not_picked":["Iron Wave","Ghostly Armor"],"picked":"Disarm","floor":1.0},{"not_picked":["Sword Boomerang","True Grit"],"picked":"Pommel Strike","floor":2.0},{"not_picked":["True Grit","Wild Strike","Heavy Blade"],"picked":"SKIP","floor":4.0},{"not_picked":["Headbutt","Anger"],"picked":"Pommel Strike","floor":5.0},{"not_picked":["Anger","Feel No Pain"],"picked":"Barricade","floor":7.0},{"not_picked":["Bloodletting","Seeing Red"],"picked":"Shockwave","floor":8.0},{"not_picked":["Second Wind","Clothesline"],"picked":"Whirlwind","floor":11.0},{"not_picked":["Juggernaut","Impervious"],"picked":"Reaper","floor":16.0},{"not_picked":["Heavy Blade","Second Wind+1","Sword Boomerang"],"picked":"SKIP","floor":18.0},{"not_picked":["Iron Wave","Armaments","Evolve"],"picked":"SKIP","floor":19.0},{"not_picked":["Cleave","Dropkick","Pommel Strike"],"picked":"SKIP","floor":22.0},{"not_picked":["Double Tap","Dual Wield"],"picked":"Thunderclap+1","floor":23.0},{"not_picked":["Burning Pact","Dropkick"],"picked":"Anger","floor":25.0},{"not_picked":["Shockwave+1","Intimidate"],"picked":"Feel No Pain","floor":29.0},{"not_picked":["Brutality","Berserk"],"picked":"Offering","floor":33.0},{"not_picked":["Anger","Sentinel","Cleave"],"picked":"SKIP","floor":35.0},{"not_picked":["Blood for Blood","Uppercut"],"picked":"Disarm","floor":37.0},{"not_picked":["Rage","Whirlwind","Bloodletting"],"picked":"SKIP","floor":39},{"not_picked":["Sentinel","Armaments","Anger"],"picked":"SKIP","floor":40},{"not_picked":["Havoc","Thunderclap"],"picked":"Flex+1","floor":41},{"not_picked":["Perfected Strike+1","Flex","Wild Strike+1"],"picked":"SKIP","floor":42},{"not_picked":["Iron Wave","Evolve"],"picked":"Reaper","floor":46},{"not_picked":["Evolve+1","Thunderclap+1"],"picked":"Inflame+1","floor":48},{"not_picked":["Blood for Blood","Disarm"],"picked":"Battle Trance","floor":54}],"player_experience":1966954,"relics_obtained":[{"floor":7.0,"key":"Paper Frog"},{"floor":9.0,"key":"Pear"},{"floor":11.0,"key":"Shuriken"},{"floor":13.0,"key":"Odd Mushroom"},{"floor":23.0,"key":"Matryoshka"},{"floor":26.0,"key":"War Paint"},{"floor":26.0,"key":"Gremlin Horn"},{"floor":40,"key":"FossilizedHelix"},{"floor":42,"key":"Juzu Bracelet"},{"floor":43,"key":"Orichalcum"},{"floor":45,"key":"Incense Burner"},{"floor":54,"key":"Dodecahedron"}],"event_choices":[{"damage_healed":0.0,"max_hp_gain":0.0,"max_hp_loss":0.0,"gold_gain":0.0,"event_name":"WeMeetAgain","player_choice":"Gave Potion","floor":3.0,"gold_loss":0.0,"damage_taken":0.0,"relics_obtained":["Ginger"]},{"damage_healed":0.0,"max_hp_gain":0.0,"max_hp_loss":0.0,"gold_gain":0.0,"event_name":"Mushrooms","player_choice":"Fought Mushrooms","floor":13.0,"gold_loss":0.0,"damage_taken":0.0},{"damage_healed":0.0,"max_hp_gain":0.0,"max_hp_loss":0.0,"gold_gain":0.0,"event_name":"Ghosts","player_choice":"Ignored","floor":21.0,"gold_loss":0.0,"damage_taken":0.0},{"damage_healed":17.0,"max_hp_gain":0.0,"max_hp_loss":0.0,"gold_gain":0.0,"event_name":"The Library","player_choice":"Heal","floor":30.0,"gold_loss":0.0,"damage_taken":0.0},{"damage_healed":0.0,"max_hp_gain":0.0,"max_hp_loss":0.0,"gold_gain":0.0,"event_name":"Back to Basics","player_choice":"Simplicity","floor":31.0,"gold_loss":0.0,"damage_taken":0.0,"cards_upgraded":["Strike_R","Strike_R","Defend_R","Defend_R","Defend_R"]},{"damage_healed":0.0,"max_hp_gain":0.0,"max_hp_loss":4.0,"gold_gain":0.0,"event_name":"Winding Halls","player_choice":"Max HP","floor":36.0,"gold_loss":0.0,"damage_taken":0.0},{"damage_healed":0,"gold_gain":0,"player_choice":"1 cards matched","damage_taken":0,"max_hp_gain":0,"max_hp_loss":0,"event_name":"Match and Keep!","floor":38,"gold_loss":0,"cards_obtained":["Exhume"]},{"damage_healed":0,"gold_gain":0,"player_choice":"Leave","damage_taken":0,"max_hp_gain":0,"max_hp_loss":0,"event_name":"FaceTrader","floor":44,"gold_loss":0},{"damage_healed":0,"gold_gain":0,"player_choice":"Fight","damage_taken":0,"max_hp_gain":0,"max_hp_loss":0,"event_name":"Mysterious Sphere","floor":45,"gold_loss":0}],"is_beta":true,"boss_relics":[{"not_picked":["Mark of Pain","Tiny House"],"picked":"Empty Cage"},{"not_picked":["White Beast Statue","Philosopher\u0027s Stone"],"picked":"Runic Cube"}],"items_purged_floors":[20,53],"is_endless":false,"potions_floor_spawned":[1,4,8,11,13,22,23,25,42,46,48],"killed_by":"The Heart","ascension_level":15}