{"gold_per_floor":[116,126,178,178,14,14,40,55,82,94,94,105,124,124,124,229,229,244,255,255,265,265,265,291,304,304,304,322,352,378,392,392,497,497,517,40,40,52,52,83,83,130,154,171,194,194,207,226,226,226],"floor_reached":50,"playtime":4399,"items_purged":[],"score":544,"play_id":"707dc6ea-9ef1-4b8e-b389-15f1e8e74007","local_time":"20190312000102","is_ascension_mode":false,"campfire_choices":[{"data":"Discovery","floor":6,"key":"SMITH"},{"floor":15,"key":"REST"},{"floor":23,"key":"REST"},{"floor":27,"key":"REST"},{"floor":32,"key":"REST"},{"floor":41,"key":"REST"},{"floor":46,"key":"REST"},{"floor":49,"key":"REST"}],"neow_cost":"NONE","seed_source_timestamp":117925471103555,"circlet_count":0,"master_deck":["Defend_G","Defend_G","Defend_G+1","Defend_G","Strike_G","Strike_G","Strike_G","Strike_G","Survivor","Neutralize","Dash","Dagger Spray","Discovery+1","Noxious Fumes","Prepared+1","Deflect+1","Dash+1","Deadly Poison+1","Underhanded Strike","A Thousand Cuts","Bouncing Flask+1","Crippling Poison+1","Infinite Blades","Underhanded Strike+1","Underhanded Strike","Outmaneuver+1","Dagger Spray+1","Slice","Flying Knee","Phantasmal Killer+1","Caltrops+1","Mayhem","Caltrops","Terror+1","Blind+1","Dark Shackles+1","Bandage Up+1","Deadly Poison+1","Beam Cell+1","White Noise+1","Leap+1","Armaments+1","Conserve Battery+1"],"relics":["Ring of the Snake","NeowsBlessing","Orichalcum","Toxic Egg 2","Happy Flower","War Paint","Runic Pyramid","PreservedInsect","Strawberry","Snake Skull","Juzu Bracelet","Lizard Tail","PrismaticShard","Omamori","Gambling Chip","Lantern","Whetstone"],"potions_floor_usage":[42,42,44,44],"damage_taken":[{"damage":0,"enemies":"Jaw Worm","floor":1,"turns":1},{"damage":0,"enemies":"2 Louse","floor":2,"turns":1},{"damage":0,"enemies":"3 Sentries","floor":7,"turns":1},{"damage":2,"enemies":"Small Slimes","floor":8,"turns":3},{"damage":17,"enemies":"Exordium Thugs","floor":10,"turns":5},{"damage":14,"enemies":"3 Louse","floor":12,"turns":4},{"damage":0,"enemies":"Blue Slaver","floor":13,"turns":3},{"damage":3,"enemies":"Hexaghost","floor":16,"turns":9},{"damage":12,"enemies":"Spheric Guardian","floor":18,"turns":5},{"damage":19,"enemies":"Shell Parasite","floor":19,"turns":4},{"damage":14,"enemies":"Centurion and Healer","floor":21,"turns":5},{"damage":16,"enemies":"Sentry and Sphere","floor":25,"turns":5},{"damage":12,"enemies":"Snake Plant","floor":28,"turns":4},{"damage":1,"enemies":"Gremlin Leader","floor":29,"turns":5},{"damage":13,"enemies":"Centurion and Healer","floor":31,"turns":5},{"damage":9,"enemies":"Champ","floor":33,"turns":9},{"damage":19,"enemies":"3 Shapes","floor":35,"turns":7},{"damage":11,"enemies":"Orb Walker","floor":38,"turns":4},{"damage":33,"enemies":"Giant Head","floor":40,"turns":7},{"damage":50,"enemies":"2 Orb Walkers","floor":42,"turns":6},{"damage":26,"enemies":"Writhing Mass","floor":44,"turns":4},{"damage":28,"enemies":"3 Darklings","floor":47,"turns":5},{"damage":5,"enemies":"Jaw Worm Horde","floor":48,"turns":3},{"damage":33,"enemies":"Awakened One","floor":50,"turns":3}],"seed_played":"4415162345298941391","potions_obtained":[{"floor":1,"key":"LiquidBronze"},{"floor":7,"key":"SkillPotion"},{"floor":16,"key":"FearPotion"},{"floor":42,"key":"AttackPotion"}],"is_trial":false,"path_per_floor":["M","M","?","?","$","R","E","M","T","M","T","M","M","?","R","B",null,"M","M","?","M","?","R","T","M","T","R","M","E","T","M","R","B",null,"M","$","?","M","?","E","R","?","T","M","T","R","M","M","R","B"],"character_chosen":"THE_SILENT","items_purchased":["Discovery","Noxious Fumes","Mayhem","Caltrops","Terror+1","PrismaticShard"],"campfire_rested":7,"item_purchase_floors":[5,5,36,36,36,36],"current_hp_per_floor":[70,70,70,70,70,70,70,68,68,51,51,37,37,37,58,55,70,58,39,39,25,25,46,46,30,37,60,48,47,47,34,57,48,77,58,58,48,37,37,10,33,31,31,5,5,28,6,1,24,0],"gold":226,"neow_bonus":"THREE_ENEMY_KILL","is_prod":false,"is_daily":false,"chose_seed":false,"campfire_upgraded":1,"win_rate":0.0,"timestamp":1552374062,"path_taken":["M","M","?","?","$","R","E","M","T","M","?","?","M","?","R","BOSS","M","M","?","M","?","R","?","?","T","R","M","E","?","M","R","BOSS","M","$","?","M","?","E","R","?","T","M","?","R","M","M","R","BOSS"],"build_version":"2019-01-23","purchased_purges":0,"victory":false,"max_hp_per_floor":[70,70,70,70,70,70,70,70,70,70,70,70,70,70,70,70,70,70,70,70,70,70,70,70,70,77,77,77,77,77,77,77,77,77,77,77,77,77,77,77,77,77,77,77,77,77,77,77,77,77],"card_choices":[{"not_picked":["PiercingWail","Heel Hook"],"picked":"Dash","floor":1},{"not_picked":["Blur","Slice"],"picked":"Dagger Spray","floor":2},{"not_picked":["Skewer","Masterful Stab"],"picked":"Prepared","floor":7},{"not_picked":["Dagger Throw","Slice"],"picked":"Deflect+1","floor":8},{"not_picked":["Dagger Spray","Underhanded Strike"],"picked":"Dash","floor":10},{"not_picked":["Dodge and Roll+1","Doppelganger+1"],"picked":"Deadly Poison+1","floor":12},{"not_picked":["Reflex+1","Dash"],"picked":"Underhanded Strike","floor":13},{"not_picked":["Malaise+1","Burst+1"],"picked":"A Thousand Cuts","floor":16},{"not_picked":["Backflip+1","Quick Slash"],"picked":"Bouncing Flask+1","floor":18},{"not_picked":["All Out Attack","Poisoned Stab"],"picked":"Crippling Poison+1","floor":19},{"not_picked":["Prepared+1","Skewer"],"picked":"Underhanded Strike","floor":21},{"not_picked":["Heel Hook","Underhanded Strike"],"picked":"Dagger Spray+1","floor":25},{"not_picked":["All Out Attack","Sucker Punch"],"picked":"Slice","floor":28},{"not_picked":["Deflect+1","Dash+1"],"picked":"Flying Knee","floor":29},{"not_picked":["All Out Attack+1","Slice"],"picked":"Phantasmal Killer+1","floor":31},{"not_picked":["Glass Knife","Venomology+1"],"picked":"Tools of the Trade","floor":33},{"not_picked":["Underhanded Strike","Deflect+1"],"picked":"Caltrops+1","floor":35},{"not_picked":["Transmutation+1","Thinking Ahead+1"],"picked":"Blind+1","floor":37},{"not_picked":["Discovery+1","Swift Strike"],"picked":"Dark Shackles+1","floor":37},{"not_picked":["Impatience+1","Apotheosis+1"],"picked":"Bandage Up+1","floor":37},{"not_picked":["Barrage+1","Blade Dance+1"],"picked":"Deadly Poison+1","floor":38},{"not_picked":["Sword Boomerang","Dagger Spray+1"],"picked":"Beam Cell+1","floor":40},{"not_picked":["Metallicize+1","Cleave"],"picked":"White Noise+1","floor":42},{"not_picked":["Dagger Throw","Immolate"],"picked":"Leap+1","floor":44},{"not_picked":["Go for the Eyes+1","Hologram+1"],"picked":"Armaments+1","floor":47},{"not_picked":["Purity+1","Uppercut"],"picked":"Conserve Battery+1","floor":48}],"player_experience":30881,"relics_obtained":[{"floor":7,"key":"Toxic Egg 2"},{"floor":9,"key":"Happy Flower"},{"floor":11,"key":"War Paint"},{"floor":24,"key":"PreservedInsect"},{"floor":26,"key":"Strawberry"},{"floor":29,"key":"Snake Skull"},{"floor":30,"key":"Juzu Bracelet"},{"floor":40,"key":"Omamori"},{"floor":42,"key":"Gambling Chip"},{"floor":43,"key":"Lantern"},{"floor":45,"key":"Whetstone"}],"event_choices":[{"damage_healed":0,"gold_gain":52,"player_choice":"Gained Gold","damage_taken":0,"max_hp_gain":0,"max_hp_loss":0,"event_name":"Golden Wing","floor":3,"gold_loss":0},{"damage_healed":0,"gold_gain":0,"player_choice":"Box","damage_taken":0,"relics_obtained":["Orichalcum"],"max_hp_gain":0,"max_hp_loss":0,"event_name":"Big Fish","floor":4,"gold_loss":0,"cards_obtained":["Regret"]},{"cards_removed":["Regret"],"damage_healed":0,"gold_gain":0,"player_choice":"Removed Curses","damage_taken":0,"max_hp_gain":0,"max_hp_loss":0,"event_name":"Fountain of Cleansing","floor":14,"gold_loss":0},{"damage_healed":0,"gold_gain":0,"cards_transformed":["Defend_G","Strike_G"],"player_choice":"Became Test Subject","damage_taken":0,"max_hp_gain":0,"max_hp_loss":0,"event_name":"Drug Dealer","floor":20,"gold_loss":0,"cards_obtained":["Infinite Blades","Underhanded Strike"]},{"damage_healed":0,"gold_gain":0,"player_choice":"Read","damage_taken":0,"max_hp_gain":0,"max_hp_loss":0,"event_name":"The Library","floor":22,"gold_loss":0,"cards_obtained":["Outmaneuver"]},{"damage_healed":0,"gold_gain":0,"player_choice":"Memory 3","damage_taken":10,"max_hp_gain":0,"max_hp_loss":0,"event_name":"SensoryStone","floor":37,"gold_loss":0},{"cards_removed":["Tools of the Trade"],"damage_healed":0,"gold_gain":0,"player_choice":"Removed Power","damage_taken":0,"max_hp_gain":0,"max_hp_loss":0,"event_name":"Falling","floor":39,"gold_loss":0},{"damage_healed":0,"gold_gain":0,"player_choice":"Fight","damage_taken":0,"max_hp_gain":0,"max_hp_loss":0,"event_name":"Mysterious Sphere","floor":42,"gold_loss":0}],"is_beta":false,"boss_relics":[{"not_picked":["Sozu","Velvet Choker"],"picked":"Runic Pyramid"},{"not_picked":["Orrery","Calling Bell"],"picked":"Lizard Tail"}],"items_purged_floors":[],"is_endless":false,"potions_floor_spawned":[1,7,16,19,25,29,33,35,38,42],"killed_by":"Awakened One","ascension_level":0}