{"gold_per_floor":[365,365,290,11,25,25,54,54,78,104,114,142,154,176,188,273,285,312,336,358,380,392,404,433,165,165,165,175,203,203,236,236,310,310,327,427,377,388,399,433,446,446,446,85,131,148,183,199,199,199,199,199,52,79,79],"floor_reached":56,"playtime":2591,"items_purged":["Normality","Strike_B","Defend_B","Defend_B"],"score":2061,"play_id":"a4722af7-3fa3-4098-90da-682cf0c7f70f","local_time":"20190309233006","is_ascension_mode":true,"campfire_choices":[{"data":"Doom and Gloom","floor":6.0,"key":"SMITH"},{"data":"Zap","floor":8.0,"key":"SMITH"},{"data":"Self Repair","floor":13.0,"key":"SMITH"},{"data":"Glacier","floor":15.0,"key":"SMITH"},{"data":"Defragment","floor":23.0,"key":"SMITH"},{"data":"Dualcast","floor":27.0,"key":"SMITH"},{"data":"Conserve Battery","floor":32.0,"key":"SMITH"},{"floor":42.0,"key":"RECALL"},{"data":"Hologram","floor":49.0,"key":"SMITH"},{"data":"Hologram","floor":52.0,"key":"SMITH"}],"neow_cost":"CURSE","seed_source_timestamp":1763723713290688,"circlet_count":0,"master_deck":["AscendersBane","Zap+1","Dualcast+1","Cold Snap","Conserve Battery+1","Doom and Gloom+1","Genetic Algorithm","Self Repair+1","Genetic Algorithm+1","Gash","Glacier+1","Compile Driver","All For One","Biased Cognition+1","FTL+1","Thunder Strike+1","Reinforced Body+1","Defragment+1","Gash","Go for the Eyes+1","Ball Lightning+1","Loop+1","Coolheaded+1","Biased Cognition+1","Hologram+1","Static Discharge+1","Hologram+1","Defragment+1"],"special_seed":0,"relics":["Cracked Core","Vajra","Orichalcum","The Courier","MawBank","Astrolabe","OrangePellets","Happy Flower","Frozen Egg 2","Bag of Preparation","Empty Cage","Ice Cream","Pantograph","Question Card","Cables","StoneCalendar","Pocketwatch","Strawberry"],"potions_floor_usage":[55,55],"damage_taken":[{"damage":5.0,"enemies":"2 Louse","floor":1.0,"turns":2.0},{"damage":0.0,"enemies":"Cultist","floor":5.0,"turns":4.0},{"damage":21.0,"enemies":"Lagavulin","floor":7.0,"turns":7.0},{"damage":28.0,"enemies":"Gremlin Nob","floor":10.0,"turns":5.0},{"damage":2.0,"enemies":"Jaw Worm","floor":11.0,"turns":5.0},{"damage":11.0,"enemies":"3 Sentries","floor":12.0,"turns":5.0},{"damage":5.0,"enemies":"Large Slime","floor":14.0,"turns":6.0},{"damage":21.0,"enemies":"Hexaghost","floor":16.0,"turns":13.0},{"damage":0.0,"enemies":"3 Byrds","floor":18.0,"turns":5.0},{"damage":0.0,"enemies":"Spheric Guardian","floor":19.0,"turns":3.0},{"damage":10.0,"enemies":"Shelled Parasite and Fungi","floor":20.0,"turns":7.0},{"damage":0.0,"enemies":"Centurion and Healer","floor":21.0,"turns":6.0},{"damage":11.0,"enemies":"Cultist and Chosen","floor":24.0,"turns":5.0},{"damage":0.0,"enemies":"Chosen and Byrds","floor":28.0,"turns":6.0},{"damage":4.0,"enemies":"Book of Stabbing","floor":29.0,"turns":7.0},{"damage":11.0,"enemies":"Slavers","floor":31.0,"turns":5.0},{"damage":13.0,"enemies":"Collector","floor":33.0,"turns":10.0},{"damage":0.0,"enemies":"3 Shapes","floor":35.0,"turns":5.0},{"damage":7.0,"enemies":"Mind Bloom Boss Battle","floor":36.0,"turns":4.0},{"damage":3.0,"enemies":"3 Darklings","floor":38.0,"turns":4.0},{"damage":15.0,"enemies":"Sphere and 2 Shapes","floor":39.0,"turns":4.0},{"damage":0.0,"enemies":"Nemesis","floor":40.0,"turns":7.0},{"damage":0.0,"enemies":"Jaw Worm Horde","floor":41.0,"turns":4.0},{"damage":31.0,"enemies":"2 Orb Walkers","floor":45.0,"turns":5.0},{"damage":1.0,"enemies":"Spire Growth","floor":46.0,"turns":5.0},{"damage":0.0,"enemies":"Giant Head","floor":47.0,"turns":9.0},{"damage":0.0,"enemies":"3 Darklings","floor":48.0,"turns":4.0},{"damage":4.0,"enemies":"Awakened One","floor":50.0,"turns":12.0},{"damage":31.0,"enemies":"Shield and Spear","floor":54.0,"turns":11.0},{"damage":44,"enemies":"The Heart","floor":55,"turns":9}],"seed_played":"6372095458060460455","potions_obtained":[{"floor":5.0,"key":"Energy Potion"},{"floor":7.0,"key":"FearPotion"},{"floor":12.0,"key":"SkillPotion"},{"floor":16.0,"key":"Swift Potion"},{"floor":19.0,"key":"SkillPotion"},{"floor":21.0,"key":"EssenceOfSteel"},{"floor":24.0,"key":"Dexterity Potion"},{"floor":31.0,"key":"Strength Potion"},{"floor":40.0,"key":"Regen Potion"},{"floor":46.0,"key":"PowerPotion"},{"floor":54.0,"key":"AttackPotion"}],"is_trial":false,"path_per_floor":["M","?","$","$","M","R","E","R","T","E","M","E","R","M","R","B",null,"M","M","M","M","?","R","M","$","T","R","M","E","?","E","R","B",null,"M","?","?","M","M","E","M","R","T","$","?","M","E","M","R","B",null,"R","$","E","B",null],"character_chosen":"DEFECT","items_purchased":["Doom and Gloom","Genetic Algorithm","Self Repair","OrangePellets","Happy Flower","Static Discharge+1","Cables","Defragment+1"],"campfire_rested":0,"item_purchase_floors":[4,4,4,25,25,44,44,53],"current_hp_per_floor":[59,59,59,59,66,66,52,52,52,31,36,32,32,37,37,26,60,70,70,70,70,70,70,59,59,59,59,69,71,71,70,70,67,70,70,63,63,70,55,65,65,65,65,65,44,53,63,71,71,71,71,71,71,72,44],"gold":79,"neow_bonus":"TWO_FIFTY_GOLD","is_prod":false,"is_daily":false,"chose_seed":false,"campfire_upgraded":9,"win_rate":0,"timestamp":1552192206,"path_taken":["M","?","?","$","M","R","E","R","T","E","?","E","R","M","R","BOSS","M","M","?","?","?","R","M","$","T","R","M","E","?","E","R","BOSS","M","?","?","M","?","E","M","R","T","$","?","M","E","M","R","BOSS","R","$","E","BOSS"],"build_version":"2019-02-06","purchased_purges":4,"victory":true,"max_hp_per_floor":[71,71,71,71,71,71,71,71,71,71,71,71,71,71,71,71,71,71,71,71,71,71,71,71,71,71,71,71,71,71,71,71,71,71,71,71,71,71,71,71,71,71,71,71,71,71,71,71,71,71,71,71,71,78,78],"card_choices":[{"not_picked":["Conserve Battery","Rip and Tear"],"picked":"Cold Snap","floor":1.0},{"not_picked":["Sweeping Beam","Stack"],"picked":"Genetic Algorithm","floor":5.0},{"not_picked":["Blizzard","Aggregate"],"picked":"Gash","floor":7.0},{"not_picked":["Melter","Static Discharge","Steam"],"picked":"SKIP","floor":10.0},{"not_picked":["Steam","Auto Shields","Redo"],"picked":"SKIP","floor":11.0},{"not_picked":["Aggregate","Chill"],"picked":"Glacier","floor":12.0},{"not_picked":["Loop","Double Energy"],"picked":"Compile Driver","floor":14.0},{"not_picked":["Fission","Amplify"],"picked":"All For One","floor":16.0},{"not_picked":["Conserve Battery","Rebound+1"],"picked":"Reinforced Body+1","floor":18.0},{"not_picked":["White Noise","Sweeping Beam","Go for the Eyes"],"picked":"SKIP","floor":19.0},{"not_picked":["Steam","Streamline"],"picked":"Defragment","floor":20.0},{"not_picked":["Leap","FTL","Hyperbeam"],"picked":"SKIP","floor":21.0},{"not_picked":["Aggregate","Sunder+1"],"picked":"Gash","floor":24.0},{"not_picked":["Chaos","FTL","Barrage"],"picked":"SKIP","floor":28.0},{"not_picked":["Beam Cell+1","Reprogram"],"picked":"Go for the Eyes+1","floor":29.0},{"not_picked":["Streamline+1","Turbo+1"],"picked":"Ball Lightning","floor":31.0},{"not_picked":["Conserve Battery+1","Consume"],"picked":"Loop+1","floor":35.0},{"not_picked":["Conserve Battery","Force Field"],"picked":"Coolheaded+1","floor":38.0},{"not_picked":["Gash","Hello World+1","Tempest"],"picked":"SKIP","floor":39.0},{"not_picked":["Compile Driver","Redo"],"picked":"Biased Cognition+1","floor":40.0},{"not_picked":["Genetic Algorithm+1","Compile Driver"],"picked":"Hologram","floor":41.0},{"not_picked":["Redo","Doom and Gloom","Beam Cell","Consume"],"picked":"SKIP","floor":46.0},{"not_picked":["Rebound","Amplify","Force Field","Compile Driver+1"],"picked":"SKIP","floor":47.0},{"not_picked":["Beam Cell","Loop+1","Static Discharge+1"],"picked":"Hologram","floor":48.0},{"not_picked":["Hologram","Amplify","Conserve Battery","Go for the Eyes"],"picked":"SKIP","floor":54.0}],"player_experience":2138984,"relics_obtained":[{"floor":7.0,"key":"Vajra"},{"floor":9.0,"key":"Orichalcum"},{"floor":10.0,"key":"The Courier"},{"floor":12.0,"key":"MawBank"},{"floor":29.0,"key":"Frozen Egg 2"},{"floor":31.0,"key":"Bag of Preparation"},{"floor":36.0,"key":"Ice Cream"},{"floor":40.0,"key":"Pantograph"},{"floor":43.0,"key":"Question Card"},{"floor":45.0,"key":"StoneCalendar"},{"floor":47.0,"key":"Pocketwatch"},{"floor":54.0,"key":"Strawberry"}],"event_choices":[{"damage_healed":0.0,"max_hp_gain":0.0,"max_hp_loss":0.0,"gold_gain":0.0,"event_name":"Match and Keep!","player_choice":"1 cards matched","floor":2.0,"gold_loss":0.0,"damage_taken":0.0,"cards_obtained":["Conserve Battery"]},{"damage_healed":0.0,"max_hp_gain":0.0,"max_hp_loss":0.0,"gold_gain":0.0,"event_name":"The Mausoleum","player_choice":"Ignored","floor":22.0,"gold_loss":0.0,"damage_taken":0.0},{"damage_healed":0.0,"max_hp_gain":0.0,"max_hp_loss":0.0,"gold_gain":0.0,"event_name":"Cursed Tome","player_choice":"Ignored","floor":30.0,"gold_loss":0.0,"damage_taken":0.0},{"damage_healed":0.0,"max_hp_gain":0.0,"max_hp_loss":0.0,"gold_gain":0.0,"event_name":"MindBloom","player_choice":"Fight","floor":36.0,"gold_loss":0.0,"damage_taken":0.0},{"damage_healed":0.0,"max_hp_gain":0.0,"max_hp_loss":0.0,"gold_gain":0.0,"event_name":"Designer","player_choice":"Upgraded Two","floor":37.0,"gold_loss":50.0,"damage_taken":0.0,"cards_upgraded":["Ball Lightning","Genetic Algorithm"]},{"damage_healed":0.0,"max_hp_gain":0.0,"max_hp_loss":0.0,"gold_gain":0.0,"event_name":"Mysterious Sphere","player_choice":"Fight","floor":45.0,"gold_loss":0.0,"damage_taken":0.0}],"is_beta":true,"boss_relics":[{"not_picked":["Fusion Hammer","Philosopher\u0027s Stone"],"picked":"Astrolabe"},{"not_picked":["Tiny House","FrozenCore"],"picked":"Empty Cage"}],"items_purged_floors":[3,4,44,53],"is_endless":false,"potions_floor_spawned":[5,7,12,16,19,21,24,31,35,40,41,46,48,54],"ascension_level":15}