{"gold_per_floor":[214,230,245,10,10,10,40,40,86,86,261,261,274,82,82,184,184,199,199,229,242,86,86,104,104,129,66,76,76,76,76,76,181,181,192,207,105,118,118],"floor_reached":39,"playtime":3287,"items_purged":["Strike_R","Doubt","Armaments+1"],"score":566,"play_id":"f0dde7cd-b360-409d-886a-bc875bd06715","local_time":"20190130010336","is_ascension_mode":true,"campfire_choices":[{"floor":6,"key":"REST"},{"floor":10,"key":"REST"},{"data":"Bash","floor":12,"key":"SMITH"},{"data":"Flex","floor":15,"key":"SMITH"},{"data":"Whirlwind","floor":23,"key":"SMITH"},{"data":"Discovery","floor":25,"key":"SMITH"},{"data":"Metallicize","floor":32,"key":"SMITH"}],"neow_cost":"NONE","seed_source_timestamp":215234101857051,"circlet_count":0,"master_deck":["AscendersBane","Strike_R+1","Strike_R+1","Strike_R+1","Defend_R+1","Defend_R+1","Defend_R+1","Defend_R+1","Bash+1","Shrug It Off+1","Battle Trance","Flex+1","Whirlwind+1","Offering","Headbutt+1","Infernal Blade+1","Discovery+1","Master of Strategy","Metallicize+1","Pommel Strike","Feed","Thunderclap+1","Steam+1"],"relics":["Black Blood","Membership Card","Oddly Smooth Stone","Ancient Tea Set","Pen Nib","Red Mask","Bag of Preparation","MutagenicStrength","Self Forming Clay","Empty Cage","PrismaticShard"],"potions_floor_usage":[16,20,33,33],"damage_taken":[{"damage":13,"enemies":"Small Slimes","floor":1,"turns":4},{"damage":1,"enemies":"2 Louse","floor":2,"turns":4},{"damage":23,"enemies":"Jaw Worm","floor":3,"turns":6},{"damage":33,"enemies":"3 Sentries","floor":7,"turns":13},{"damage":0,"enemies":"3 Louse","floor":13,"turns":5},{"damage":35,"enemies":"Hexaghost","floor":16,"turns":9},{"damage":6,"enemies":"3 Byrds","floor":18,"turns":3},{"damage":26,"enemies":"Masked Bandits","floor":20,"turns":6},{"damage":6,"enemies":"2 Thieves","floor":21,"turns":3},{"damage":12,"enemies":"Snake Plant","floor":24,"turns":6},{"damage":0,"enemies":"3 Cultists","floor":28,"turns":5},{"damage":30,"enemies":"Automaton","floor":33,"turns":8},{"damage":0,"enemies":"Orb Walker","floor":35,"turns":1},{"damage":8,"enemies":"3 Darklings","floor":36,"turns":2},{"damage":49,"enemies":"Writhing Mass","floor":38,"turns":3},{"damage":48,"enemies":"Transient","floor":39,"turns":5}],"seed_played":"-4621978405970800230","potions_obtained":[{"floor":1,"key":"Strength Potion"},{"floor":2,"key":"LiquidBronze"},{"floor":7,"key":"SpeedPotion"},{"floor":16,"key":"AttackPotion"},{"floor":21,"key":"FearPotion"},{"floor":28,"key":"SteroidPotion"},{"floor":35,"key":"SteroidPotion"}],"is_trial":false,"path_per_floor":["M","M","M","$","?","R","E","?","T","R","?","R","M","$","R","B",null,"M","?","?","M","$","R","M","R","T","$","M","?","?","T","R","B",null,"M","M","$","M","M"],"character_chosen":"IRONCLAD","items_purchased":["Membership Card","Whirlwind","Pen Nib","SkillPotion","Discovery","Master of Strategy","Metallicize","PrismaticShard"],"campfire_rested":2,"item_purchase_floors":[4,14,14,14,22,22,22,37],"current_hp_per_floor":[65,70,53,53,37,61,34,27,27,51,51,51,57,57,57,28,67,71,71,55,59,59,59,57,57,57,57,67,67,67,67,67,47,72,80,80,80,41,0],"gold":118,"neow_bonus":"HUNDRED_GOLD","is_prod":false,"is_daily":false,"chose_seed":false,"campfire_upgraded":5,"win_rate":0,"timestamp":1548806616,"path_taken":["M","M","M","$","?","R","E","?","T","R","?","R","M","$","R","BOSS","M","?","?","?","?","R","?","R","T","$","M","?","?","?","R","BOSS","M","M","$","M","M"],"build_version":"2019-01-23","purchased_purges":3,"victory":false,"max_hp_per_floor":[80,80,80,80,80,80,80,80,80,80,80,80,80,80,80,80,80,80,80,80,80,80,80,80,80,80,80,80,80,80,80,80,80,80,80,80,80,80,80],"card_choices":[{"not_picked":["Power Through","Pummel"],"picked":"Shrug It Off","floor":1},{"not_picked":["Carnage","Sword Boomerang"],"picked":"Dual Wield","floor":2},{"not_picked":["Clothesline","Seeing Red"],"picked":"Armaments","floor":3},{"not_picked":["Havoc","Feel No Pain"],"picked":"Battle Trance","floor":7},{"not_picked":["Ghostly Armor","Anger"],"picked":"Flex","floor":13},{"not_picked":["Exhume","Brutality"],"picked":"Offering","floor":16},{"not_picked":["Bloodletting","Fire Breathing+1"],"picked":"Headbutt+1","floor":18},{"not_picked":["Power Through+1","Dropkick"],"picked":"Infernal Blade+1","floor":20},{"not_picked":["Cleave","Dual Wield"],"picked":"Thunderclap","floor":21},{"not_picked":["Second Wind","Pommel Strike+1","Power Through"],"picked":"SKIP","floor":24},{"not_picked":["Hemokinesis","Pommel Strike","Rupture+1"],"picked":"SKIP","floor":28},{"not_picked":["Fiend Fire","Barricade"],"picked":"Feed","floor":33},{"not_picked":["Anger","Headbutt"],"picked":"Thunderclap+1","floor":35},{"not_picked":["Hemokinesis","Cleave+1","Clash+1"],"picked":"SKIP","floor":36},{"not_picked":["Bloodletting+1","Slice"],"picked":"Steam+1","floor":38}],"player_experience":188877,"relics_obtained":[{"floor":7,"key":"Oddly Smooth Stone"},{"floor":9,"key":"Ancient Tea Set"},{"floor":20,"key":"Red Mask"},{"floor":26,"key":"Bag of Preparation"},{"floor":31,"key":"Self Forming Clay"}],"event_choices":[{"damage_healed":0,"gold_gain":0,"player_choice":"Entered Light","damage_taken":16,"max_hp_gain":0,"max_hp_loss":0,"event_name":"Shining Light","floor":5,"gold_loss":0,"cards_upgraded":["Armaments","Shrug It Off"]},{"cards_removed":["Dual Wield"],"damage_healed":0,"gold_gain":0,"player_choice":"Card Removal","damage_taken":7,"max_hp_gain":0,"max_hp_loss":0,"event_name":"Golden Wing","floor":8,"gold_loss":0},{"damage_healed":0,"gold_gain":175,"player_choice":"AGREE","damage_taken":0,"max_hp_gain":0,"max_hp_loss":0,"event_name":"Liars Game","floor":11,"gold_loss":0,"cards_obtained":["Doubt"]},{"damage_healed":0,"gold_gain":0,"player_choice":"Simplicity","damage_taken":0,"max_hp_gain":0,"max_hp_loss":0,"event_name":"Back to Basics","floor":19,"gold_loss":0,"cards_upgraded":["Strike_R","Strike_R","Strike_R","Strike_R","Defend_R","Defend_R","Defend_R","Defend_R"]},{"damage_healed":0,"gold_gain":0,"player_choice":"Fought Bandits","damage_taken":0,"max_hp_gain":0,"max_hp_loss":0,"event_name":"Masked Bandits","floor":20,"gold_loss":0},{"damage_healed":0,"gold_gain":0,"player_choice":"Read","damage_taken":0,"max_hp_gain":0,"max_hp_loss":0,"event_name":"The Library","floor":29,"gold_loss":0,"cards_obtained":["Pommel Strike"]},{"damage_healed":0,"gold_gain":0,"player_choice":"Inject Mutagens","damage_taken":0,"relics_obtained":["MutagenicStrength"],"max_hp_gain":0,"max_hp_loss":0,"event_name":"Drug Dealer","floor":30,"gold_loss":0}],"is_beta":false,"boss_relics":[{"not_picked":["Busted Crown","Astrolabe"],"picked":"Black Blood"},{"not_picked":["White Beast Statue","Velvet Choker"],"picked":"Empty Cage"}],"items_purged_floors":[4,14,27],"is_endless":false,"potions_floor_spawned":[1,2,7,16,18,21,28,35],"killed_by":"Transient","ascension_level":10}