{"gold_per_floor":[112,112,127,52,72,87,87,121,198,215,215,215,226,238,238,310,310,328,328,340,47,58,58,75,75,75,75,75,75,108,118,118,192,192,203,153,205,205,1204,1204,1223,1235,1284,1311,775,755,755,767,767,767,767,767,10,37,37],"floor_reached":55,"playtime":1438,"items_purged":["Shame","Decay","Strike_B","Normality","Strike_B"],"score":1217,"play_id":"e3047e60-2cd3-4688-8f6e-6ef2a16c9321","local_time":"20190312231436","is_ascension_mode":true,"campfire_choices":[{"data":"Zap","floor":7.0,"key":"SMITH"},{"floor":12.0,"key":"REST"},{"floor":15.0,"key":"REST"},{"floor":23.0,"key":"REST"},{"floor":25.0,"key":"REST"},{"data":"Undo","floor":27.0,"key":"SMITH"},{"floor":32.0,"key":"REST"},{"floor":40.0,"key":"REST"},{"floor":47.0,"key":"REST"},{"floor":49.0,"key":"RECALL"},{"floor":52.0,"key":"REST"}],"neow_cost":"NONE","seed_source_timestamp":2019646771542973,"circlet_count":0,"master_deck":["AscendersBane","Defend_B","Defend_B","Defend_B","Defend_B","Zap+1","Dualcast","Clumsy","Undo+1","Sweeping Beam","Sweeping Beam","Electrodynamics+1","Loop+1","Capacitor+1","Conserve Battery","Biased Cognition+1","Coolheaded","Loop+1","Coolheaded","Biased Cognition+1","Static Discharge+1","Go for the Eyes+1","Sweeping Beam","Barrage","Biased Cognition+1","Stack+1","Buffer+1","Storm+1","Normality","Defragment+1","Undo","Seek","Dark Shackles","Static Discharge+1","Seek","Thinking Ahead","Chill"],"special_seed":0,"relics":["Calling Bell","Art of War","Frozen Egg 2","Calipers","Emotion Chip","Bottled Tornado","Orrery","Happy Flower","Smiling Mask","Velvet Choker","Torii","Bag of Marbles","Meat on the Bone","Cables","Medical Kit","Symbiotic Virus"],"potions_floor_usage":[],"damage_taken":[{"damage":13.0,"enemies":"Jaw Worm","floor":1.0,"turns":5.0},{"damage":0.0,"enemies":"Small Slimes","floor":3.0,"turns":3.0},{"damage":6.0,"enemies":"Cultist","floor":5.0,"turns":4.0},{"damage":2.0,"enemies":"Looter","floor":6.0,"turns":4.0},{"damage":37.0,"enemies":"Gremlin Nob","floor":8.0,"turns":5.0},{"damage":5.0,"enemies":"Lots of Slimes","floor":10.0,"turns":2.0},{"damage":6.0,"enemies":"2 Fungi Beasts","floor":13.0,"turns":2.0},{"damage":2.0,"enemies":"Exordium Wildlife","floor":14.0,"turns":2.0},{"damage":33.0,"enemies":"The Guardian","floor":16.0,"turns":8.0},{"damage":14.0,"enemies":"3 Byrds","floor":18.0,"turns":2.0},{"damage":7.0,"enemies":"Chosen","floor":20.0,"turns":3.0},{"damage":8.0,"enemies":"Centurion and Healer","floor":22.0,"turns":5.0},{"damage":10.0,"enemies":"Cultist and Chosen","floor":24.0,"turns":5.0},{"damage":20.0,"enemies":"Book of Stabbing","floor":30.0,"turns":3.0},{"damage":2.0,"enemies":"Snecko","floor":31.0,"turns":3.0},{"damage":9.0,"enemies":"Collector","floor":33.0,"turns":6.0},{"damage":15.0,"enemies":"3 Shapes","floor":35.0,"turns":2.0},{"damage":22.0,"enemies":"2 Orb Walkers","floor":37.0,"turns":2.0},{"damage":6.0,"enemies":"Orb Walker","floor":41.0,"turns":2.0},{"damage":7.0,"enemies":"Writhing Mass","floor":42.0,"turns":6.0},{"damage":25.0,"enemies":"Reptomancer","floor":44.0,"turns":5.0},{"damage":0.0,"enemies":"Maw","floor":48.0,"turns":5.0},{"damage":24.0,"enemies":"Time Eater","floor":50.0,"turns":7.0},{"damage":33,"enemies":"Shield and Spear","floor":54,"turns":2},{"damage":54,"enemies":"The Heart","floor":55,"turns":2}],"seed_played":"-738724221767211591","potions_obtained":[{"floor":1.0,"key":"LiquidBronze"},{"floor":3.0,"key":"LiquidBronze"},{"floor":13.0,"key":"Block Potion"},{"floor":16.0,"key":"AttackPotion"},{"floor":33.0,"key":"GamblersBrew"},{"floor":42.0,"key":"FearPotion"},{"floor":44.0,"key":"Explosive Potion"},{"floor":54,"key":"EssenceOfSteel"}],"is_trial":false,"path_per_floor":["M","?","M","$","M","M","R","E","T","M","?","R","M","M","R","B",null,"M","?","M","$","M","R","M","R","T","R","$","?","E","M","R","B",null,"M","$","?","?","?","R","M","M","T","E","$","?","R","M","R","B",null,"R","$","E","B"],"character_chosen":"DEFECT","items_purchased":["Happy Flower","Weak Potion","Defragment+1","Undo","Ancient Potion","Cables","PowerPotion","Medical Kit","Dark Shackles","Static Discharge+1","Seek","Thinking Ahead"],"campfire_rested":8,"item_purchase_floors":[21,21,45,45,45,45,45,53,53,53,53,53],"current_hp_per_floor":[51,51,51,51,45,43,43,6,6,1,1,22,16,14,35,2,54,40,40,33,33,25,46,36,57,57,57,57,57,37,35,56,47,65,50,50,28,28,28,48,42,35,35,10,10,10,30,42,42,30,58,67,67,34,0],"gold":37,"neow_bonus":"BOSS_RELIC","is_prod":false,"is_daily":false,"chose_seed":false,"campfire_upgraded":2,"win_rate":0,"timestamp":1552446876,"path_taken":["M","?","M","$","M","M","R","E","T","M","?","R","M","?","R","BOSS","M","?","M","$","?","R","M","R","T","R","$","?","E","M","R","BOSS","M","$","?","?","?","R","M","M","T","E","$","?","R","M","R","BOSS","R","$","E","BOSS"],"build_version":"2019-02-06","purchased_purges":5,"victory":false,"max_hp_per_floor":[71,71,71,71,71,71,71,71,71,71,71,71,71,71,71,71,71,71,71,71,71,71,71,71,71,71,71,71,71,71,71,71,71,71,71,71,71,67,67,67,67,67,67,67,67,67,67,67,67,67,67,67,67,67,67],"card_choices":[{"not_picked":["Skim","Streamline"],"picked":"Undo","floor":1.0},{"not_picked":["Redo","Tempest","Stack"],"picked":"SKIP","floor":3.0},{"not_picked":["Sunder","Turbo"],"picked":"Sweeping Beam","floor":5.0},{"not_picked":["Turbo","Steam"],"picked":"Sweeping Beam","floor":6.0},{"not_picked":["Tempest","Compile Driver"],"picked":"Electrodynamics+1","floor":8.0},{"not_picked":["Cold Snap","Conserve Battery"],"picked":"Loop+1","floor":10.0},{"not_picked":["Barrage","BootSequence"],"picked":"Capacitor+1","floor":13.0},{"not_picked":["Stack","Gash"],"picked":"Conserve Battery","floor":14.0},{"not_picked":["Electrodynamics+1","Creative AI+1"],"picked":"Biased Cognition+1","floor":16.0},{"not_picked":["Redo","Reprogram"],"picked":"Coolheaded","floor":17.0},{"not_picked":["Sweeping Beam","Go for the Eyes"],"picked":"Loop+1","floor":17.0},{"not_picked":["Turbo","Loop+1"],"picked":"Coolheaded","floor":18.0},{"not_picked":["Cold Snap","Heatsinks+1"],"picked":"Static Discharge+1","floor":20.0},{"not_picked":["Gash","Recycle"],"picked":"Go for the Eyes+1","floor":22.0},{"not_picked":["Gash","Doom and Gloom+1","Blizzard"],"picked":"SKIP","floor":24.0},{"not_picked":["Storm+1","Genetic Algorithm"],"picked":"Biased Cognition+1","floor":30.0},{"not_picked":["Darkness","Ball Lightning"],"picked":"Stack+1","floor":31.0},{"not_picked":["Thunder Strike","Creative AI+1"],"picked":"Buffer+1","floor":33.0},{"not_picked":["Turbo","Conserve Battery","Loop+1"],"picked":"SKIP","floor":35.0},{"not_picked":["Static Discharge+1","Coolheaded"],"picked":"Storm+1","floor":37.0},{"not_picked":["Streamline+1","Gash+1","Storm+1"],"picked":"SKIP","floor":41.0},{"not_picked":["Cold Snap","Steam","Barrage"],"picked":"SKIP","floor":42.0},{"not_picked":["Reprogram","Ball Lightning","Darkness"],"picked":"SKIP","floor":44.0},{"not_picked":["Force Field","Cold Snap"],"picked":"Seek","floor":48.0},{"not_picked":["Barrage","FTL"],"picked":"Chill","floor":54}],"player_experience":2157728,"relics_obtained":[{"floor":0.0,"key":"Art of War"},{"floor":0.0,"key":"Frozen Egg 2"},{"floor":0.0,"key":"Calipers"},{"floor":8.0,"key":"Emotion Chip"},{"floor":9.0,"key":"Bottled Tornado"},{"floor":30.0,"key":"Smiling Mask"},{"floor":37.0,"key":"Torii"},{"floor":43.0,"key":"Bag of Marbles"},{"floor":44.0,"key":"Meat on the Bone"},{"floor":54,"key":"Symbiotic Virus"}],"event_choices":[{"cards_removed":["Decay"],"damage_healed":0.0,"max_hp_gain":0.0,"max_hp_loss":0.0,"gold_gain":0.0,"event_name":"Living Wall","player_choice":"Forget","floor":2.0,"gold_loss":0.0,"damage_taken":0.0},{"damage_healed":0.0,"max_hp_gain":0.0,"max_hp_loss":0.0,"gold_gain":0.0,"event_name":"Wheel of Change","player_choice":"Cursed","floor":11.0,"gold_loss":0.0,"damage_taken":0.0,"cards_obtained":["Decay"]},{"damage_healed":0.0,"max_hp_gain":0.0,"max_hp_loss":0.0,"gold_gain":0.0,"event_name":"Match and Keep!","player_choice":"1 cards matched","floor":19.0,"gold_loss":0.0,"damage_taken":0.0,"cards_obtained":["Biased Cognition"]},{"damage_healed":0.0,"max_hp_gain":0.0,"max_hp_loss":0.0,"gold_gain":0.0,"cards_transformed":["Strike_B","Strike_B"],"event_name":"Drug Dealer","player_choice":"Became Test Subject","floor":29.0,"gold_loss":0.0,"damage_taken":0.0,"cards_obtained":["Sweeping Beam","Barrage"]},{"damage_healed":0.0,"max_hp_gain":0.0,"max_hp_loss":0.0,"gold_gain":0.0,"event_name":"Mysterious Sphere","player_choice":"Fight","floor":37.0,"gold_loss":0.0,"damage_taken":0.0},{"damage_healed":0.0,"max_hp_gain":0.0,"max_hp_loss":4.0,"gold_gain":0.0,"event_name":"Winding Halls","player_choice":"Max HP","floor":38.0,"gold_loss":0.0,"damage_taken":0.0},{"damage_healed":0.0,"max_hp_gain":0.0,"max_hp_loss":0.0,"gold_gain":999.0,"event_name":"MindBloom","player_choice":"Gold","floor":39.0,"gold_loss":0.0,"damage_taken":0.0,"cards_obtained":["Normality","Normality"]},{"damage_healed":0.0,"max_hp_gain":0.0,"max_hp_loss":0.0,"gold_gain":0.0,"event_name":"The Woman in Blue","player_choice":"Bought 1 Potion","floor":46.0,"gold_loss":0.0,"damage_taken":0.0}],"is_beta":true,"boss_relics":[{"not_picked":["Lizard Tail","Busted Crown"],"picked":"Orrery"},{"not_picked":["Cursed Key","Astrolabe"],"picked":"Velvet Choker"}],"items_purged_floors":[4,21,36,45,53],"is_endless":false,"potions_floor_spawned":[1,3,5,13,16,22,33,35,42,44,54],"killed_by":"The Heart","ascension_level":15}