{"gold_per_floor":[117,117,129,140,140,140,157,157,183,183,183,208,71,97,97,169,169,187,187,34,34,34,90,90,108,133,161,211,211,211,211],"floor_reached":31,"playtime":845,"items_purged":["Strike_B"],"score":485,"play_id":"37c1271d-9e9d-4eee-a84a-aa89349ab8bf","local_time":"20190128194219","is_ascension_mode":true,"campfire_choices":[{"data":"Defragment","floor":6.0,"key":"SMITH"},{"data":"Zap","floor":8.0,"key":"SMITH"},{"floor":15.0,"key":"REST"},{"data":"Defragment","floor":24,"key":"SMITH"}],"neow_cost":"NONE","seed_source_timestamp":0,"circlet_count":0,"master_deck":["AscendersBane","Strike_B","Defend_B","Defend_B","Defend_B","Defend_B","Zap+1","Dualcast","Defragment+1","Sweeping Beam+1","Ball Lightning","Undo","Defragment+1","Biased Cognition","Conserve Battery","All For One","Genetic Algorithm","Darkness","Decay"],"special_seed":0,"relics":["Cracked Core","Juzu Bracelet","Boot","Mummified Hand","Snecko Eye","Pen Nib","Emotion Chip","Tiny Chest","Oddly Smooth Stone","Potion Belt"],"potions_floor_usage":[],"damage_taken":[{"damage":1.0,"enemies":"Cultist","floor":1.0,"turns":3.0},{"damage":2.0,"enemies":"Jaw Worm","floor":3.0,"turns":3.0},{"damage":0.0,"enemies":"2 Louse","floor":4.0,"turns":3.0},{"damage":9.0,"enemies":"Red Slaver","floor":7.0,"turns":3.0},{"damage":21.0,"enemies":"Gremlin Nob","floor":12.0,"turns":4.0},{"damage":22.0,"enemies":"3 Sentries","floor":14.0,"turns":6.0},{"damage":13.0,"enemies":"The Guardian","floor":16.0,"turns":10.0},{"damage":9.0,"enemies":"2 Thieves","floor":18.0,"turns":4.0},{"damage":15,"enemies":"Gremlin Leader","floor":23,"turns":6},{"damage":7,"enemies":"Chosen","floor":25,"turns":4},{"damage":23,"enemies":"Slavers","floor":27,"turns":3},{"damage":28,"enemies":"Book of Stabbing","floor":31,"turns":3}],"seed_played":"-4775865836069304870","potions_obtained":[{"floor":3.0,"key":"Block Potion"},{"floor":4.0,"key":"LiquidBronze"},{"floor":14.0,"key":"Explosive Potion"},{"floor":16.0,"key":"Block Potion"},{"floor":23,"key":"FocusPotion"}],"is_trial":false,"path_per_floor":["M","?","M","M","?","R","M","R","T","?","?","E","$","E","R","B",null,"M","?","$","T","?","E","R","M","T","E","?","?","?","E"],"character_chosen":"DEFECT","items_purchased":["Undo","Defragment","All For One"],"campfire_rested":1,"item_purchase_floors":[13,13,20],"current_hp_per_floor":[70,63,61,61,61,61,52,52,52,52,52,31,31,9,32,19,63,54,54,54,54,54,39,39,32,32,9,9,9,9,0],"gold":211,"neow_bonus":"TEN_PERCENT_HP_BONUS","is_prod":false,"is_daily":false,"chose_seed":false,"campfire_upgraded":3,"win_rate":0,"timestamp":1548722539,"path_taken":["M","?","M","M","?","R","M","R","T","?","?","E","$","E","R","BOSS","M","?","$","?","?","E","R","M","T","E","?","?","?","E"],"build_version":"2019-01-23","purchased_purges":1,"victory":false,"max_hp_per_floor":[78,78,78,78,78,78,78,78,78,78,78,78,78,78,78,78,78,78,78,78,78,78,78,78,78,78,78,78,78,78,78],"card_choices":[{"not_picked":["Leap","Turbo"],"picked":"Defragment","floor":1.0},{"not_picked":["Tempest","Beam Cell","Go for the Eyes"],"picked":"SKIP","floor":3.0},{"not_picked":["Redo","Steam"],"picked":"Sweeping Beam","floor":4.0},{"not_picked":["Turbo","Rip and Tear","Consume"],"picked":"SKIP","floor":7.0},{"not_picked":["Conserve Battery","Coolheaded"],"picked":"Ball Lightning","floor":12.0},{"not_picked":["Gash","Reprogram","Auto Shields"],"picked":"SKIP","floor":14.0},{"not_picked":["Fission","Machine Learning"],"picked":"Biased Cognition","floor":16.0},{"not_picked":["Melter","Cold Snap"],"picked":"Conserve Battery","floor":18.0},{"not_picked":["Ball Lightning","Turbo"],"picked":"Genetic Algorithm","floor":23},{"not_picked":["Leap","White Noise+1","Barrage+1"],"picked":"SKIP","floor":25},{"not_picked":["Go for the Eyes","Gash"],"picked":"Darkness","floor":27}],"player_experience":1900112,"relics_obtained":[{"floor":9.0,"key":"Juzu Bracelet"},{"floor":12.0,"key":"Boot"},{"floor":14.0,"key":"Mummified Hand"},{"floor":22,"key":"Emotion Chip"},{"floor":23,"key":"Tiny Chest"},{"floor":26,"key":"Oddly Smooth Stone"},{"floor":27,"key":"Potion Belt"}],"event_choices":[{"cards_removed":["Strike_B"],"damage_healed":0.0,"max_hp_gain":0.0,"max_hp_loss":0.0,"gold_gain":0.0,"event_name":"Golden Wing","player_choice":"Card Removal","floor":2.0,"gold_loss":0.0,"damage_taken":7.0},{"damage_healed":0.0,"max_hp_gain":0.0,"max_hp_loss":0.0,"gold_gain":0.0,"event_name":"Liars Game","player_choice":"Ignored","floor":5.0,"gold_loss":0.0,"damage_taken":0.0},{"cards_removed":["Strike_B"],"damage_healed":0.0,"max_hp_gain":0.0,"max_hp_loss":0.0,"gold_gain":0.0,"event_name":"Bonfire Elementals","player_choice":"Offered Basic","floor":10.0,"gold_loss":0.0,"damage_taken":0.0},{"damage_healed":0.0,"max_hp_gain":0.0,"max_hp_loss":0.0,"gold_gain":0.0,"event_name":"Upgrade Shrine","player_choice":"Upgraded","floor":11.0,"gold_loss":0.0,"damage_taken":0.0,"cards_upgraded":["Sweeping Beam"]},{"damage_healed":0.0,"max_hp_gain":0.0,"max_hp_loss":0.0,"gold_gain":0.0,"event_name":"WeMeetAgain","player_choice":"Gave Potion","floor":19.0,"gold_loss":0.0,"damage_taken":0.0,"relics_obtained":["Pen Nib"]},{"damage_healed":0,"gold_gain":0,"player_choice":"Relic","damage_taken":0,"max_hp_gain":0,"max_hp_loss":0,"event_name":"Wheel of Change","floor":22,"gold_loss":0},{"damage_healed":0,"gold_gain":50,"player_choice":"Stole From Cult","damage_taken":0,"max_hp_gain":0,"max_hp_loss":0,"event_name":"Nest","floor":28,"gold_loss":0},{"damage_healed":0,"gold_gain":0,"player_choice":"Smashed Altar","damage_taken":0,"max_hp_gain":0,"max_hp_loss":0,"event_name":"Forgotten Altar","floor":29,"gold_loss":0,"cards_obtained":["Decay"]},{"damage_healed":0,"gold_gain":0,"player_choice":"Ignored","damage_taken":0,"max_hp_gain":0,"max_hp_loss":0,"event_name":"Vampires","floor":30,"gold_loss":0}],"is_beta":true,"boss_relics":[{"not_picked":["Tiny House","Cursed Key"],"picked":"Snecko Eye"}],"items_purged_floors":[20],"is_endless":false,"potions_floor_spawned":[3,4,14,16,23],"killed_by":"Book of Stabbing","ascension_level":15}