{"gold_per_floor":[110,110,129,41,51,79,79,114,114,124,157,82,95,120,120,195,195,207,257,271,16,29,57,68,103,103,103,120,151,151,151,151,227,227,245,1244,973,973,973,973,986,1012,1024,1047,321,398,398,428,428,428,428,428,90,117,117],"floor_reached":56,"playtime":2234,"items_purged":["Strike_B","Strike_B","Normality","Normality","Thunder Strike+1"],"score":2016,"play_id":"7c6f4a83-7f25-4fef-b2a2-f7b5189732bf","local_time":"20190221000808","is_ascension_mode":true,"campfire_choices":[{"data":"Ball Lightning","floor":7.0,"key":"SMITH"},{"data":"Zap","floor":15.0,"key":"SMITH"},{"data":"Buffer","floor":27.0,"key":"SMITH"},{"floor":30.0,"key":"REST"},{"data":"Loop","floor":32.0,"key":"SMITH"},{"data":"Darkness","floor":40.0,"key":"SMITH"},{"floor":47.0,"key":"RECALL"},{"data":"Defragment","floor":49.0,"key":"SMITH"},{"data":"Biased Cognition","floor":52.0,"key":"SMITH"}],"neow_cost":"NONE","seed_source_timestamp":297568029414141,"circlet_count":0,"master_deck":["AscendersBane","Defend_B+1","Defend_B","Defend_B","Defend_B","Dualcast+1","Sweeping Beam","Glacier","Ball Lightning+1","Self Repair","BootSequence","Doom and Gloom","FTL","Loop+1","Hologram","Electrodynamics","Buffer+1","Chill","Skim","Chill+1","Conserve Battery","Darkness+1","Compile Driver","Biased Cognition+1","Core Surge","Doom and Gloom+1","Multi-Cast+1","Genetic Algorithm","Glacier","Defragment+1","Glacier","Fission","Hologram+1","Loop+1"],"special_seed":0,"relics":["Cracked Core","NeowsBlessing","Blood Vial","Ginger","Symbiotic Virus","Prayer Wheel","Dream Catcher","Velvet Choker","Bronze Scales","War Paint","Du-Vu Doll","Lantern","Centennial Puzzle","Astrolabe","Bag of Preparation","Bird Faced Urn","MawBank","Ornamental Fan","Bottled Flame","The Courier","Mummified Hand","Pantograph","Orichalcum"],"potions_floor_usage":[55,55],"damage_taken":[{"damage":0.0,"enemies":"2 Louse","floor":1.0,"turns":1.0},{"damage":0.0,"enemies":"Cultist","floor":3.0,"turns":1.0},{"damage":0.0,"enemies":"Jaw Worm","floor":5.0,"turns":1.0},{"damage":9.0,"enemies":"Lagavulin","floor":6.0,"turns":7.0},{"damage":26.0,"enemies":"3 Sentries","floor":8.0,"turns":11.0},{"damage":13.0,"enemies":"Blue Slaver","floor":10.0,"turns":3.0},{"damage":9.0,"enemies":"Lagavulin","floor":11.0,"turns":6.0},{"damage":8.0,"enemies":"Exordium Wildlife","floor":13.0,"turns":2.0},{"damage":8.0,"enemies":"Gremlin Nob","floor":14.0,"turns":3.0},{"damage":5.0,"enemies":"Slime Boss","floor":16.0,"turns":6.0},{"damage":2.0,"enemies":"3 Byrds","floor":18.0,"turns":4.0},{"damage":10.0,"enemies":"2 Thieves","floor":20.0,"turns":3.0},{"damage":18.0,"enemies":"Snake Plant","floor":22.0,"turns":5.0},{"damage":20.0,"enemies":"Gremlin Leader","floor":23.0,"turns":6.0},{"damage":0.0,"enemies":"Sentry and Sphere","floor":24.0,"turns":5.0},{"damage":17.0,"enemies":"Book of Stabbing","floor":25.0,"turns":5.0},{"damage":9.0,"enemies":"Snecko","floor":28.0,"turns":5.0},{"damage":12.0,"enemies":"Slavers","floor":29.0,"turns":4.0},{"damage":21.0,"enemies":"Collector","floor":33.0,"turns":10.0},{"damage":0.0,"enemies":"Orb Walker","floor":35.0,"turns":4.0},{"damage":0.0,"enemies":"3 Darklings","floor":41.0,"turns":8.0},{"damage":20.0,"enemies":"Giant Head","floor":42.0,"turns":10.0},{"damage":2.0,"enemies":"Jaw Worm Horde","floor":44.0,"turns":2.0},{"damage":17.0,"enemies":"Reptomancer","floor":48.0,"turns":7.0},{"damage":5.0,"enemies":"Awakened One","floor":50.0,"turns":18.0},{"damage":4.0,"enemies":"Shield and Spear","floor":54.0,"turns":5.0},{"damage":20,"enemies":"The Heart","floor":55,"turns":10}],"seed_played":"61644163471757917","potions_obtained":[{"floor":5.0,"key":"FearPotion"},{"floor":8.0,"key":"Swift Potion"},{"floor":16.0,"key":"Ancient Potion"},{"floor":20.0,"key":"Dexterity Potion"},{"floor":35.0,"key":"SkillPotion"},{"floor":42.0,"key":"LiquidBronze"}],"is_trial":false,"path_per_floor":["M","?","M","$","M","E","R","E","T","M","E","$","M","E","R","B",null,"M","?","M","$","M","E","M","E","T","R","M","E","R","$","R","B",null,"M","?","$","?","T","R","M","E","T","M","$","T","R","E","R","B",null,"R","$","E","B",null],"character_chosen":"DEFECT","items_purchased":["Ball Lightning","Self Repair","Bronze Scales","Bag of Preparation","Fission","Ornamental Fan","Bottled Flame","Pantograph"],"campfire_rested":1,"item_purchase_floors":[4,4,21,37,45,45,45,53],"current_hp_per_floor":[64,71,71,71,71,69,69,52,52,41,41,41,42,43,43,40,63,70,70,61,61,52,41,50,35,35,35,35,25,46,46,46,34,62,71,71,71,71,71,71,71,58,58,62,62,62,62,55,55,69,71,71,71,71,63],"gold":117,"neow_bonus":"THREE_ENEMY_KILL","is_prod":false,"is_daily":false,"chose_seed":false,"campfire_upgraded":7,"win_rate":0,"timestamp":1550725688,"path_taken":["M","?","M","?","M","E","R","E","T","M","E","$","M","E","R","BOSS","M","?","M","$","M","E","M","E","T","R","M","E","R","$","R","BOSS","M","?","$","?","?","R","M","E","T","?","$","?","R","E","R","BOSS","R","$","E","BOSS"],"build_version":"2019-02-06","purchased_purges":5,"victory":true,"max_hp_per_floor":[71,71,71,71,71,71,71,71,71,71,71,71,71,71,71,71,71,71,71,71,71,71,71,71,71,71,71,71,71,71,71,71,71,71,71,71,71,71,71,71,71,71,71,71,71,71,71,71,71,71,71,71,71,71,71],"card_choices":[{"not_picked":["Steam","Fusion"],"picked":"Sweeping Beam","floor":1.0},{"not_picked":["Hello World","Go for the Eyes"],"picked":"Glacier","floor":3.0},{"not_picked":["Hologram","Redo","Storm"],"picked":"SKIP","floor":5.0},{"not_picked":["Hologram","Steam"],"picked":"BootSequence","floor":6.0},{"not_picked":["Sunder","Amplify"],"picked":"Doom and Gloom","floor":8.0},{"not_picked":["Streamline","Hologram"],"picked":"FTL","floor":10.0},{"not_picked":["Turbo","Redo","Barrage"],"picked":"SKIP","floor":11.0},{"not_picked":["Hologram","Fusion"],"picked":"Loop","floor":13.0},{"not_picked":["Go for the Eyes","Gash"],"picked":"Hologram","floor":13.0},{"not_picked":["Biased Cognition","Redo"],"picked":"Electrodynamics","floor":14.0},{"not_picked":["Multi-Cast","All For One"],"picked":"Buffer","floor":16.0},{"not_picked":["Barrage+1","Stack","Coolheaded"],"picked":"SKIP","floor":18.0},{"not_picked":["Compile Driver","Coolheaded","Go for the Eyes"],"picked":"SKIP","floor":18.0},{"not_picked":["Beam Cell","Recycle+1"],"picked":"Chill","floor":20.0},{"not_picked":["Beam Cell","Hello World"],"picked":"Skim","floor":20.0},{"not_picked":["Storm","Sunder"],"picked":"Chill+1","floor":22.0},{"not_picked":["Blizzard","Redo","Cold Snap"],"picked":"SKIP","floor":22.0},{"not_picked":["Recycle","Redo+1","Auto Shields"],"picked":"SKIP","floor":23.0},{"not_picked":["Hologram","Ball Lightning"],"picked":"Conserve Battery","floor":24.0},{"not_picked":["Rip and Tear","Go for the Eyes"],"picked":"Darkness","floor":24.0},{"not_picked":["Static Discharge","Hologram","Reboot"],"picked":"SKIP","floor":25.0},{"not_picked":["Turbo","Scrape"],"picked":"Compile Driver","floor":28.0},{"not_picked":["Sunder","Leap","FTL"],"picked":"SKIP","floor":28.0},{"not_picked":["Creative AI","Lockon"],"picked":"Biased Cognition","floor":29.0},{"not_picked":["Biased Cognition","Hyperbeam"],"picked":"Core Surge","floor":33.0},{"not_picked":["Loop","Steam+1"],"picked":"Genetic Algorithm","floor":35.0},{"not_picked":["Static Discharge","Redo"],"picked":"Glacier","floor":35.0},{"not_picked":["Coolheaded","Cold Snap+1"],"picked":"Defragment","floor":41.0},{"not_picked":["Gash+1","Barrage"],"picked":"Glacier","floor":41.0},{"not_picked":["Cold Snap","Rebound","Stack"],"picked":"SKIP","floor":42.0},{"not_picked":["Compile Driver+1","Reprogram+1","Chill"],"picked":"SKIP","floor":44.0},{"not_picked":["Blizzard","Rebound","Lockon"],"picked":"SKIP","floor":44.0},{"not_picked":["Compile Driver+1","Tempest"],"picked":"Hologram+1","floor":48.0},{"not_picked":["Hologram","Hello World"],"picked":"Loop+1","floor":54.0}],"player_experience":2004299,"relics_obtained":[{"floor":6.0,"key":"Blood Vial"},{"floor":8.0,"key":"Ginger"},{"floor":9.0,"key":"Symbiotic Virus"},{"floor":11.0,"key":"Prayer Wheel"},{"floor":14.0,"key":"Dream Catcher"},{"floor":23.0,"key":"War Paint"},{"floor":25.0,"key":"Du-Vu Doll"},{"floor":26.0,"key":"Lantern"},{"floor":29.0,"key":"Centennial Puzzle"},{"floor":39.0,"key":"Bird Faced Urn"},{"floor":42.0,"key":"MawBank"},{"floor":46.0,"key":"The Courier"},{"floor":48.0,"key":"Mummified Hand"},{"floor":54.0,"key":"Orichalcum"}],"event_choices":[{"damage_healed":7.0,"max_hp_gain":0.0,"max_hp_loss":0.0,"gold_gain":0.0,"event_name":"Wheel of Change","player_choice":"Full Heal","floor":2.0,"gold_loss":0.0,"damage_taken":0.0},{"damage_healed":0.0,"max_hp_gain":0.0,"max_hp_loss":0.0,"gold_gain":50.0,"event_name":"Nest","player_choice":"Stole From Cult","floor":19.0,"gold_loss":0.0,"damage_taken":0.0},{"damage_healed":0.0,"max_hp_gain":0.0,"max_hp_loss":0.0,"gold_gain":999.0,"event_name":"MindBloom","player_choice":"Gold","floor":36.0,"gold_loss":0.0,"damage_taken":0.0,"cards_obtained":["Normality","Normality"]},{"damage_healed":0.0,"max_hp_gain":0.0,"max_hp_loss":0.0,"gold_gain":0.0,"event_name":"Tomb of Lord Red Mask","player_choice":"Ignored","floor":38.0,"gold_loss":0.0,"damage_taken":0.0}],"is_beta":true,"boss_relics":[{"not_picked":["Coffee Dripper","Tiny House"],"picked":"Velvet Choker"},{"not_picked":["Eternal Feather","Philosopher\u0027s Stone"],"picked":"Astrolabe"}],"items_purged_floors":[12,21,37,45,53],"is_endless":false,"potions_floor_spawned":[5,8,16,20,23,28,35,42,44,54],"ascension_level":15}