{"path_per_floor":["M","$","?","?","M","R","?","?","T","M","M","E","R","E","R","B",null,"M","?","?","M","M","M","$","M","T","M","R","M","?","E","R","B",null,"M","$","?","?","M","E","R","M","T","M","M","$","M","M","R","B"],"character_chosen":"THE_SILENT","items_purchased":["Noxious Fumes","Poison Potion","Strawberry","Well Laid Plans","Block Potion","Mummified Hand","Footwork","Deadly Poison"],"gold_per_floor":[219,92,92,92,102,102,102,166,241,252,272,300,300,330,330,427,427,447,447,447,460,479,491,179,199,199,218,218,228,228,255,255,359,359,374,36,36,136,155,189,189,202,202,212,231,9,29,47,47,47],"floor_reached":51,"campfire_rested":5,"playtime":5268,"current_hp_per_floor":[70,70,63,63,63,63,49,24,24,24,24,21,42,38,59,29,70,63,63,63,54,34,12,19,5,5,33,56,39,39,13,36,9,77,53,53,53,53,51,51,51,51,51,44,44,44,43,36,59,21],"items_purged":["Strike_G","Strike_G","Strike_G"],"gold":47,"score":561,"play_id":"499cdd0e-8bec-41a8-8106-9dbf822be6ed","is_prod":false,"is_daily":false,"is_ascension_mode":false,"campfire_upgraded":2,"path_taken":["M","$","?","?","M","R","?","?","T","M","?","E","R","E","R","BOSS","M","?","?","M","M","?","?","M","T","M","R","?","?","E","R","BOSS","M","$","?","?","M","E","R","M","T","?","M","$","M","M","R","BOSS"],"build_version":"2018-02-12-PROD1","purchased_purges":3,"victory":true,"master_deck":["Defend_G+1","Defend_G","Defend_G","Defend_G","Defend_G","Survivor","Neutralize","Poisoned Stab+1","Noxious Fumes","Noxious Fumes+1","Escape Plan","Prepared","Flying Knee","Distraction","Bullet Time","Deep Breath","Envenom","PiercingWail","Noxious Fumes","Well Laid Plans","Catalyst","Backflip","Doppelganger+1","Backflip+1","Footwork+1","Outmaneuver+1","Expertise","Acrobatics+1","Footwork","Deadly Poison","Flying Knee+1"],"max_hp_per_floor":[70,70,70,70,70,70,70,70,70,70,70,70,70,70,70,70,70,70,70,70,70,70,70,77,77,77,77,77,77,77,77,77,77,77,77,77,77,77,77,77,77,77,77,77,77,77,77,77,77,77],"relics":["Ring of the Snake","Blue Candle","Bottled Tornado","Toolbox","Snake Skull","Lizard Tail","Strawberry","Du-Vu Doll","Pantograph","Question Card","Mummified Hand","Tough Bandages","Torii"],"card_choices":[{"not_picked":["Dagger Spray","Deflect"],"picked":"Poisoned Stab"},{"not_picked":["Dagger Throw","Choke"],"picked":"Noxious Fumes"},{"not_picked":["Dagger Spray","Caltrops"],"picked":"Escape Plan"},{"not_picked":["Blade Dance","Eviscerate"],"picked":"Prepared"},{"not_picked":["Endless Agony","Wraith Form"],"picked":"Flying Knee"},{"not_picked":["Flying Knee","Eviscerate"],"picked":"Distraction"},{"not_picked":["Glass Knife","Venomology"],"picked":"Bullet Time"},{"not_picked":["Dagger Throw","Sucker Punch"],"picked":"PiercingWail"},{"not_picked":["Bane","Poisoned Stab"],"picked":"Noxious Fumes"},{"not_picked":["Dodge and Roll","Outmaneuver"],"picked":"Calculated Gamble"},{"not_picked":["Acrobatics","Skewer"],"picked":"Catalyst"},{"not_picked":["A Thousand Cuts","Crippling Poison"],"picked":"Backflip"},{"not_picked":["Glass Knife","Die Die Die"],"picked":"Doppelganger"},{"not_picked":["Infinite Blades","Quick Slash","Eviscerate"],"picked":"Backflip"},{"not_picked":["Prepared","Bane","Flying Knee"],"picked":"Footwork"},{"not_picked":["Poisoned Stab","Sucker Punch","Deadly Poison"],"picked":"Outmaneuver"},{"not_picked":["Deflect","Deadly Poison","Malaise"],"picked":"Expertise"},{"not_picked":["Dagger Throw","Sucker Punch","Poisoned Stab"],"picked":"Acrobatics"},{"not_picked":["Bane","Choke","Backstab"],"picked":"Flying Knee"}],"player_experience":141724,"potions_floor_usage":[8,12,12,16,27,27,27,48,50,50,50],"damage_taken":[{"damage":0,"enemies":"2 Louse","floor":1,"turns":3},{"damage":0,"enemies":"Small Slimes","floor":5,"turns":3},{"damage":25,"enemies":"Gremlin Nob","floor":8,"turns":4},{"damage":0,"enemies":"Jaw Worm","floor":10,"turns":4},{"damage":0,"enemies":"2 Fungi Beasts","floor":11,"turns":3},{"damage":3,"enemies":"Gremlin Nob","floor":12,"turns":3},{"damage":4,"enemies":"3 Sentries","floor":14,"turns":6},{"damage":30,"enemies":"Slime Boss","floor":16,"turns":8},{"damage":7,"enemies":"3 Byrds","floor":18,"turns":4},{"damage":9,"enemies":"Spheric Guardian","floor":21,"turns":5},{"damage":20,"enemies":"Chosen and Byrds","floor":22,"turns":5},{"damage":22,"enemies":"Slaver and Parasite","floor":23,"turns":6},{"damage":14,"enemies":"Snake Plant","floor":25,"turns":6},{"damage":18,"enemies":"Chosen and Byrds","floor":27,"turns":7},{"damage":17,"enemies":"Centurion and Healer","floor":29,"turns":6},{"damage":26,"enemies":"Slavers","floor":31,"turns":5},{"damage":52,"enemies":"Automaton","floor":33,"turns":9},{"damage":24,"enemies":"3 Darklings","floor":35,"turns":5},{"damage":2,"enemies":"Orb Walker","floor":39,"turns":3},{"damage":0,"enemies":"Giant Head","floor":40,"turns":7},{"damage":0,"enemies":"Sphere and 2 Shapes","floor":42,"turns":5},{"damage":7,"enemies":"4 Shapes","floor":44,"turns":6},{"damage":0,"enemies":"Maw","floor":45,"turns":7},{"damage":1,"enemies":"3 Darklings","floor":47,"turns":5},{"damage":7,"enemies":"Sphere and 2 Shapes","floor":48,"turns":5},{"damage":71,"enemies":"Awakened One","floor":50,"turns":13}],"event_choices":[{"event_name":"Golden Wing","player_choice":"Card Removal","floor":3,"damage_taken":0},{"event_name":"Living Wall","player_choice":"Forget","floor":4,"damage_taken":0},{"event_name":"Shining Light","player_choice":"Entered Light","floor":7,"damage_taken":0},{"event_name":"Dead Adventurer","player_choice":"Searched \u00273\u0027 times","floor":8,"damage_taken":0},{"event_name":"Match and Keep!","player_choice":"2 cards matched","floor":19,"damage_taken":0},{"event_name":"Vampires","player_choice":"Ignored","floor":20,"damage_taken":0},{"event_name":"Drug Dealer","player_choice":"Ignored","floor":30,"damage_taken":0},{"event_name":"Golden Shrine","player_choice":"Pray","floor":38,"damage_taken":0}],"boss_relics":[{"not_picked":["Tiny House","White Beast Statue"],"picked":"Lizard Tail"},{"not_picked":["Eternal Feather","Sozu"],"picked":"Question Card"}],"potions_floor_spawned":[8,8,11,14,16,21,25,29,31,35,39,40,48],"seed_played":"3955841705268747185","ascension_level":0,"is_trial":false}