{"gold_per_floor":[116,291,304,304,328,361,361,378,430,440,440,49,65,75,75,173,173,184,184,184,203,215,215,228,262,262,262,68,85,98,98,98,200,200,215,215,1214,1214],"floor_reached":38,"playtime":3826,"items_purged":["Defend_B"],"score":492,"play_id":"2e69fbaa-1a81-4b9e-88c8-6529d256a0a7","local_time":"20190315002656","is_ascension_mode":true,"campfire_choices":[{"data":"Beam Cell","floor":7,"key":"SMITH"},{"data":"Beam Cell","floor":11,"key":"SMITH"},{"floor":15,"key":"REST"},{"data":"Gash","floor":23,"key":"SMITH"},{"floor":27,"key":"REST"},{"floor":32,"key":"REST"}],"neow_cost":"NONE","seed_source_timestamp":39051746914100,"circlet_count":0,"master_deck":["Defend_B","Defend_B","Zap","Coolheaded","Reinforced Body","Beam Cell+1","Beam Cell+1","Hologram","Defragment+1","Gash+1","Sweeping Beam","Machine Learning+1","Gash+1","Bite","Bite","Bite","Bite","Static Discharge+1","Compile Driver","Rip and Tear+1","Gash+1","Defragment+1","Static Discharge+1","All For One","Compile Driver+1","Double Energy+1","Deep Breath+1","Steam+1","Madness","Madness","Normality","Normality"],"relics":["Cracked Core","NeowsBlessing","Ancient Tea Set","Frozen Egg 2","Boot","Shuriken","Sozu","Enchiridion","Blood Vial","Gambling Chip","Sling","Astrolabe"],"potions_floor_usage":[10,14,18,18],"damage_taken":[{"damage":0,"enemies":"2 Louse","floor":1,"turns":1},{"damage":0,"enemies":"Jaw Worm","floor":3,"turns":1},{"damage":0,"enemies":"Gremlin Nob","floor":6,"turns":1},{"damage":1,"enemies":"Cultist","floor":8,"turns":3},{"damage":14,"enemies":"Exordium Thugs","floor":10,"turns":7},{"damage":7,"enemies":"Blue Slaver","floor":13,"turns":3},{"damage":0,"enemies":"Large Slime","floor":14,"turns":4},{"damage":44,"enemies":"The Guardian","floor":16,"turns":9},{"damage":16,"enemies":"2 Thieves","floor":18,"turns":3},{"damage":1,"enemies":"3 Byrds","floor":21,"turns":4},{"damage":1,"enemies":"Cultist and Chosen","floor":22,"turns":4},{"damage":7,"enemies":"3 Cultists","floor":24,"turns":4},{"damage":31,"enemies":"Slavers","floor":25,"turns":3},{"damage":18,"enemies":"Sentry and Sphere","floor":29,"turns":3},{"damage":2,"enemies":"Snecko","floor":30,"turns":5},{"damage":55,"enemies":"Automaton","floor":33,"turns":7},{"damage":5,"enemies":"3 Shapes","floor":35,"turns":3},{"damage":55,"enemies":"2 Orb Walkers","floor":38,"turns":4}],"seed_played":"-2417790533877455732","potions_obtained":[{"floor":6,"key":"SpeedPotion"},{"floor":10,"key":"SteroidPotion"},{"floor":13,"key":"Block Potion"},{"floor":16,"key":"Fire Potion"}],"is_trial":false,"path_per_floor":["M","?","M","?","T","E","R","M","T","M","R","$","M","M","R","B",null,"M","?","?","M","M","R","M","E","T","R","$","M","M","?","R","B",null,"M","?","?","?"],"character_chosen":"DEFECT","items_purchased":["Shuriken","Defragment+1","Sling"],"campfire_rested":3,"item_purchase_floors":[12,12,28],"current_hp_per_floor":[75,75,75,68,68,68,68,67,67,53,53,53,46,46,68,24,75,59,52,36,45,52,52,47,22,22,37,37,23,33,33,48,7,52,49,42,42,0],"gold":1214,"neow_bonus":"THREE_ENEMY_KILL","is_prod":false,"is_daily":false,"chose_seed":false,"campfire_upgraded":3,"win_rate":0,"timestamp":1552606016,"path_taken":["M","?","M","?","?","E","R","M","T","?","R","$","M","M","R","BOSS","M","?","?","M","M","R","M","E","T","R","$","M","M","?","R","BOSS","M","?","?","?"],"build_version":"2019-01-23","purchased_purges":1,"victory":false,"max_hp_per_floor":[75,75,75,75,75,75,75,75,75,75,75,75,75,75,75,75,75,75,52,52,52,52,52,52,52,52,52,52,52,52,52,52,52,52,52,52,52,52],"card_choices":[{"not_picked":["Skim","Go for the Eyes"],"picked":"Coolheaded","floor":1},{"not_picked":["Redo","White Noise"],"picked":"Reinforced Body","floor":3},{"not_picked":["Rebound","Stack"],"picked":"Beam Cell","floor":6},{"not_picked":["Leap","Aggregate"],"picked":"Beam Cell","floor":8},{"not_picked":["Leap","Auto Shields"],"picked":"Hologram","floor":10},{"not_picked":["Cold Snap","Steam"],"picked":"Gash","floor":13},{"not_picked":["Coolheaded","Compile Driver"],"picked":"Sweeping Beam","floor":14},{"not_picked":["Core Surge","Hyperbeam"],"picked":"Machine Learning+1","floor":16},{"not_picked":["Stack","Redo"],"picked":"Gash+1","floor":18},{"not_picked":["Reprogram","Lockon+1"],"picked":"Static Discharge+1","floor":21},{"not_picked":["Heatsinks+1","Cold Snap"],"picked":"Compile Driver","floor":22},{"not_picked":["Streamline","Rebound+1"],"picked":"Rip and Tear+1","floor":24},{"not_picked":["Genetic Algorithm","Coolheaded"],"picked":"Gash+1","floor":25},{"not_picked":["Stack","Conserve Battery+1"],"picked":"Defragment+1","floor":29},{"not_picked":["White Noise","Barrage"],"picked":"Static Discharge+1","floor":30},{"not_picked":["Biased Cognition+1","Meteor Strike"],"picked":"All For One","floor":33},{"not_picked":["Capacitor+1","FTL+1"],"picked":"Steam+1","floor":35}],"player_experience":120982,"relics_obtained":[{"floor":5,"key":"Ancient Tea Set"},{"floor":6,"key":"Frozen Egg 2"},{"floor":9,"key":"Boot"},{"floor":20,"key":"Enchiridion"},{"floor":25,"key":"Blood Vial"},{"floor":26,"key":"Gambling Chip"}],"event_choices":[{"damage_healed":0,"gold_gain":175,"player_choice":"AGREE","damage_taken":0,"max_hp_gain":0,"max_hp_loss":0,"event_name":"Liars Game","floor":2,"gold_loss":0,"cards_obtained":["Doubt"]},{"cards_removed":["Doubt"],"damage_healed":0,"gold_gain":0,"player_choice":"Card Removal","damage_taken":7,"max_hp_gain":0,"max_hp_loss":0,"event_name":"Golden Wing","floor":4,"gold_loss":0},{"damage_healed":0,"gold_gain":0,"player_choice":"Became a vampire","damage_taken":0,"max_hp_gain":0,"max_hp_loss":23,"event_name":"Vampires","floor":19,"gold_loss":0,"cards_obtained":["Bite","Bite","Bite","Bite","Bite"]},{"damage_healed":0,"gold_gain":0,"player_choice":"Obtained Book","damage_taken":16,"max_hp_gain":0,"max_hp_loss":0,"event_name":"Cursed Tome","floor":20,"gold_loss":0},{"damage_healed":0,"gold_gain":0,"player_choice":"Ignored","damage_taken":0,"max_hp_gain":0,"max_hp_loss":0,"event_name":"Ghosts","floor":31,"gold_loss":0},{"damage_healed":0,"gold_gain":0,"player_choice":"Embrace Madness","damage_taken":7,"max_hp_gain":0,"max_hp_loss":0,"event_name":"Winding Halls","floor":36,"gold_loss":0,"cards_obtained":["Madness","Madness"]},{"damage_healed":0,"gold_gain":999,"player_choice":"Gold","damage_taken":0,"max_hp_gain":0,"max_hp_loss":0,"event_name":"MindBloom","floor":37,"gold_loss":0,"cards_obtained":["Normality","Normality"]},{"damage_healed":0,"gold_gain":0,"player_choice":"Fight","damage_taken":0,"max_hp_gain":0,"max_hp_loss":0,"event_name":"Mysterious Sphere","floor":38,"gold_loss":0}],"is_beta":false,"boss_relics":[{"not_picked":["Fusion Hammer","Velvet Choker"],"picked":"Sozu"},{"not_picked":["FrozenCore","Busted Crown"],"picked":"Astrolabe"}],"items_purged_floors":[12],"is_endless":false,"potions_floor_spawned":[6,10,13,16,22,25,33],"killed_by":"2 Orb Walkers","ascension_level":1}