{"gold_per_floor":[118,128,11,24,24,24,24,41,41,41,93,93,93,106,106,203,203,216,141,159,176,193,193],"floor_reached":23,"playtime":695,"items_purged":["Strike_B"],"score":290,"play_id":"2da86459-010f-41bd-b5d7-fa2e9e72cf4e","local_time":"20190313125001","is_ascension_mode":true,"campfire_choices":[{"data":"Sunder","floor":6,"key":"SMITH"},{"data":"Zap","floor":10,"key":"SMITH"},{"floor":15,"key":"REST"}],"neow_cost":"NONE","seed_source_timestamp":4258198753923,"circlet_count":0,"master_deck":["AscendersBane","Strike_B","Strike_B","Strike_B","Defend_B","Defend_B","Defend_B","Defend_B","Zap+1","Dualcast","Gash","Sunder+1","Capacitor","Cold Snap","Capacitor","Electrodynamics","Biased Cognition","Coolheaded+1","Glacier","Self Repair+1","BootSequence"],"relics":["Cracked Core","NeowsBlessing","Bottled Lightning","Thread and Needle","Blood Vial","Inserter"],"potions_floor_usage":[7,16,16,18,18,20,20,20,23],"damage_taken":[{"damage":0,"enemies":"Cultist","floor":1,"turns":1},{"damage":0,"enemies":"Jaw Worm","floor":2,"turns":1},{"damage":0,"enemies":"Small Slimes","floor":4,"turns":1},{"damage":14,"enemies":"Gremlin Nob","floor":7,"turns":3},{"damage":17,"enemies":"3 Louse","floor":8,"turns":3},{"damage":0,"enemies":"Exordium Wildlife","floor":14,"turns":2},{"damage":28,"enemies":"Slime Boss","floor":16,"turns":7},{"damage":3,"enemies":"Chosen","floor":18,"turns":4},{"damage":8,"enemies":"3 Byrds","floor":20,"turns":3},{"damage":14,"enemies":"Cultist and Chosen","floor":21,"turns":5},{"damage":16,"enemies":"3 Cultists","floor":22,"turns":4},{"damage":45,"enemies":"Book of Stabbing","floor":23,"turns":6}],"seed_played":"3309572417270907666","potions_obtained":[{"floor":4,"key":"SmokeBomb"},{"floor":8,"key":"Weak Potion"},{"floor":14,"key":"Block Potion"},{"floor":16,"key":"EntropicBrew"},{"floor":18,"key":"SkillPotion"},{"floor":22,"key":"EssenceOfSteel"}],"is_trial":false,"path_per_floor":["M","M","$","M","$","R","E","M","T","R","?","?","?","M","R","B",null,"M","$","M","M","M","E"],"character_chosen":"DEFECT","items_purchased":["Capacitor","Cold Snap"],"campfire_rested":1,"item_purchase_floors":[3,3],"current_hp_per_floor":[68,68,68,68,68,68,54,37,37,37,37,37,19,21,43,17,61,60,60,54,42,38,0],"gold":193,"neow_bonus":"THREE_ENEMY_KILL","is_prod":false,"is_daily":false,"chose_seed":false,"campfire_upgraded":2,"win_rate":0,"timestamp":1552506601,"path_taken":["M","?","$","M","$","R","E","M","T","R","?","?","?","M","R","BOSS","M","$","M","M","M","E"],"build_version":"2019-01-23","purchased_purges":1,"victory":false,"max_hp_per_floor":[75,75,75,75,75,75,75,75,75,75,75,75,75,75,75,75,75,75,75,75,75,75,75],"card_choices":[{"not_picked":["Recycle","Rebound"],"picked":"Gash","floor":1},{"not_picked":["Stack","Rebound"],"picked":"Sunder","floor":2},{"not_picked":["Reprogram","Compile Driver"],"picked":"Capacitor","floor":4},{"not_picked":["Coolheaded","Skim"],"picked":"Electrodynamics","floor":8},{"not_picked":["Sweeping Beam","Steam","Doom and Gloom"],"picked":"SKIP","floor":14},{"not_picked":["Seek","Hyperbeam"],"picked":"Biased Cognition","floor":16},{"not_picked":["Steam+1","Redo+1"],"picked":"Coolheaded+1","floor":18},{"not_picked":["Lockon","Ball Lightning"],"picked":"Glacier","floor":20},{"not_picked":["White Noise+1","Sweeping Beam"],"picked":"Self Repair+1","floor":21},{"not_picked":["Redo+1","Compile Driver"],"picked":"BootSequence","floor":22}],"player_experience":419928,"relics_obtained":[{"floor":9,"key":"Bottled Lightning"}],"event_choices":[{"damage_healed":0,"gold_gain":52,"player_choice":"Gained Gold","damage_taken":0,"max_hp_gain":0,"max_hp_loss":0,"event_name":"Golden Wing","floor":11,"gold_loss":0},{"damage_healed":0,"gold_gain":0,"player_choice":"Searched \u00271\u0027 times","damage_taken":0,"relics_obtained":["Thread and Needle"],"max_hp_gain":0,"max_hp_loss":0,"event_name":"Dead Adventurer","floor":12,"gold_loss":0},{"damage_healed":0,"gold_gain":0,"player_choice":"Success","damage_taken":18,"relics_obtained":["Blood Vial"],"max_hp_gain":0,"max_hp_loss":0,"event_name":"Scrap Ooze","floor":13,"gold_loss":0}],"is_beta":false,"boss_relics":[{"not_picked":["Runic Dome","Velvet Choker"],"picked":"Inserter"}],"items_purged_floors":[19],"is_endless":false,"potions_floor_spawned":[4,8,14,16,18,22],"killed_by":"Book of Stabbing","ascension_level":10}