{"gold_per_floor":[109,124,0,19,39,39,67,67,67,67,67,96,108,108,108,179,179,198,198,19,19,38,38,69,69,69,86,115,149,149,149,149,227,227,238,284,284,284,297,297,324,324,324,343,358,358,358,372,372,372],"floor_reached":50,"playtime":1733,"items_purged":["Doubt","Strike_B"],"score":1125,"play_id":"ca01ffd7-3791-4020-a55e-383deff5d7e0","local_time":"20190113155904","is_ascension_mode":true,"campfire_choices":[{"data":"Zap","floor":6.0,"key":"SMITH"},{"data":"Sweeping Beam","floor":8.0,"key":"SMITH"},{"data":"Sunder","floor":10.0,"key":"SMITH"},{"floor":15.0,"key":"REST"},{"data":"Beam Cell","floor":23.0,"key":"SMITH"},{"data":"Seek","floor":25.0,"key":"SMITH"},{"data":"Hologram","floor":30.0,"key":"SMITH"},{"floor":32.0,"key":"REST"},{"floor":40.0,"key":"REST"},{"floor":46.0,"key":"REST"},{"floor":49,"key":"RECALL"}],"neow_cost":"CURSE","seed_source_timestamp":368882824678017,"circlet_count":0,"master_deck":["AscendersBane","Zap+1","Dualcast","Seek+1","Steam","Compile Driver","Sunder+1","Beam Cell+1","Echo Form","FTL","Cold Snap","Hologram+1","Skim","Seek","Amplify","Machine Learning+1","Glacier","Reprogram","Electrodynamics+1","Recycle","Fission","Secret Technique","Panacea","Coolheaded+1","Conserve Battery+1","Static Discharge+1","Auto Shields","Writhe","Static Discharge+1"],"special_seed":0,"relics":["Cracked Core","PreservedInsect","Gremlin Horn","Emotion Chip","Pen Nib","Philosopher\u0027s Stone","Shuriken","Frozen Egg 2","Red Mask","Singing Bowl","Enchiridion","Pandora\u0027s Box","Turnip","Art of War"],"potions_floor_usage":[48,50],"damage_taken":[{"damage":1.0,"enemies":"2 Louse","floor":1.0,"turns":2.0},{"damage":1.0,"enemies":"Cultist","floor":2.0,"turns":3.0},{"damage":0.0,"enemies":"Jaw Worm","floor":4.0,"turns":4.0},{"damage":0.0,"enemies":"2 Fungi Beasts","floor":5.0,"turns":4.0},{"damage":26.0,"enemies":"Gremlin Nob","floor":7.0,"turns":4.0},{"damage":19.0,"enemies":"Lagavulin","floor":12.0,"turns":6.0},{"damage":0.0,"enemies":"Exordium Wildlife","floor":13.0,"turns":2.0},{"damage":0.0,"enemies":"3 Louse","floor":14.0,"turns":1.0},{"damage":0.0,"enemies":"Slime Boss","floor":16.0,"turns":6.0},{"damage":7.0,"enemies":"Spheric Guardian","floor":18.0,"turns":3.0},{"damage":1.0,"enemies":"Chosen","floor":22.0,"turns":3.0},{"damage":0.0,"enemies":"Slavers","floor":24.0,"turns":3.0},{"damage":9.0,"enemies":"Snake Plant","floor":27.0,"turns":2.0},{"damage":17.0,"enemies":"Masked Bandits","floor":28.0,"turns":3.0},{"damage":0.0,"enemies":"Gremlin Leader","floor":29.0,"turns":3.0},{"damage":5.0,"enemies":"Collector","floor":33.0,"turns":6.0},{"damage":5.0,"enemies":"3 Darklings","floor":35.0,"turns":3.0},{"damage":35.0,"enemies":"2 Orb Walkers","floor":36.0,"turns":3.0},{"damage":1.0,"enemies":"Orb Walker","floor":39.0,"turns":2.0},{"damage":37.0,"enemies":"Giant Head","floor":41.0,"turns":6.0},{"damage":0.0,"enemies":"3 Darklings","floor":44.0,"turns":4.0},{"damage":5.0,"enemies":"Spire Growth","floor":45.0,"turns":6.0},{"damage":13,"enemies":"Transient","floor":48,"turns":5},{"damage":33,"enemies":"Time Eater","floor":50,"turns":5}],"seed_played":"6833123504806423659","potions_obtained":[{"floor":5.0,"key":"SmokeBomb"},{"floor":12.0,"key":"GamblersBrew"},{"floor":13.0,"key":"Strength Potion"},{"floor":18.0,"key":"Regen Potion"},{"floor":27.0,"key":"LiquidBronze"},{"floor":29.0,"key":"FocusPotion"},{"floor":39.0,"key":"Poison Potion"},{"floor":48,"key":"AttackPotion"}],"is_trial":false,"path_per_floor":["M","M","$","M","M","R","E","R","T","R","?","E","M","M","R","B",null,"M","?","$","$","M","R","E","R","T","M","?","E","R","?","R","B",null,"M","?","?","?","M","R","E","?","T","M","M","R","?","M","R","B"],"character_chosen":"DEFECT","items_purchased":["Strength Potion","Cold Snap","Hologram"],"campfire_rested":4,"item_purchase_floors":[3,20,20],"current_hp_per_floor":[63,62,62,62,62,62,36,36,36,36,25,6,6,6,27,27,60,53,71,71,71,70,70,70,70,70,61,44,53,53,32,53,48,65,62,29,21,21,20,43,6,6,6,6,3,25,25,12,12,0],"gold":372,"neow_bonus":"THREE_RARE_CARDS","is_prod":false,"is_daily":false,"chose_seed":false,"campfire_upgraded":6,"win_rate":0,"timestamp":1547413144,"path_taken":["M","M","$","M","M","R","E","R","T","R","?","E","M","M","R","BOSS","M","?","?","$","M","R","E","R","T","M","?","E","R","?","R","BOSS","M","?","?","?","M","R","E","?","T","M","M","R","?","M","R","BOSS"],"build_version":"2019-01-10","purchased_purges":2,"victory":false,"max_hp_per_floor":[71,71,71,71,71,71,71,71,71,71,71,71,71,71,71,71,71,71,71,71,71,71,71,71,71,71,71,71,71,71,71,71,71,71,73,75,77,77,77,77,77,73,73,73,75,75,75,75,75,75],"card_choices":[{"not_picked":["All For One","Thunder Strike"],"picked":"Seek","floor":0.0},{"not_picked":["Turbo","Redo","Static Discharge"],"picked":"SKIP","floor":1.0},{"not_picked":["Hello World","Static Discharge"],"picked":"Steam","floor":2.0},{"not_picked":["Coolheaded","Streamline"],"picked":"Sweeping Beam","floor":4.0},{"not_picked":["Turbo","Barrage"],"picked":"Compile Driver","floor":5.0},{"not_picked":["Steam","Gash"],"picked":"Sunder","floor":7.0},{"not_picked":["White Noise","Static Discharge","Aggregate"],"picked":"SKIP","floor":12.0},{"not_picked":["Gash","Reboot"],"picked":"Beam Cell","floor":13.0},{"not_picked":["Hyperbeam","Amplify"],"picked":"Echo Form","floor":16.0},{"not_picked":["Sweeping Beam","Barrage+1"],"picked":"FTL","floor":18.0},{"not_picked":["Redo","Doom and Gloom","Rebound"],"picked":"SKIP","floor":22.0},{"not_picked":["Streamline","Rebound","Barrage+1"],"picked":"SKIP","floor":24.0},{"not_picked":["Steam","Streamline","Amplify"],"picked":"SKIP","floor":27.0},{"not_picked":["FTL","Undo"],"picked":"Skim","floor":29.0},{"not_picked":["Hyperbeam","Reboot"],"picked":"Seek","floor":33.0},{"not_picked":["Gash","Leap","Turbo"],"picked":"Singing Bowl","floor":35.0},{"not_picked":["Rebound","Leap+1","Gash"],"picked":"Singing Bowl","floor":36.0},{"not_picked":["Metamorphosis","Trip"],"picked":"Secret Technique","floor":37.0},{"not_picked":["Blind","The Bomb"],"picked":"Panacea","floor":37.0},{"not_picked":["Transmutation","Deep Breath","Enlightenment"],"picked":"Singing Bowl","floor":37.0},{"not_picked":["Tempest","Beam Cell+1"],"picked":"Coolheaded+1","floor":39.0},{"not_picked":["Coolheaded","Chaos"],"picked":"Conserve Battery+1","floor":41.0},{"not_picked":["Rebound","Fusion"],"picked":"Static Discharge+1","floor":44.0},{"not_picked":["Gash","Cold Snap+1","Conserve Battery"],"picked":"Singing Bowl","floor":45.0},{"not_picked":["Leap","Go for the Eyes"],"picked":"Static Discharge+1","floor":48}],"player_experience":1835103,"relics_obtained":[{"floor":7.0,"key":"PreservedInsect"},{"floor":9.0,"key":"Gremlin Horn"},{"floor":12.0,"key":"Pen Nib"},{"floor":24.0,"key":"Shuriken"},{"floor":26.0,"key":"Frozen Egg 2"},{"floor":28.0,"key":"Red Mask"},{"floor":29.0,"key":"Singing Bowl"},{"floor":31.0,"key":"Enchiridion"},{"floor":36.0,"key":"Turnip"},{"floor":41.0,"key":"Art of War"}],"event_choices":[{"damage_healed":0.0,"max_hp_gain":0.0,"max_hp_loss":0.0,"gold_gain":0.0,"event_name":"Scrap Ooze","player_choice":"Success","floor":11.0,"gold_loss":0.0,"damage_taken":11.0,"relics_obtained":["Emotion Chip"]},{"damage_healed":18.0,"max_hp_gain":0.0,"max_hp_loss":0.0,"gold_gain":0.0,"event_name":"Wheel of Change","player_choice":"Full Heal","floor":19.0,"gold_loss":0.0,"damage_taken":0.0},{"damage_healed":0.0,"max_hp_gain":0.0,"max_hp_loss":0.0,"gold_gain":0.0,"event_name":"Masked Bandits","player_choice":"Fought Bandits","floor":28.0,"gold_loss":0.0,"damage_taken":0.0},{"damage_healed":0.0,"max_hp_gain":0.0,"max_hp_loss":0.0,"gold_gain":0.0,"event_name":"Cursed Tome","player_choice":"Obtained Book","floor":31.0,"gold_loss":0.0,"damage_taken":21.0},{"damage_healed":0.0,"max_hp_gain":0.0,"max_hp_loss":0.0,"gold_gain":0.0,"event_name":"Mysterious Sphere","player_choice":"Fight","floor":36.0,"gold_loss":0.0,"damage_taken":0.0},{"damage_healed":0.0,"max_hp_gain":0.0,"max_hp_loss":0.0,"gold_gain":0.0,"event_name":"SensoryStone","player_choice":"Memory 3","floor":37.0,"gold_loss":0.0,"damage_taken":10.0},{"cards_removed":["Sweeping Beam"],"damage_healed":0.0,"max_hp_gain":0.0,"max_hp_loss":0.0,"gold_gain":0.0,"event_name":"Falling","player_choice":"Removed Attack","floor":38.0,"gold_loss":0.0,"damage_taken":0.0},{"damage_healed":0.0,"max_hp_gain":0.0,"max_hp_loss":4.0,"gold_gain":0.0,"event_name":"Winding Halls","player_choice":"Max HP","floor":42.0,"gold_loss":0.0,"damage_taken":0.0},{"damage_healed":0,"gold_gain":0,"player_choice":"2 cards matched","damage_taken":0,"max_hp_gain":0,"max_hp_loss":0,"event_name":"Match and Keep!","floor":47,"gold_loss":0,"cards_obtained":["Auto Shields","Writhe"]}],"is_beta":true,"boss_relics":[{"not_picked":["Orrery","Eternal Feather"],"picked":"Philosopher\u0027s Stone"},{"not_picked":["Coffee Dripper","Busted Crown"],"picked":"Pandora\u0027s Box"}],"items_purged_floors":[3,20],"is_endless":false,"potions_floor_spawned":[5,12,13,18,27,28,29,39,48],"killed_by":"Time Eater","ascension_level":15}