{"gold_per_floor":[118,118,134,209,159,190,208,222,246,259,130,143,143,157,157,257,257,275,292,392,224,240,240,251,251,305,305,305,369,379,429,429,429],"floor_reached":33,"playtime":1488,"items_purged":["Strike_G","Strike_G"],"score":331,"play_id":"a51e7327-c048-4dd2-a459-4a93b9973b6f","local_time":"20190312180300","is_ascension_mode":true,"campfire_choices":[{"data":"Dagger Spray","floor":13,"key":"SMITH"},{"data":"Neutralize","floor":15,"key":"SMITH"},{"data":"Bouncing Flask","floor":23,"key":"SMITH"},{"data":"Leg Sweep","floor":25,"key":"SMITH"},{"data":"Caltrops","floor":28,"key":"SMITH"},{"floor":32,"key":"REST"}],"neow_cost":"NONE","seed_source_timestamp":98204096770300,"circlet_count":0,"master_deck":["Defend_G+1","Defend_G+1","Defend_G+1","Defend_G+1","Defend_G+1","Strike_G+1","Strike_G+1","Survivor","Neutralize+1","Caltrops+1","Acrobatics","Well Laid Plans","Backflip","Leg Sweep+1","Poisoned Stab","Quick Slash","Dagger Spray+1","Quick Slash","Die Die Die","Crippling Poison","Bouncing Flask+1","PiercingWail"],"relics":["Ring of the Snake","NeowsBlessing","Omamori","War Paint","Lizard Tail","Ancient Tea Set","SsserpentHead"],"potions_floor_usage":[16,16,16,18,30],"damage_taken":[{"damage":0,"enemies":"Small Slimes","floor":1,"turns":1},{"damage":0,"enemies":"Jaw Worm","floor":3,"turns":1},{"damage":0,"enemies":"Gremlin Nob","floor":6,"turns":1},{"damage":2,"enemies":"Cultist","floor":7,"turns":5},{"damage":0,"enemies":"Exordium Wildlife","floor":8,"turns":7},{"damage":5,"enemies":"Red Slaver","floor":10,"turns":6},{"damage":1,"enemies":"Blue Slaver","floor":12,"turns":4},{"damage":0,"enemies":"2 Fungi Beasts","floor":14,"turns":2},{"damage":45,"enemies":"Slime Boss","floor":16,"turns":13},{"damage":7,"enemies":"Chosen","floor":18,"turns":7},{"damage":0,"enemies":"3 Byrds","floor":19,"turns":4},{"damage":18,"enemies":"Snake Plant","floor":22,"turns":5},{"damage":10,"enemies":"Snecko","floor":24,"turns":6},{"damage":23,"enemies":"Chosen and Byrds","floor":29,"turns":6},{"damage":4,"enemies":"Cultist and Chosen","floor":30,"turns":6},{"damage":65,"enemies":"Collector","floor":33,"turns":13}],"seed_played":"5122852898398445066","potions_obtained":[{"floor":1,"key":"SpeedPotion"},{"floor":7,"key":"SteroidPotion"},{"floor":12,"key":"Ancient Potion"},{"floor":14,"key":"PowerPotion"},{"floor":16,"key":"EssenceOfSteel"},{"floor":24,"key":"SteroidPotion"},{"floor":29,"key":"AttackPotion"}],"is_trial":false,"path_per_floor":["M","?","M","?","?","E","M","M","T","M","$","M","R","M","R","B",null,"M","M","?","$","M","R","M","R","T","?","R","M","M","?","R","B"],"character_chosen":"THE_SILENT","items_purchased":["Quick Slash","Bouncing Flask"],"campfire_rested":1,"item_purchase_floors":[11,21],"current_hp_per_floor":[70,70,70,59,59,59,57,57,57,52,52,51,51,51,51,6,70,63,63,63,63,45,45,35,35,35,35,35,12,8,8,29,0],"gold":429,"neow_bonus":"THREE_ENEMY_KILL","is_prod":false,"is_daily":false,"chose_seed":false,"campfire_upgraded":5,"win_rate":0,"timestamp":1552438980,"path_taken":["M","?","M","?","?","E","M","M","T","M","$","M","R","M","R","BOSS","M","M","?","$","M","R","?","R","T","?","R","?","M","?","R","BOSS"],"build_version":"2019-01-23","purchased_purges":2,"victory":false,"max_hp_per_floor":[70,70,70,70,70,70,70,70,70,70,70,70,70,70,70,70,70,70,70,70,70,70,70,70,70,70,70,70,70,70,70,70,70],"card_choices":[{"not_picked":["Outmaneuver","Backflip"],"picked":"Caltrops","floor":1},{"not_picked":["Blade Dance","Calculated Gamble"],"picked":"Acrobatics","floor":3},{"not_picked":["Flying Knee","Caltrops"],"picked":"Well Laid Plans","floor":6},{"not_picked":["Prepared","Outmaneuver"],"picked":"Backflip","floor":7},{"not_picked":["Distraction","Crippling Poison"],"picked":"Leg Sweep","floor":8},{"not_picked":["Backflip","Outmaneuver"],"picked":"Poisoned Stab","floor":10},{"not_picked":["Prepared","Backstab"],"picked":"Dagger Spray","floor":12},{"not_picked":["Unload","Poisoned Stab"],"picked":"Quick Slash","floor":14},{"not_picked":["Storm of Steel","Corpse Explosion"],"picked":"Die Die Die","floor":16},{"not_picked":["Slice","All Out Attack"],"picked":"Crippling Poison","floor":18},{"not_picked":["Flechettes","Slice","Dagger Spray"],"picked":"SKIP","floor":19},{"not_picked":["Backstab+1","Outmaneuver"],"picked":"PiercingWail","floor":22},{"not_picked":["Underhanded Strike","Escape Plan","Prepared"],"picked":"SKIP","floor":24},{"not_picked":["Leg Sweep","Eviscerate+1","Blade Dance"],"picked":"SKIP","floor":29},{"not_picked":["Crippling Poison+1","Quick Slash+1","Skewer"],"picked":"SKIP","floor":30}],"player_experience":410177,"relics_obtained":[{"floor":6,"key":"Omamori"},{"floor":9,"key":"War Paint"},{"floor":26,"key":"Ancient Tea Set"}],"event_choices":[{"damage_healed":0,"gold_gain":0,"player_choice":"Ignored","damage_taken":0,"max_hp_gain":0,"max_hp_loss":0,"event_name":"Shining Light","floor":2,"gold_loss":0},{"damage_healed":0,"gold_gain":75,"player_choice":"Gather Gold","damage_taken":11,"max_hp_gain":0,"max_hp_loss":0,"event_name":"World of Goop","floor":4,"gold_loss":0},{"cards_removed":["Strike_G"],"damage_healed":0,"gold_gain":0,"player_choice":"Card Removal","damage_taken":0,"max_hp_gain":0,"max_hp_loss":0,"event_name":"The Cleric","floor":5,"gold_loss":50},{"damage_healed":0,"gold_gain":100,"player_choice":"Pray","damage_taken":0,"max_hp_gain":0,"max_hp_loss":0,"event_name":"Golden Shrine","floor":20,"gold_loss":0},{"damage_healed":0,"gold_gain":0,"player_choice":"Trade","damage_taken":0,"relics_obtained":["SsserpentHead"],"max_hp_gain":0,"max_hp_loss":0,"event_name":"FaceTrader","floor":27,"gold_loss":0},{"damage_healed":0,"gold_gain":0,"player_choice":"Simplicity","damage_taken":0,"max_hp_gain":0,"max_hp_loss":0,"event_name":"Back to Basics","floor":31,"gold_loss":0,"cards_upgraded":["Defend_G","Defend_G","Defend_G","Strike_G","Strike_G"]}],"is_beta":false,"boss_relics":[{"not_picked":["Velvet Choker","Runic Dome"],"picked":"Lizard Tail"}],"items_purged_floors":[11,21],"is_endless":false,"potions_floor_spawned":[1,7,12,14,16,24,29],"killed_by":"Collector","ascension_level":4}