{"path_per_floor":["M","?","?","M","M","R","M","E","T","?","R","M","R","E","R","B",null,"M","M","?","?","?","E","M","M","T","$","M","$","R","M","R"],"character_chosen":"IRONCLAD","items_purchased":["Happy Flower","Flex"],"gold_per_floor":[117,217,167,181,191,191,204,230,256,256,256,269,269,299,299,402,402,413,428,428,428,343,376,394,406,406,179,195,46,46,58,58],"floor_reached":33,"campfire_rested":1,"playtime":3587,"current_hp_per_floor":[80,80,80,71,76,76,70,38,38,38,62,54,54,50,50,17,80,62,59,59,59,59,33,45,36,36,36,42,42,42,61,61],"items_purged":["Decay","Injury"],"gold":58,"play_id":"1f9ea546-7353-4039-8de8-35e6cc83698a","is_prod":false,"is_daily":false,"is_ascension_mode":false,"campfire_upgraded":5,"path_taken":["M","?","?","?","M","R","M","E","T","?","R","M","R","E","R","BOSS","M","M","?","?","?","E","M","M","T","$","M","$","R","M","R","BOSS"],"build_version":"2018-01-25-PROD3","purchased_purges":2,"victory":false,"master_deck":["Strike_R","Strike_R","Strike_R","Strike_R","Defend_R","Defend_R","Defend_R","Defend_R","Bash","Infernal Blade+1","Shrug It Off","Cleave","Shrug It Off+1","Infernal Blade+1","Iron Wave","Dropkick+1","Battle Trance","Bludgeon","Bandage Up","Whirlwind+1","Armaments+1","Battle Trance+1","Headbutt+1","Flex+1"],"max_hp_per_floor":[80,80,80,80,80,80,80,80,80,80,80,80,80,80,80,80,80,80,80,80,80,80,87,87,87,87,87,87,87,87,87,87],"relics":["Burning Blood","Bottled Lightning","Omamori","Kunai","Ginger","Calling Bell","Toolbox","Bag of Marbles","Meat on the Bone","Prayer Wheel","Strawberry","War Paint","Happy Flower"],"card_choices":[{"not_picked":["Bloodletting","True Grit"],"picked":"Infernal Blade"},{"not_picked":["Rampage","Sword Boomerang"],"picked":"Shrug It Off"},{"not_picked":["Body Slam","Perfected Strike"],"picked":"Cleave"},{"not_picked":["Hemokinesis","Dropkick"],"picked":"Shrug It Off"},{"not_picked":["Blood for Blood","Warcry"],"picked":"Infernal Blade"},{"not_picked":["Wild Strike","Dual Wield"],"picked":"Iron Wave"},{"not_picked":["Infernal Blade","Thunderclap"],"picked":"Dropkick"},{"not_picked":["Intimidate","Fire Breathing"],"picked":"Whirlwind"},{"not_picked":["Shrug It Off","Perfected Strike"],"picked":"Armaments"},{"not_picked":["Fiend Fire","Headbutt"],"picked":"Battle Trance"},{"not_picked":["Clash","Body Slam"],"picked":"Headbutt"}],"player_experience":33569,"potions_floor_usage":[18,24,33,33,33],"damage_taken":[{"damage":1,"enemies":"Small Slimes","floor":1,"turns":4},{"damage":15,"enemies":"Blue Slaver","floor":4,"turns":6},{"damage":1,"enemies":"Jaw Worm","floor":5,"turns":2},{"damage":12,"enemies":"Exordium Wildlife","floor":7,"turns":4},{"damage":38,"enemies":"Lagavulin","floor":8,"turns":7},{"damage":14,"enemies":"Exordium Thugs","floor":12,"turns":4},{"damage":10,"enemies":"3 Sentries","floor":14,"turns":8},{"damage":39,"enemies":"The Guardian","floor":16,"turns":12},{"damage":24,"enemies":"2 Thieves","floor":18,"turns":4},{"damage":18,"enemies":"3 Byrds","floor":19,"turns":8},{"damage":55,"enemies":"Slavers","floor":23,"turns":10},{"damage":14,"enemies":"3 Cultists","floor":24,"turns":6},{"damage":31,"enemies":"Centurion and Healer","floor":25,"turns":7},{"damage":16,"enemies":"Snake Plant","floor":28,"turns":3},{"damage":3,"enemies":"3 Cultists","floor":31,"turns":5},{"damage":81,"enemies":"Automaton","floor":33,"turns":12}],"event_choices":[{"event_name":"Wheel of Change","player_choice":"Gold","floor":2,"damage_taken":0},{"event_name":"The Cleric","player_choice":"Card Removal","floor":3,"damage_taken":0},{"event_name":"Accursed Blacksmith","player_choice":"Rummage","floor":10,"damage_taken":0},{"event_name":"The Library","player_choice":"Read","floor":20,"damage_taken":0},{"event_name":"Match and Keep!","player_choice":"2 cards matched","floor":21,"damage_taken":0},{"event_name":"Addict","player_choice":"Obtained Relic","floor":22,"damage_taken":0}],"boss_relics":[{"not_picked":["Tiny House","Orrery"],"picked":"Calling Bell"}],"potions_floor_spawned":[1,4,16,18,23,25,31],"seed_played":"-7653526232189635300","killed_by":"Automaton","ascension_level":0,"is_trial":false}