{"gold_per_floor":[118,129,141,151,165,165,192,117,143,162,162,175,175,175,175,272,272,291,303,125,136,136,168,168,25,25,25,25,25,45,74,74,171,171,191,88,88,88,88,115,115,125,151,168,168,202,202,217,217,217],"floor_reached":51,"playtime":2495,"items_purged":["Strike_G","Concentrate","Outmaneuver"],"score":770,"play_id":"11502339-4348-4ec1-93d6-aadbd0fafbd7","local_time":"20190314164117","is_ascension_mode":false,"campfire_choices":[{"data":"Crippling Poison","floor":6.0,"key":"SMITH"},{"data":"Bouncing Flask","floor":11.0,"key":"SMITH"},{"data":"Leg Sweep","floor":13.0,"key":"SMITH"},{"data":"Caltrops","floor":15.0,"key":"SMITH"},{"floor":24,"key":"REST"},{"data":"Noxious Fumes","floor":27,"key":"SMITH"},{"data":"Well Laid Plans","floor":29,"key":"SMITH"},{"floor":32,"key":"REST"},{"data":"Malaise","floor":41,"key":"SMITH"},{"floor":49,"key":"REST"}],"neow_cost":"NONE","seed_source_timestamp":0,"circlet_count":0,"master_deck":["Survivor","Neutralize","Crippling Poison+1","Bouncing Flask+1","Blur","Leg Sweep+1","Caltrops+1","Backstab","Corpse Explosion","Bouncing Flask","Flying Knee","Heel Hook","Endless Agony","Infinite Blades","PiercingWail+1","Dodge and Roll+1","Noxious Fumes+1","Prepared+1","Well Laid Plans+1","Backflip+1","Malaise+1","Deflect","Bandage Up"],"special_seed":0,"relics":["Ring of the Snake","Snake Skull","Pen Nib","PreservedInsect","Pandora\u0027s Box","Smiling Mask","Regal Pillow","Bottled Tornado","Juzu Bracelet","Busted Crown","Boot","Ancient Tea Set","Shuriken"],"potions_floor_usage":[23,23,50,50,50],"damage_taken":[{"damage":0.0,"enemies":"Cultist","floor":1.0,"turns":3.0},{"damage":0.0,"enemies":"Jaw Worm","floor":2.0,"turns":5.0},{"damage":0.0,"enemies":"Small Slimes","floor":3.0,"turns":2.0},{"damage":3.0,"enemies":"3 Louse","floor":4.0,"turns":3.0},{"damage":0.0,"enemies":"Large Slime","floor":5.0,"turns":6.0},{"damage":16.0,"enemies":"Lagavulin","floor":7.0,"turns":6.0},{"damage":1.0,"enemies":"Blue Slaver","floor":10.0,"turns":5.0},{"damage":1.0,"enemies":"Lots of Slimes","floor":12.0,"turns":2.0},{"damage":1.0,"enemies":"The Guardian","floor":16.0,"turns":7.0},{"damage":13.0,"enemies":"3 Byrds","floor":18.0,"turns":2.0},{"damage":12.0,"enemies":"2 Thieves","floor":19.0,"turns":3.0},{"damage":9.0,"enemies":"Centurion and Healer","floor":21.0,"turns":5.0},{"damage":26,"enemies":"Slavers","floor":23,"turns":3},{"damage":11,"enemies":"Snake Plant","floor":30,"turns":4},{"damage":10,"enemies":"Gremlin Leader","floor":31,"turns":4},{"damage":26,"enemies":"Collector","floor":33,"turns":8},{"damage":8,"enemies":"Orb Walker","floor":35,"turns":4},{"damage":22,"enemies":"Reptomancer","floor":40,"turns":5},{"damage":0,"enemies":"3 Shapes","floor":42,"turns":3},{"damage":0,"enemies":"3 Darklings","floor":44,"turns":3},{"damage":37,"enemies":"Nemesis","floor":46,"turns":7},{"damage":2,"enemies":"Transient","floor":48,"turns":5},{"damage":12,"enemies":"Donu and Deca","floor":50,"turns":7}],"seed_played":"3960613662490319008","potions_obtained":[{"floor":1.0,"key":"Dexterity Potion"},{"floor":4.0,"key":"FearPotion"},{"floor":7.0,"key":"SkillPotion"},{"floor":16.0,"key":"Regen Potion"},{"floor":30,"key":"Explosive Potion"},{"floor":33,"key":"Dexterity Potion"},{"floor":40,"key":"Weak Potion"},{"floor":46,"key":"Dexterity Potion"}],"is_trial":false,"path_per_floor":["M","M","M","M","M","R","E","$","T","M","R","M","R","?","R","B",null,"M","M","$","M","?","E","R","$","T","R","$","R","M","E","R","B",null,"M","$","?","?","?","E","R","M","T","M","?","E","?","M","R","B",null],"character_chosen":"THE_SILENT","items_purchased":["Noxious Fumes","Regal Pillow","Deflect"],"campfire_rested":3,"item_purchase_floors":[20,25,36],"current_hp_per_floor":[70,70,70,67,67,67,51,51,51,50,50,49,49,54,54,53,75,62,50,50,41,41,27,49,49,49,49,49,49,38,28,65,39,75,67,67,67,81,71,53,53,53,53,57,57,24,24,26,65,57],"gold":217,"neow_bonus":"RANDOM_COMMON_RELIC","is_prod":false,"is_daily":false,"chose_seed":false,"campfire_upgraded":7,"win_rate":0,"timestamp":1552596077,"path_taken":["M","M","?","M","M","R","E","$","T","M","R","M","R","?","R","BOSS","M","M","$","M","?","E","R","$","T","R","?","R","M","E","R","BOSS","M","$","?","?","?","E","R","M","T","M","?","E","?","M","R","BOSS"],"build_version":"2019-01-23","purchased_purges":3,"victory":true,"max_hp_per_floor":[70,70,70,70,70,70,70,70,70,70,70,70,70,75,75,75,75,75,75,75,75,75,75,75,75,75,75,75,75,75,75,75,75,75,75,75,71,81,81,81,81,81,81,81,81,81,81,81,81,81],"card_choices":[{"not_picked":["Backstab","Dagger Spray"],"picked":"Crippling Poison","floor":1.0},{"not_picked":["Blade Dance","Flying Knee"],"picked":"Bouncing Flask","floor":2.0},{"not_picked":["Flying Knee","Prepared","Bouncing Flask"],"picked":"SKIP","floor":3.0},{"not_picked":["Blade Dance","Dagger Spray"],"picked":"Blur","floor":4.0},{"not_picked":["Heel Hook","Choke"],"picked":"Leg Sweep","floor":5.0},{"not_picked":["Flechettes","Choke","Concentrate"],"picked":"SKIP","floor":7.0},{"not_picked":["Underhanded Strike","Blade Dance"],"picked":"Caltrops","floor":10.0},{"not_picked":["Poisoned Stab","Outmaneuver"],"picked":"Backstab","floor":12.0},{"not_picked":["Burst","Malaise"],"picked":"Corpse Explosion","floor":16.0},{"not_picked":["Deadly Poison","Calculated Gamble"],"picked":"PiercingWail+1","floor":18.0},{"not_picked":["Terror","Deadly Poison"],"picked":"Dodge and Roll+1","floor":19.0},{"not_picked":["Caltrops+1","Concentrate"],"picked":"Prepared+1","floor":21.0},{"not_picked":["Dagger Spray+1","Sucker Punch"],"picked":"Well Laid Plans","floor":23},{"not_picked":["Acrobatics","Slice","Backstab"],"picked":"SKIP","floor":30},{"not_picked":["PiercingWail+1","Backstab"],"picked":"Backflip+1","floor":31},{"not_picked":["Corpse Explosion","Envenom"],"picked":"Malaise","floor":33},{"not_picked":["Sucker Punch"],"picked":"SKIP","floor":35},{"not_picked":[],"picked":"Bandage Up","floor":39},{"not_picked":["Prepared+1"],"picked":"SKIP","floor":40},{"not_picked":["Prepared"],"picked":"SKIP","floor":42},{"not_picked":["Quick Slash+1"],"picked":"SKIP","floor":44},{"not_picked":["Flying Knee"],"picked":"SKIP","floor":46},{"not_picked":["Caltrops+1"],"picked":"SKIP","floor":48}],"player_experience":1324964,"relics_obtained":[{"floor":7.0,"key":"Pen Nib"},{"floor":9.0,"key":"PreservedInsect"},{"floor":23,"key":"Smiling Mask"},{"floor":26,"key":"Bottled Tornado"},{"floor":31,"key":"Juzu Bracelet"},{"floor":40,"key":"Boot"},{"floor":43,"key":"Ancient Tea Set"},{"floor":46,"key":"Shuriken"}],"event_choices":[{"damage_healed":0.0,"max_hp_gain":5.0,"max_hp_loss":0.0,"gold_gain":0.0,"event_name":"Big Fish","player_choice":"Donut","floor":14.0,"gold_loss":0.0,"damage_taken":0.0},{"damage_healed":0,"gold_gain":0,"player_choice":"Leave","damage_taken":0,"max_hp_gain":0,"max_hp_loss":0,"event_name":"FaceTrader","floor":22,"gold_loss":0},{"damage_healed":0,"gold_gain":0,"player_choice":"Max HP","damage_taken":0,"max_hp_gain":0,"max_hp_loss":4,"event_name":"Winding Halls","floor":37,"gold_loss":0},{"cards_removed":["Wraith Form v2"],"damage_healed":4,"gold_gain":0,"player_choice":"Offered Rare","damage_taken":0,"max_hp_gain":10,"max_hp_loss":0,"event_name":"Bonfire Elementals","floor":38,"gold_loss":0},{"damage_healed":0,"gold_gain":0,"player_choice":"Memory 3","damage_taken":10,"max_hp_gain":0,"max_hp_loss":0,"event_name":"SensoryStone","floor":39,"gold_loss":0},{"cards_removed":["Quick Slash"],"damage_healed":0,"gold_gain":0,"player_choice":"Removed Attack","damage_taken":0,"max_hp_gain":0,"max_hp_loss":0,"event_name":"Falling","floor":45,"gold_loss":0},{"damage_healed":0,"gold_gain":0,"player_choice":"Ignored","damage_taken":0,"max_hp_gain":0,"max_hp_loss":0,"event_name":"The Moai Head","floor":47,"gold_loss":0}],"is_beta":false,"boss_relics":[{"not_picked":["Cursed Key","White Beast Statue"],"picked":"Pandora\u0027s Box"},{"not_picked":["Coffee Dripper","Eternal Feather"],"picked":"Busted Crown"}],"items_purged_floors":[8,20,36],"is_endless":false,"potions_floor_spawned":[1,4,7,16,18,30,33,40,46,48],"ascension_level":0}