{"gold_per_floor":[114,114,128,128,128,128,160,177,177,177,277,294,310,325,325,424,424,440],"floor_reached":18,"playtime":1821,"items_purged":[],"score":189,"play_id":"45c0a451-037f-429e-a2d4-53c33f241c5d","local_time":"20190309093618","is_ascension_mode":false,"campfire_choices":[{"data":"Reprogram","floor":6,"key":"SMITH"},{"floor":15,"key":"REST"}],"neow_cost":"NONE","seed_source_timestamp":10814398929851,"circlet_count":0,"master_deck":["Strike_B","Strike_B","Strike_B","Strike_B","Defend_B","Defend_B","Defend_B","Defend_B","Zap","Dualcast","Pain","Reprogram+1","Hologram","Sunder","Regret","Steam","Conserve Battery","Static Discharge","Seek","Chaos","Ball Lightning","Conserve Battery","Cold Snap","Auto Shields","Multi-Cast"],"relics":["Cracked Core","NeowsBlessing","WarpedTongs","Dodecahedron","Turnip","Shuriken","Vajra","Orrery"],"potions_floor_usage":[16,16,16,18],"damage_taken":[{"damage":0,"enemies":"Jaw Worm","floor":1,"turns":1},{"damage":1,"enemies":"Cultist","floor":3,"turns":1},{"damage":0,"enemies":"3 Sentries","floor":7,"turns":1},{"damage":10,"enemies":"Small Slimes","floor":8,"turns":3},{"damage":4,"enemies":"2 Fungi Beasts","floor":12,"turns":2},{"damage":1,"enemies":"Gremlin Gang","floor":13,"turns":4},{"damage":9,"enemies":"Looter","floor":14,"turns":2},{"damage":22,"enemies":"The Guardian","floor":16,"turns":9},{"damage":39,"enemies":"Spheric Guardian","floor":18,"turns":30}],"seed_played":"-6853664935590577440","potions_obtained":[{"floor":3,"key":"AttackPotion"},{"floor":8,"key":"Strength Potion"},{"floor":13,"key":"Dexterity Potion"},{"floor":16,"key":"PowerPotion"}],"is_trial":false,"path_per_floor":["M","?","M","$","?","R","E","M","T","?","?","M","M","M","R","B",null,"M"],"character_chosen":"DEFECT","items_purchased":[],"campfire_rested":1,"item_purchase_floors":[],"current_hp_per_floor":[75,75,74,74,71,71,71,61,61,61,61,57,56,47,69,47,75,36],"gold":440,"neow_bonus":"THREE_ENEMY_KILL","is_prod":false,"is_daily":false,"chose_seed":false,"campfire_upgraded":1,"win_rate":0,"timestamp":1552091778,"path_taken":["M","?","M","?","?","R","E","M","T","?","?","M","?","M","R","BOSS","M"],"build_version":"2019-01-23","purchased_purges":0,"victory":false,"max_hp_per_floor":[75,75,75,75,75,75,75,75,75,75,75,75,75,75,75,75,75,75],"card_choices":[{"not_picked":["Redo","Turbo","Beam Cell"],"picked":"SKIP","floor":1},{"not_picked":["Chill","Stack"],"picked":"Reprogram","floor":3},{"not_picked":["Force Field","FTL"],"picked":"Hologram","floor":7},{"not_picked":["Barrage","Capacitor"],"picked":"Sunder","floor":8},{"not_picked":["Aggregate","Tempest"],"picked":"Steam","floor":12},{"not_picked":["Streamline","Redo"],"picked":"Conserve Battery","floor":13},{"not_picked":["Compile Driver","Sweeping Beam"],"picked":"Static Discharge","floor":14},{"not_picked":["Amplify","All For One"],"picked":"Seek","floor":16},{"not_picked":["Doom and Gloom","Sweeping Beam"],"picked":"Chaos","floor":17},{"not_picked":["Storm","Steam"],"picked":"Ball Lightning","floor":17},{"not_picked":["Hologram","Cold Snap"],"picked":"Conserve Battery","floor":17},{"not_picked":["Gash","Steam"],"picked":"Cold Snap","floor":17},{"not_picked":["Go for the Eyes","Compile Driver"],"picked":"Auto Shields","floor":17},{"not_picked":["Hologram","Genetic Algorithm+1"],"picked":"Multi-Cast","floor":18}],"player_experience":247024,"relics_obtained":[{"floor":7,"key":"Turnip"},{"floor":9,"key":"Shuriken"}],"event_choices":[{"damage_healed":0,"gold_gain":0,"player_choice":"Rummage","damage_taken":0,"relics_obtained":["WarpedTongs"],"max_hp_gain":0,"max_hp_loss":0,"event_name":"Accursed Blacksmith","floor":2,"gold_loss":0,"cards_obtained":["Pain"]},{"damage_healed":0,"gold_gain":0,"player_choice":"Success","damage_taken":3,"relics_obtained":["Dodecahedron"],"max_hp_gain":0,"max_hp_loss":0,"event_name":"Scrap Ooze","floor":5,"gold_loss":0},{"damage_healed":0,"gold_gain":0,"player_choice":"Box","damage_taken":0,"relics_obtained":["Vajra"],"max_hp_gain":0,"max_hp_loss":0,"event_name":"Big Fish","floor":10,"gold_loss":0,"cards_obtained":["Regret"]},{"damage_healed":0,"gold_gain":100,"player_choice":"Pray","damage_taken":0,"max_hp_gain":0,"max_hp_loss":0,"event_name":"Golden Shrine","floor":11,"gold_loss":0}],"is_beta":false,"boss_relics":[{"not_picked":["Snecko Eye","Runic Pyramid"],"picked":"Orrery"}],"items_purged_floors":[],"is_endless":false,"potions_floor_spawned":[3,8,13,14,16],"killed_by":"Spheric Guardian","ascension_level":0}