{"path_per_floor":["M","M","?","?","M","M","?","M","T","R","?","E","M","?","R","B",null,"M","?","$","M","?","E","M","R","T","$","M","M","R","M","R","B",null,"M","M","?","M","M","E","R","?","T","M","?","?","$","$","R","B"],"character_chosen":"IRONCLAD","items_purchased":["War Paint","Molten Egg 2","Thunderclap","Heavy Blade","Paper Frog"],"gold_per_floor":[113,125,125,125,146,162,162,178,178,178,353,392,416,486,486,616,616,640,640,114,135,135,166,182,182,206,83,97,121,121,134,134,263,263,282,305,638,654,666,691,691,691,691,706,706,706,581,175,175,175],"floor_reached":51,"campfire_rested":3,"playtime":4029,"current_hp_per_floor":[46,51,31,15,16,18,18,22,36,36,36,33,35,14,42,21,94,85,85,85,91,75,66,53,53,53,53,59,31,74,76,76,40,94,94,89,89,62,62,68,68,91,91,66,66,66,66,66,96,63],"items_purged":["Doubt","Strike_R","Armaments","Strike_R"],"gold":175,"play_id":"fb3b98c5-715e-4788-996e-cec84fbb4b22","is_prod":false,"is_daily":false,"is_ascension_mode":false,"campfire_upgraded":4,"path_taken":["M","M","?","?","M","M","?","?","T","R","?","E","?","?","R","BOSS","M","?","$","M","?","E","M","R","T","$","M","M","R","M","R","BOSS","M","?","?","M","M","E","R","?","T","M","?","?","?","$","R","BOSS"],"build_version":"2018-02-01-PROD3","purchased_purges":4,"victory":true,"master_deck":["Defend_R+1","Defend_R","Defend_R","Bash+1","Shrug It Off+1","Cleave","Shrug It Off+1","Armaments+1","Inflame","Demon Form+1","Inflame+1","Thunderclap+1","Heavy Blade+1","Double Tap","Offering+1","Whirlwind+1","Heavy Blade+1"],"max_hp_per_floor":[80,80,80,80,80,80,80,80,94,94,94,94,94,94,94,94,94,94,94,94,94,94,94,94,94,94,94,94,94,94,94,94,94,94,94,94,94,94,94,94,94,94,94,96,96,96,96,96,96,96],"relics":["Black Blood","Mango","Letter Opener","Oddly Smooth Stone","Velvet Choker","War Paint","Molten Egg 2","Enchiridion","Regal Pillow","Prayer Wheel","Singing Bowl","Pen Nib","Paper Frog"],"card_choices":[{"not_picked":["Intimidate","Armaments"],"picked":"Shrug It Off"},{"not_picked":["Hemokinesis","Sword Boomerang"],"picked":"Cleave"},{"not_picked":["Clash","Body Slam"],"picked":"Shrug It Off"},{"not_picked":["Power Through","Wild Strike"],"picked":"Armaments"},{"not_picked":["Havoc","Fire Breathing"],"picked":"Armaments"},{"not_picked":["Dark Embrace","Body Slam"],"picked":"Inflame"},{"not_picked":["Exhume","Feed"],"picked":"Demon Form"},{"not_picked":["Metallicize","Uppercut"],"picked":"Inflame"},{"not_picked":["Juggernaut","Fiend Fire"],"picked":"Double Tap"},{"not_picked":["Second Wind","Intimidate"],"picked":"Offering"},{"not_picked":["Shrug It Off","Warcry"],"picked":"Whirlwind"},{"not_picked":["Thunderclap","Offering"],"picked":"Heavy Blade"}],"player_experience":82482,"potions_floor_usage":[14,18,23,29,50,50],"damage_taken":[{"damage":0,"enemies":"2 Louse","floor":1,"turns":3},{"damage":1,"enemies":"Jaw Worm","floor":2,"turns":5},{"damage":5,"enemies":"Small Slimes","floor":5,"turns":3},{"damage":4,"enemies":"Looter","floor":6,"turns":3},{"damage":2,"enemies":"2 Fungi Beasts","floor":8,"turns":4},{"damage":9,"enemies":"3 Sentries","floor":12,"turns":11},{"damage":4,"enemies":"Exordium Thugs","floor":13,"turns":7},{"damage":27,"enemies":"Gremlin Nob","floor":14,"turns":5},{"damage":27,"enemies":"The Guardian","floor":16,"turns":13},{"damage":15,"enemies":"2 Thieves","floor":18,"turns":5},{"damage":0,"enemies":"Shell Parasite","floor":21,"turns":5},{"damage":30,"enemies":"Book of Stabbing","floor":23,"turns":7},{"damage":19,"enemies":"Centurion and Healer","floor":24,"turns":7},{"damage":0,"enemies":"Cultist and Chosen","floor":28,"turns":5},{"damage":43,"enemies":"Slaver and Parasite","floor":29,"turns":5},{"damage":4,"enemies":"Centurion and Healer","floor":31,"turns":6},{"damage":42,"enemies":"Collector","floor":33,"turns":7},{"damage":10,"enemies":"3 Shapes","floor":35,"turns":5},{"damage":15,"enemies":"Orb Walker","floor":36,"turns":4},{"damage":37,"enemies":"3 Darklings","floor":38,"turns":5},{"damage":10,"enemies":"Sphere and 2 Shapes","floor":39,"turns":5},{"damage":4,"enemies":"Giant Head","floor":40,"turns":6},{"damage":37,"enemies":"4 Shapes","floor":44,"turns":3},{"damage":43,"enemies":"Time Eater","floor":50,"turns":6}],"event_choices":[{"event_name":"Golden Idol","player_choice":"Take Damage","floor":3,"damage_taken":0},{"event_name":"Shining Light","player_choice":"Entered Light","floor":4,"damage_taken":0},{"event_name":"Living Wall","player_choice":"Forget","floor":7,"damage_taken":0},{"event_name":"Liars Game","player_choice":"agreed","floor":11,"damage_taken":0},{"event_name":"Dead Adventurer","player_choice":"Searched \u00272\u0027 times","floor":14,"damage_taken":0},{"event_name":"Match and Keep!","player_choice":"0 cards matched","floor":19,"damage_taken":0},{"event_name":"Cursed Tome","player_choice":"Obtained Book","floor":22,"damage_taken":0},{"event_name":"The Moai Head","player_choice":"Gave Idol","floor":37,"damage_taken":0},{"event_name":"Winding Halls","player_choice":"Writhe","floor":42,"damage_taken":0},{"event_name":"Wheel of Change","player_choice":"Card Removal","floor":45,"damage_taken":0}],"boss_relics":[{"not_picked":["Mark of Pain","Runic Dome"],"picked":"Velvet Choker"},{"not_picked":["Snecko Eye","Cursed Key"],"picked":"Black Blood"}],"potions_floor_spawned":[5,6,12,13,16,18,23,29,31,39,40,44],"seed_played":"5726536669029780133","ascension_level":0,"is_trial":false}