{"gold_per_floor":[116,126,136,86,86,86,102,102,153,153,43,60,60,60,60,155,155,171,181,181,13,13,13],"floor_reached":23,"playtime":750,"items_purged":["Strike_G","Strike_G"],"score":224,"play_id":"6d228fda-a13d-4e49-bb8e-802ac01ffe50","local_time":"20190313130723","is_ascension_mode":true,"campfire_choices":[{"data":"Cloak And Dagger","floor":6,"key":"SMITH"},{"data":"Dagger Spray","floor":8,"key":"SMITH"},{"data":"Cloak And Dagger","floor":13,"key":"SMITH"},{"data":"Noxious Fumes","floor":15,"key":"SMITH"}],"neow_cost":"NONE","seed_source_timestamp":5246261697428,"circlet_count":0,"master_deck":["Defend_G","Defend_G","Defend_G","Defend_G","Strike_G","Survivor","Neutralize","Cloak And Dagger+1","Dagger Spray+1","Blade Dance+1","Choke","Noxious Fumes+1","Cloak And Dagger+1","Die Die Die","Footwork","Venomology","Backstab"],"relics":["Ring of the Snake","Snake Skull","Orichalcum","Juzu Bracelet","Sozu"],"potions_floor_usage":[16,23],"damage_taken":[{"damage":3,"enemies":"Jaw Worm","floor":1,"turns":6},{"damage":0,"enemies":"2 Louse","floor":2,"turns":3},{"damage":0,"enemies":"Cultist","floor":3,"turns":4},{"damage":0,"enemies":"3 Louse","floor":7,"turns":3},{"damage":3,"enemies":"Exordium Thugs","floor":12,"turns":3},{"damage":14,"enemies":"Hexaghost","floor":16,"turns":10},{"damage":13,"enemies":"Shell Parasite","floor":18,"turns":4},{"damage":8,"enemies":"2 Thieves","floor":19,"turns":3},{"damage":50,"enemies":"Gremlin Leader","floor":23,"turns":5}],"seed_played":"-7199142653723543743","potions_obtained":[{"floor":3,"key":"Weak Potion"},{"floor":7,"key":"PowerPotion"},{"floor":16,"key":"Dexterity Potion"}],"is_trial":false,"path_per_floor":["M","M","M","?","?","R","M","R","T","?","$","M","R","?","R","B",null,"M","M","?","$","?","E"],"character_chosen":"THE_SILENT","items_purchased":["Noxious Fumes","Footwork"],"campfire_rested":0,"item_purchase_floors":[11,21],"current_hp_per_floor":[67,67,67,67,67,67,67,67,67,55,55,52,52,70,70,56,67,54,46,46,46,46,0],"gold":13,"neow_bonus":"RANDOM_COMMON_RELIC","is_prod":false,"is_daily":false,"chose_seed":false,"campfire_upgraded":4,"win_rate":0,"timestamp":1552507643,"path_taken":["M","M","M","?","?","R","?","R","T","?","?","M","R","?","R","BOSS","M","M","?","$","?","E"],"build_version":"2019-01-23","purchased_purges":2,"victory":false,"max_hp_per_floor":[70,70,70,70,70,70,70,70,70,70,70,70,70,70,70,70,70,70,70,70,70,70,70],"card_choices":[{"not_picked":["Prepared","Deadly Poison"],"picked":"Cloak And Dagger","floor":1},{"not_picked":["Riddle With Holes","Dodge and Roll"],"picked":"Dagger Spray","floor":2},{"not_picked":["Dagger Spray","Accuracy"],"picked":"Blade Dance","floor":3},{"not_picked":["Flying Knee","Riddle With Holes"],"picked":"Choke","floor":7},{"not_picked":["Bane","Infinite Blades"],"picked":"Cloak And Dagger","floor":12},{"not_picked":["Unload","Corpse Explosion"],"picked":"Die Die Die","floor":16},{"not_picked":["Endless Agony+1","Finisher","Outmaneuver"],"picked":"SKIP","floor":18},{"not_picked":["Outmaneuver","Prepared","Endless Agony"],"picked":"SKIP","floor":19}],"player_experience":420623,"relics_obtained":[{"floor":9,"key":"Orichalcum"}],"event_choices":[{"cards_removed":["Strike_G"],"damage_healed":0,"gold_gain":0,"player_choice":"Card Removal","damage_taken":0,"max_hp_gain":0,"max_hp_loss":0,"event_name":"The Cleric","floor":4,"gold_loss":50},{"damage_healed":0,"gold_gain":0,"player_choice":"Upgraded","damage_taken":0,"max_hp_gain":0,"max_hp_loss":0,"event_name":"Upgrade Shrine","floor":5,"gold_loss":0,"cards_upgraded":["Blade Dance"]},{"damage_healed":0,"gold_gain":0,"player_choice":"Success","damage_taken":12,"relics_obtained":["Juzu Bracelet"],"max_hp_gain":0,"max_hp_loss":0,"event_name":"Scrap Ooze","floor":10,"gold_loss":0},{"damage_healed":23,"gold_gain":0,"player_choice":"Banana","damage_taken":0,"max_hp_gain":0,"max_hp_loss":0,"event_name":"Big Fish","floor":14,"gold_loss":0},{"damage_healed":0,"gold_gain":0,"player_choice":"Ignored","damage_taken":0,"max_hp_gain":0,"max_hp_loss":0,"event_name":"Ghosts","floor":20,"gold_loss":0},{"damage_healed":0,"gold_gain":0,"cards_transformed":["Defend_G","Strike_G"],"player_choice":"Became Test Subject","damage_taken":0,"max_hp_gain":0,"max_hp_loss":0,"event_name":"Drug Dealer","floor":22,"gold_loss":0,"cards_obtained":["Venomology","Backstab"]}],"is_beta":false,"boss_relics":[{"not_picked":["Busted Crown","Fusion Hammer"],"picked":"Sozu"}],"items_purged_floors":[11,21],"is_endless":false,"potions_floor_spawned":[3,7,16],"killed_by":"Gremlin Leader","ascension_level":5}