{"gold_per_floor":[167,185,260,134,134,134,151,169,240,257,257,282,298,328,328,407,407,407,407,407,407,41,41],"floor_reached":23,"playtime":1038,"items_purged":["Strike_B","Strike_B"],"score":355,"play_id":"a80c4898-569d-4393-946f-9bdfb8bfc01a","local_time":"20190224234631","is_ascension_mode":true,"campfire_choices":[{"data":"Zap","floor":6.0,"key":"SMITH"},{"data":"Fission","floor":11.0,"key":"SMITH"},{"floor":15.0,"key":"REST"}],"neow_cost":"NONE","seed_source_timestamp":643017685558573,"circlet_count":0,"master_deck":["AscendersBane","Strike_B","Strike_B+1","Defend_B","Defend_B","Defend_B","Defend_B","Zap+1","Dualcast","Sweeping Beam","Glacier","Gash","Rebound","Fission+1","Cold Snap","Genetic Algorithm","White Noise","Seek","Consume+1","Self Repair","BootSequence","Fission","Bandage Up"],"special_seed":0,"relics":["Tiny House","Lantern","Bottled Lightning","Bottled Flame","Omamori","Ectoplasm","Red Mask"],"potions_floor_usage":[20,23],"damage_taken":[{"damage":7.0,"enemies":"Jaw Worm","floor":1.0,"turns":3.0},{"damage":5.0,"enemies":"2 Louse","floor":2.0,"turns":3.0},{"damage":0.0,"enemies":"Cultist","floor":7.0,"turns":4.0},{"damage":1.0,"enemies":"3 Louse","floor":8.0,"turns":4.0},{"damage":1.0,"enemies":"2 Fungi Beasts","floor":10.0,"turns":3.0},{"damage":9.0,"enemies":"3 Sentries","floor":12.0,"turns":8.0},{"damage":0.0,"enemies":"Large Slime","floor":13.0,"turns":6.0},{"damage":9.0,"enemies":"Lagavulin","floor":14.0,"turns":8.0},{"damage":12.0,"enemies":"Slime Boss","floor":16.0,"turns":7.0},{"damage":13.0,"enemies":"Spheric Guardian","floor":18.0,"turns":6.0},{"damage":0.0,"enemies":"Shell Parasite","floor":19.0,"turns":7.0},{"damage":34,"enemies":"Masked Bandits","floor":20,"turns":6},{"damage":9,"enemies":"Centurion and Healer","floor":21,"turns":12},{"damage":31,"enemies":"Gremlin Leader","floor":23,"turns":5}],"seed_played":"7101744555583165725","potions_obtained":[{"floor":0.0,"key":"EssenceOfSteel"},{"floor":2.0,"key":"Poison Potion"},{"floor":7.0,"key":"Strength Potion"},{"floor":12.0,"key":"SkillPotion"},{"floor":16.0,"key":"Ancient Potion"},{"floor":21,"key":"Ancient Potion"}],"is_trial":false,"path_per_floor":["M","M","?","$","?","R","M","M","T","M","R","E","M","E","R","B",null,"M","M","?","M","$","E"],"character_chosen":"DEFECT","items_purchased":["Gash","Fission","Strength Potion","Energy Potion","Bandage Up"],"campfire_rested":1,"item_purchase_floors":[4,22,22,22,22],"current_hp_per_floor":[62,57,46,46,46,46,46,45,45,44,44,35,35,26,48,36,66,53,53,19,17,17,0],"gold":41,"neow_bonus":"BOSS_RELIC","is_prod":false,"is_daily":false,"chose_seed":false,"campfire_upgraded":2,"win_rate":0,"timestamp":1551069991,"path_taken":["M","M","?","$","?","R","M","M","T","M","R","E","M","E","R","BOSS","M","?","?","M","$","E"],"build_version":"2019-02-06","purchased_purges":2,"victory":false,"max_hp_per_floor":[76,76,76,76,76,76,76,76,76,76,76,76,76,76,76,76,76,76,76,76,76,76,76],"card_choices":[{"not_picked":["Turbo","Conserve Battery"],"picked":"Sweeping Beam","floor":0.0},{"not_picked":["Barrage","Hologram","Coolheaded"],"picked":"SKIP","floor":1.0},{"not_picked":["Go for the Eyes","Streamline"],"picked":"Glacier","floor":2.0},{"not_picked":["Streamline","Sweeping Beam"],"picked":"Rebound","floor":7.0},{"not_picked":["Stack","Consume","Steam"],"picked":"SKIP","floor":8.0},{"not_picked":["Darkness","Turbo"],"picked":"Fission","floor":10.0},{"not_picked":["Barrage","Coolheaded"],"picked":"Cold Snap","floor":12.0},{"not_picked":["Steam","Ball Lightning"],"picked":"Genetic Algorithm","floor":13.0},{"not_picked":["Beam Cell","Go for the Eyes"],"picked":"White Noise","floor":14.0},{"not_picked":["Reboot","Amplify"],"picked":"Seek","floor":16.0},{"not_picked":["Reprogram+1","Sweeping Beam","Steam"],"picked":"SKIP","floor":18.0},{"not_picked":["Conserve Battery","Beam Cell+1"],"picked":"Consume+1","floor":19.0},{"not_picked":["Stack","Streamline"],"picked":"Self Repair","floor":20},{"not_picked":["Storm","Barrage+1"],"picked":"BootSequence","floor":21}],"player_experience":2036646,"relics_obtained":[{"floor":9.0,"key":"Bottled Lightning"},{"floor":12.0,"key":"Bottled Flame"},{"floor":14.0,"key":"Omamori"},{"floor":20,"key":"Red Mask"}],"event_choices":[{"damage_healed":0.0,"max_hp_gain":0.0,"max_hp_loss":0.0,"gold_gain":75.0,"event_name":"World of Goop","player_choice":"Gather Gold","floor":3.0,"gold_loss":0.0,"damage_taken":11.0},{"damage_healed":0.0,"max_hp_gain":0.0,"max_hp_loss":0.0,"gold_gain":0.0,"event_name":"WeMeetAgain","player_choice":"Gave Potion","floor":5.0,"gold_loss":0.0,"damage_taken":0.0,"relics_obtained":["Lantern"]},{"damage_healed":0,"gold_gain":0,"player_choice":"Fought Bandits","damage_taken":0,"max_hp_gain":0,"max_hp_loss":0,"event_name":"Masked Bandits","floor":20,"gold_loss":0}],"is_beta":true,"boss_relics":[{"not_picked":["Orrery","Calling Bell"],"picked":"Ectoplasm"}],"items_purged_floors":[4,22],"is_endless":false,"potions_floor_spawned":[2,7,12,16,21],"killed_by":"Gremlin Leader","ascension_level":15}