{"gold_per_floor":[110,130,55,55,55,55,67,94,94,125,125,136,148,180,180,259,259,273,173,188,202,54,54,74,108,108,37,52,52,68,68],"floor_reached":31,"playtime":998,"items_purged":["Strike_R","Strike_R"],"score":535,"play_id":"f520b89d-2443-4e9c-8882-50cf947dbf13","local_time":"20190204172746","is_ascension_mode":true,"campfire_choices":[{"data":"Bash","floor":6.0,"key":"SMITH"},{"floor":11.0,"key":"REST"},{"data":"Feed","floor":15.0,"key":"SMITH"},{"data":"Rampage","floor":23.0,"key":"SMITH"},{"data":"Pommel Strike","floor":29.0,"key":"SMITH"}],"neow_cost":"NONE","seed_source_timestamp":2275790709339905,"circlet_count":0,"master_deck":["AscendersBane","Strike_R","Strike_R","Strike_R","Defend_R","Defend_R","Defend_R+1","Defend_R+1","Bash+1","Rampage+1","Pommel Strike+1","Feed+1","Inflame","Immolate","Battle Trance"],"special_seed":0,"relics":["Burning Blood","Bottled Flame","Singing Bowl","War Paint","Bag of Preparation","Philosopher\u0027s Stone","Lantern","Mummified Hand"],"potions_floor_usage":[],"damage_taken":[{"damage":6.0,"enemies":"Cultist","floor":1.0,"turns":4.0},{"damage":7.0,"enemies":"Small Slimes","floor":2.0,"turns":3.0},{"damage":7.0,"enemies":"Jaw Worm","floor":7.0,"turns":3.0},{"damage":35.0,"enemies":"Lagavulin","floor":8.0,"turns":8.0},{"damage":30.0,"enemies":"3 Sentries","floor":10.0,"turns":10.0},{"damage":0.0,"enemies":"3 Louse","floor":12.0,"turns":4.0},{"damage":10.0,"enemies":"Gremlin Gang","floor":13.0,"turns":6.0},{"damage":16.0,"enemies":"Lagavulin","floor":14.0,"turns":5.0},{"damage":66.0,"enemies":"Hexaghost","floor":16.0,"turns":14.0},{"damage":38.0,"enemies":"Shell Parasite","floor":18.0,"turns":6.0},{"damage":19.0,"enemies":"2 Thieves","floor":20.0,"turns":4.0},{"damage":2.0,"enemies":"Centurion and Healer","floor":21.0,"turns":6.0},{"damage":15.0,"enemies":"Snake Plant","floor":24.0,"turns":3.0},{"damage":25.0,"enemies":"Gremlin Leader","floor":25.0,"turns":5.0},{"damage":8.0,"enemies":"3 Cultists","floor":28.0,"turns":5.0},{"damage":19.0,"enemies":"Snecko","floor":30.0,"turns":5.0},{"damage":43,"enemies":"Shelled Parasite and Fungi","floor":31,"turns":5}],"seed_played":"-2846558591306142771","potions_obtained":[{"floor":1.0,"key":"Dexterity Potion"},{"floor":10.0,"key":"EssenceOfSteel"},{"floor":12.0,"key":"Regen Potion"},{"floor":14.0,"key":"Dexterity Potion"},{"floor":18.0,"key":"BloodPotion"},{"floor":21.0,"key":"Weak Potion"}],"is_trial":false,"path_per_floor":["M","M","$","$","?","R","M","E","T","E","R","M","M","E","R","B",null,"M","$","M","M","$","R","M","E","T","$","M","R","M","M"],"character_chosen":"IRONCLAD","items_purchased":["Lantern","Battle Trance"],"campfire_rested":1,"item_purchase_floors":[22,27],"current_hp_per_floor":[75,74,74,74,74,74,73,47,47,26,52,63,64,59,59,14,81,55,55,48,58,58,58,51,46,46,46,50,50,39,0],"gold":68,"neow_bonus":"TEN_PERCENT_HP_BONUS","is_prod":false,"is_daily":false,"chose_seed":false,"campfire_upgraded":4,"win_rate":0,"timestamp":1549319266,"path_taken":["M","M","?","$","?","R","M","E","T","E","R","M","M","E","R","BOSS","M","$","M","M","$","R","M","E","T","?","M","R","M","?"],"build_version":"2019-01-23","purchased_purges":2,"victory":false,"max_hp_per_floor":[82,82,82,82,82,82,82,85,85,88,88,93,98,103,103,103,103,109,109,115,121,121,121,123,125,125,125,131,131,133,133],"card_choices":[{"not_picked":["Wild Strike","Havoc"],"picked":"Rampage","floor":1.0},{"not_picked":["Twin Strike","Perfected Strike"],"picked":"Pommel Strike","floor":2.0},{"not_picked":["Sword Boomerang","Heavy Blade"],"picked":"Feed","floor":7.0},{"not_picked":["Clash","Burning Pact","Pummel"],"picked":"SKIP","floor":8.0},{"not_picked":["Shockwave","Armaments"],"picked":"Inflame","floor":10.0},{"not_picked":["Fire Breathing","Twin Strike","Wild Strike"],"picked":"Singing Bowl","floor":12.0},{"not_picked":["Twin Strike","Warcry","Juggernaut"],"picked":"Singing Bowl","floor":13.0},{"not_picked":["Sever Soul","Clash","Wild Strike"],"picked":"Singing Bowl","floor":14.0},{"not_picked":["Exhume","Demon Form"],"picked":"Immolate","floor":16.0},{"not_picked":["Dropkick","Sever Soul+1","Clash"],"picked":"Singing Bowl","floor":18.0},{"not_picked":["Clothesline","Searing Blow","Sword Boomerang"],"picked":"Singing Bowl","floor":20.0},{"not_picked":["Wild Strike","Seeing Red","Evolve"],"picked":"Singing Bowl","floor":21.0},{"not_picked":["Havoc","Cleave+1","Pommel Strike+1"],"picked":"Singing Bowl","floor":24.0},{"not_picked":["Wild Strike","Carnage","Blood for Blood"],"picked":"Singing Bowl","floor":25.0},{"not_picked":["Clash","Pommel Strike","Flex"],"picked":"Singing Bowl","floor":28.0},{"not_picked":["Thunderclap","Wild Strike","Twin Strike"],"picked":"Singing Bowl","floor":30.0}],"player_experience":1943520,"relics_obtained":[{"floor":8.0,"key":"Bottled Flame"},{"floor":9.0,"key":"Singing Bowl"},{"floor":10.0,"key":"War Paint"},{"floor":14.0,"key":"Bag of Preparation"},{"floor":25.0,"key":"Mummified Hand"}],"event_choices":[{"damage_healed":0.0,"max_hp_gain":0.0,"max_hp_loss":0.0,"gold_gain":0.0,"event_name":"Match and Keep!","player_choice":"0 cards matched","floor":5.0,"gold_loss":0.0,"damage_taken":0.0,"cards_obtained":[]}],"is_beta":true,"boss_relics":[{"not_picked":["Eternal Feather","Pandora\u0027s Box"],"picked":"Philosopher\u0027s Stone"}],"items_purged_floors":[3,19],"is_endless":false,"potions_floor_spawned":[1,10,12,14,18,21],"killed_by":"Shelled Parasite and Fungi","ascension_level":15}