{"gold_per_floor":[110,123,43,61,61,92,102,130,130,130,158,169,14,49,49,125,125,140,18,18,18,28,57,57,84,84,115,126,176,176,189,189,261,261,276,289,302,321,321,321,321,338,362,362,377,394,394,15,15,15],"floor_reached":51,"playtime":2263,"items_purged":["Strike_R","Strike_R","Pain"],"score":1321,"play_id":"e21acd2f-be67-4f3a-ab33-2d18976c7a50","local_time":"20190309202808","is_ascension_mode":true,"campfire_choices":[{"floor":10.0,"key":"REST"},{"floor":15.0,"key":"REST"},{"floor":24.0,"key":"REST"},{"floor":32.0,"key":"REST"},{"floor":40.0,"key":"REST"},{"floor":49,"key":"REST"}],"neow_cost":"NONE","seed_source_timestamp":0,"circlet_count":0,"master_deck":["AscendersBane","Defend_R","Defend_R","Defend_R","Defend_R","Bash","Shockwave+1","Inflame","Hemokinesis","Anger","Battle Trance+1","Armaments+1","True Grit+1","Feel No Pain","Offering+1","Clothesline+1","True Grit+1","Warcry+1","Metallicize","Shrug It Off+1","Demon Form","Infernal Blade+1","Burning Pact+1","Limit Break+1","Uppercut+1","Battle Trance+1","Headbutt","Blind+1","Finesse+1","Writhe","Decay","Parasite","Heavy Blade","Reaper","Warcry+1"],"special_seed":0,"relics":["Burning Blood","Toxic Egg 2","Sundial","Strawberry","Bottled Lightning","Cursed Key","Anchor","Pocketwatch","Mercury Hourglass","Astrolabe","Mummified Hand","Regal Pillow","Ornamental Fan"],"potions_floor_usage":[45,50],"damage_taken":[{"damage":0.0,"enemies":"Small Slimes","floor":1.0,"turns":3.0},{"damage":6.0,"enemies":"Cultist","floor":2.0,"turns":4.0},{"damage":4.0,"enemies":"2 Louse","floor":4.0,"turns":3.0},{"damage":22.0,"enemies":"Gremlin Nob","floor":6.0,"turns":3.0},{"damage":18.0,"enemies":"Large Slime","floor":7.0,"turns":5.0},{"damage":36.0,"enemies":"3 Sentries","floor":8.0,"turns":7.0},{"damage":6.0,"enemies":"Lagavulin","floor":11.0,"turns":7.0},{"damage":5.0,"enemies":"Lots of Slimes","floor":12.0,"turns":4.0},{"damage":32.0,"enemies":"Gremlin Nob","floor":14.0,"turns":4.0},{"damage":33.0,"enemies":"Slime Boss","floor":16.0,"turns":10.0},{"damage":1.0,"enemies":"3 Byrds","floor":18.0,"turns":4.0},{"damage":18.0,"enemies":"Shell Parasite","floor":22.0,"turns":3.0},{"damage":37.0,"enemies":"Book of Stabbing","floor":23.0,"turns":6.0},{"damage":27.0,"enemies":"Slavers","floor":25.0,"turns":7.0},{"damage":28.0,"enemies":"Gremlin Leader","floor":27.0,"turns":7.0},{"damage":6.0,"enemies":"Chosen and Byrds","floor":28.0,"turns":4.0},{"damage":6.0,"enemies":"Snecko","floor":31.0,"turns":5.0},{"damage":10.0,"enemies":"Automaton","floor":33.0,"turns":11.0},{"damage":6.0,"enemies":"Orb Walker","floor":35.0,"turns":4.0},{"damage":8.0,"enemies":"3 Darklings","floor":36.0,"turns":5.0},{"damage":14.0,"enemies":"4 Shapes","floor":37.0,"turns":6.0},{"damage":6.0,"enemies":"Maw","floor":38.0,"turns":7.0},{"damage":8.0,"enemies":"Transient","floor":42.0,"turns":5.0},{"damage":10,"enemies":"Writhing Mass","floor":45,"turns":7},{"damage":28,"enemies":"Jaw Worm Horde","floor":46,"turns":6},{"damage":36,"enemies":"Awakened One","floor":50,"turns":11}],"seed_played":"-8537256540188319711","potions_obtained":[{"floor":2.0,"key":"SpeedPotion"},{"floor":4.0,"key":"Poison Potion"},{"floor":5.0,"key":"Ancient Potion"},{"floor":7.0,"key":"LiquidBronze"},{"floor":11.0,"key":"EssenceOfSteel"},{"floor":14.0,"key":"LiquidBronze"},{"floor":23.0,"key":"Ancient Potion"},{"floor":27.0,"key":"BloodPotion"},{"floor":28.0,"key":"EssenceOfSteel"},{"floor":31.0,"key":"GamblersBrew"},{"floor":36.0,"key":"Block Potion"}],"is_trial":false,"path_per_floor":["M","M","$","M","?","E","M","E","T","R","E","M","$","E","R","B",null,"M","$","?","$","M","E","R","E","T","E","M","?","?","M","R","B",null,"M","M","M","M","?","R","T","M","T","T","M","M","?","$","R","B",null],"character_chosen":"IRONCLAD","items_purchased":["Inflame","Feel No Pain","True Grit+1","Reaper","Warcry+1","Dexterity Potion"],"campfire_rested":6,"item_purchase_floors":[3,13,19,48,48,48],"current_hp_per_floor":[81,81,81,82,82,66,54,24,24,48,55,56,56,30,56,29,74,79,79,79,79,67,36,62,41,41,19,27,27,27,27,53,49,79,79,77,69,69,59,85,85,83,83,83,79,57,57,57,85,85],"gold":15,"neow_bonus":"TEN_PERCENT_HP_BONUS","is_prod":false,"is_daily":false,"chose_seed":false,"campfire_upgraded":0,"win_rate":0,"timestamp":1552181288,"path_taken":["M","M","$","M","?","E","?","E","T","R","E","M","?","E","R","BOSS","M","$","?","$","M","E","R","E","T","E","M","?","?","M","R","BOSS","M","M","M","?","?","R","?","M","T","?","M","?","?","$","R","BOSS"],"build_version":"2019-02-06","purchased_purges":3,"victory":true,"max_hp_per_floor":[82,82,82,82,82,82,82,82,82,82,89,89,89,89,89,89,89,89,89,89,89,89,89,89,89,89,89,89,89,89,89,89,89,89,89,89,89,89,89,89,89,89,89,89,89,89,85,85,85,85],"card_choices":[{"not_picked":["Warcry","Second Wind","Flex"],"picked":"SKIP","floor":1.0},{"not_picked":["Pommel Strike","Thunderclap"],"picked":"Shockwave","floor":2.0},{"not_picked":["Armaments","Havoc"],"picked":"Hemokinesis","floor":4.0},{"not_picked":["Flex","Searing Blow"],"picked":"Anger","floor":6.0},{"not_picked":["Clash","True Grit+1"],"picked":"Battle Trance+1","floor":7.0},{"not_picked":["Perfected Strike","Thunderclap"],"picked":"Armaments+1","floor":8.0},{"not_picked":["Infernal Blade+1","Thunderclap","Havoc+1"],"picked":"SKIP","floor":11.0},{"not_picked":["Cleave","Rampage"],"picked":"True Grit+1","floor":12.0},{"not_picked":["Havoc+1","Reckless Charge","Heavy Blade"],"picked":"SKIP","floor":14.0},{"not_picked":["Dark Embrace","Berserk"],"picked":"Offering+1","floor":16.0},{"not_picked":["Cleave","Heavy Blade+1"],"picked":"Clothesline+1","floor":18.0},{"not_picked":["Heavy Blade","Sentinel+1"],"picked":"Warcry+1","floor":22.0},{"not_picked":["Body Slam+1","Perfected Strike+1","Thunderclap+1"],"picked":"SKIP","floor":23.0},{"not_picked":["Brutality","Berserk","Warcry+1"],"picked":"SKIP","floor":25.0},{"not_picked":["Carnage","Flex+1"],"picked":"Metallicize","floor":27.0},{"not_picked":["Clash","Armaments+1"],"picked":"Shrug It Off+1","floor":28.0},{"not_picked":["Blood for Blood+1","Cleave","Havoc+1"],"picked":"SKIP","floor":31.0},{"not_picked":["Fiend Fire","Exhume+1"],"picked":"Demon Form","floor":33.0},{"not_picked":["Sentinel+1","Searing Blow"],"picked":"Uppercut+1","floor":35.0},{"not_picked":["Sword Boomerang","Heavy Blade","Evolve"],"picked":"SKIP","floor":36.0},{"not_picked":["Cleave","Iron Wave"],"picked":"Battle Trance+1","floor":37.0},{"not_picked":["True Grit+1","Twin Strike"],"picked":"Headbutt","floor":38.0},{"not_picked":["Sadistic Nature","Purity+1"],"picked":"Blind+1","floor":39.0},{"not_picked":["Madness+1","Impatience+1"],"picked":"Finesse+1","floor":39.0},{"not_picked":["Infernal Blade+1","Second Wind+1","Flex+1"],"picked":"SKIP","floor":42.0},{"not_picked":["Headbutt+1","Anger+1"],"picked":"Heavy Blade","floor":45},{"not_picked":["Clothesline+1","Infernal Blade+1","Cleave"],"picked":"SKIP","floor":46}],"player_experience":2134001,"relics_obtained":[{"floor":6.0,"key":"Toxic Egg 2"},{"floor":8.0,"key":"Sundial"},{"floor":11.0,"key":"Strawberry"},{"floor":14.0,"key":"Bottled Lightning"},{"floor":23.0,"key":"Anchor"},{"floor":25.0,"key":"Pocketwatch"},{"floor":27.0,"key":"Mercury Hourglass"},{"floor":41.0,"key":"Mummified Hand"},{"floor":43.0,"key":"Regal Pillow"},{"floor":44.0,"key":"Ornamental Fan"}],"event_choices":[{"damage_healed":0.0,"max_hp_gain":0.0,"max_hp_loss":0.0,"gold_gain":0.0,"event_name":"Lab","player_choice":"Got Potions","floor":5.0,"gold_loss":0.0,"damage_taken":0.0},{"damage_healed":0.0,"max_hp_gain":0.0,"max_hp_loss":0.0,"gold_gain":0.0,"event_name":"Vampires","player_choice":"Ignored","floor":20.0,"gold_loss":0.0,"damage_taken":0.0},{"damage_healed":0.0,"max_hp_gain":0.0,"max_hp_loss":0.0,"gold_gain":50.0,"event_name":"Nest","player_choice":"Stole From Cult","floor":29.0,"gold_loss":0.0,"damage_taken":0.0},{"damage_healed":0.0,"max_hp_gain":0.0,"max_hp_loss":0.0,"gold_gain":0.0,"event_name":"Upgrade Shrine","player_choice":"Upgraded","floor":30.0,"gold_loss":0.0,"damage_taken":0.0,"cards_upgraded":["Shockwave"]},{"damage_healed":0.0,"max_hp_gain":0.0,"max_hp_loss":0.0,"gold_gain":0.0,"event_name":"SensoryStone","player_choice":"Memory 3","floor":39.0,"gold_loss":0.0,"damage_taken":10.0},{"damage_healed":0,"gold_gain":0,"player_choice":"Max HP","damage_taken":0,"max_hp_gain":0,"max_hp_loss":4,"event_name":"Winding Halls","floor":47,"gold_loss":0}],"is_beta":true,"boss_relics":[{"not_picked":["Runic Pyramid","Busted Crown"],"picked":"Cursed Key"},{"not_picked":["Sozu","Eternal Feather"],"picked":"Astrolabe"}],"items_purged_floors":[13,19,48],"is_endless":false,"potions_floor_spawned":[2,4,7,11,14,23,27,28,31,36,37],"ascension_level":15}