{"gold_per_floor":[113,123,136,136,34,34,49,49,49,14,25,25,56,75,75,146,146,163,88,103,103,119,119],"floor_reached":23,"playtime":962,"items_purged":["Strike_G"],"score":425,"play_id":"56a922ae-7b33-4875-8cd0-09564dfe3fca","local_time":"20190224232659","is_ascension_mode":true,"campfire_choices":[{"floor":6,"key":"REST"},{"data":"Dagger Spray","floor":8,"key":"SMITH"},{"data":"Bouncing Flask","floor":12,"key":"SMITH"},{"floor":15,"key":"REST"}],"neow_cost":"NONE","seed_source_timestamp":642047345993407,"circlet_count":0,"master_deck":["AscendersBane","Defend_G","Defend_G","Defend_G","Defend_G","Defend_G","Strike_G","Strike_G","Strike_G+1","Strike_G+1","Survivor","Neutralize","Footwork","Dash","Backflip","Well Laid Plans","Dodge and Roll","Dagger Spray+1","Leg Sweep","Bouncing Flask+1","Acrobatics","Dodge and Roll","Burst","Noxious Fumes+1","Die Die Die","Reflex"],"relics":["HoveringKite","Prayer Wheel","Frozen Egg 2","Whetstone","Black Star"],"potions_floor_usage":[16,18,22],"damage_taken":[{"damage":21,"enemies":"Jaw Worm","floor":1,"turns":10},{"damage":3,"enemies":"Cultist","floor":2,"turns":5},{"damage":1,"enemies":"Small Slimes","floor":3,"turns":5},{"damage":2,"enemies":"Red Slaver","floor":7,"turns":6},{"damage":0,"enemies":"Large Slime","floor":11,"turns":6},{"damage":32,"enemies":"Gremlin Nob","floor":13,"turns":5},{"damage":4,"enemies":"Blue Slaver","floor":14,"turns":2},{"damage":0,"enemies":"The Guardian","floor":16,"turns":11},{"damage":2,"enemies":"3 Byrds","floor":18,"turns":3},{"damage":1,"enemies":"Shell Parasite","floor":20,"turns":7},{"damage":46,"enemies":"Cultist and Chosen","floor":22,"turns":9},{"damage":13,"enemies":"Gremlin Leader","floor":23,"turns":3}],"seed_played":"-7504850232571124593","potions_obtained":[{"floor":2,"key":"Swift Potion"},{"floor":7,"key":"LiquidBronze"},{"floor":13,"key":"FearPotion"},{"floor":20,"key":"Block Potion"}],"is_trial":false,"path_per_floor":["M","M","M","?","$","R","M","R","T","$","M","R","E","M","R","B",null,"M","$","M","$","M","E"],"character_chosen":"THE_SILENT","items_purchased":["Backflip","Well Laid Plans","Leg Sweep"],"campfire_rested":2,"item_purchase_floors":[5,5,10],"current_hp_per_floor":[38,35,34,34,34,53,51,51,51,51,51,51,19,15,34,34,58,56,56,55,55,9,0],"gold":119,"neow_bonus":"BOSS_RELIC","is_prod":false,"is_daily":false,"chose_seed":false,"campfire_upgraded":2,"win_rate":0,"timestamp":1551068819,"path_taken":["M","M","M","?","$","R","M","R","T","$","M","R","E","M","R","BOSS","M","$","M","?","M","E"],"build_version":"2019-02-06","purchased_purges":1,"victory":false,"max_hp_per_floor":[66,66,66,66,66,66,66,66,66,66,66,66,66,66,66,66,66,66,66,66,66,66,66],"card_choices":[{"not_picked":["Sucker Punch","Flying Knee"],"picked":"Footwork","floor":1},{"not_picked":["Masterful Stab","Blade Dance"],"picked":"Dash","floor":2},{"not_picked":["Dodge and Roll","Bane","Caltrops"],"picked":"SKIP","floor":3},{"not_picked":["Blade Dance","Infinite Blades"],"picked":"Dodge and Roll","floor":7},{"not_picked":["Prepared","PiercingWail"],"picked":"Dagger Spray","floor":7},{"not_picked":["Blade Dance","Storm of Steel"],"picked":"Bouncing Flask","floor":11},{"not_picked":["Dagger Throw","Well Laid Plans+1"],"picked":"Acrobatics","floor":11},{"not_picked":["Distraction","Flying Knee","Finisher"],"picked":"SKIP","floor":13},{"not_picked":["Flying Knee","Outmaneuver"],"picked":"Dodge and Roll","floor":14},{"not_picked":["Dagger Spray","Slice","All Out Attack"],"picked":"SKIP","floor":14},{"not_picked":["Tools of the Trade+1","Glass Knife"],"picked":"Burst","floor":16},{"not_picked":["Dagger Spray","All Out Attack","Cloak And Dagger"],"picked":"SKIP","floor":18},{"not_picked":["Dodge and Roll","Calculated Gamble","Sucker Punch"],"picked":"SKIP","floor":18},{"not_picked":["Deadly Poison","Skewer"],"picked":"Noxious Fumes+1","floor":20},{"not_picked":["Distraction","Bane","Cloak And Dagger"],"picked":"SKIP","floor":20},{"not_picked":["Blade Dance","Dagger Spray"],"picked":"Die Die Die","floor":22},{"not_picked":["Prepared","Blade Dance"],"picked":"Reflex","floor":22}],"player_experience":2035684,"relics_obtained":[{"floor":9,"key":"Frozen Egg 2"},{"floor":13,"key":"Whetstone"}],"event_choices":[{"damage_healed":0,"gold_gain":0,"player_choice":"Gave Potion","damage_taken":0,"relics_obtained":["Prayer Wheel"],"max_hp_gain":0,"max_hp_loss":0,"event_name":"WeMeetAgain","floor":4,"gold_loss":0}],"is_beta":true,"boss_relics":[{"not_picked":["Cursed Key","Velvet Choker"],"picked":"Black Star"}],"items_purged_floors":[19],"is_endless":false,"potions_floor_spawned":[2,7,13,20],"killed_by":"Gremlin Leader","ascension_level":15}