{"gold_per_floor":[115,115,115,115,132,132,159,159,182,30,50,64,91,91],"floor_reached":14,"playtime":564,"items_purged":[],"score":101,"play_id":"ad20a858-1e49-4bed-8e97-212f8a99af61","local_time":"20190306043936","is_ascension_mode":true,"campfire_choices":[{"floor":6.0,"key":"RECALL"},{"floor":8.0,"key":"REST"}],"neow_cost":"CURSE","seed_source_timestamp":0,"circlet_count":0,"master_deck":["Strike_B","Strike_B","Strike_B","Strike_B","Defend_B+1","Defend_B","Defend_B","Defend_B","Zap+1","Dualcast","Decay","Consume+1","Regret","Conserve Battery","Hologram","Core Surge+1","Doom and Gloom+1","Force Field","Chill"],"special_seed":0,"relics":["Cracked Core","Mango","Potion Belt","Molten Egg 2","DataDisk","Odd Mushroom","Ancient Tea Set"],"potions_floor_usage":[13],"damage_taken":[{"damage":0.0,"enemies":"Small Slimes","floor":1.0,"turns":3.0},{"damage":5.0,"enemies":"2 Louse","floor":5.0,"turns":2.0},{"damage":30.0,"enemies":"3 Sentries","floor":7.0,"turns":7.0},{"damage":21,"enemies":"The Mushroom Lair","floor":11,"turns":4},{"damage":5,"enemies":"Jaw Worm","floor":12,"turns":3},{"damage":1,"enemies":"Gremlin Nob","floor":13,"turns":3},{"damage":40,"enemies":"Gremlin Gang","floor":14,"turns":2}],"seed_played":"-7056532130978714575","potions_obtained":[{"floor":1.0,"key":"Strength Potion"},{"floor":7.0,"key":"Block Potion"},{"floor":13,"key":"GamblersBrew"}],"is_trial":false,"path_per_floor":["M","?","?","?","M","R","E","R","T","$","?","M","E","M"],"character_chosen":"DEFECT","items_purchased":["Core Surge+1"],"campfire_rested":1,"item_purchase_floors":[10],"current_hp_per_floor":[89,89,89,71,66,66,36,62,62,62,41,36,35,0],"gold":91,"neow_bonus":"ONE_RARE_RELIC","is_prod":false,"is_daily":false,"chose_seed":false,"campfire_upgraded":0,"win_rate":0,"timestamp":1551814776,"path_taken":["M","?","?","?","M","R","E","R","T","$","?","?","E","M"],"build_version":"2019-01-23","purchased_purges":0,"victory":false,"max_hp_per_floor":[89,89,89,89,89,89,89,89,89,89,89,89,89,89],"card_choices":[{"not_picked":["FTL","Darkness"],"picked":"Consume","floor":1.0},{"not_picked":["Leap","Streamline"],"picked":"Conserve Battery","floor":5.0},{"not_picked":["Steam","Chill"],"picked":"Hologram","floor":7.0},{"not_picked":["Hello World","Rip and Tear+1"],"picked":"Doom and Gloom+1","floor":11},{"not_picked":["Reprogram","Double Energy"],"picked":"Force Field","floor":12},{"not_picked":["Scrape+1","Steam"],"picked":"Chill","floor":13}],"player_experience":119001,"relics_obtained":[{"floor":7.0,"key":"Molten Egg 2"},{"floor":9.0,"key":"DataDisk"},{"floor":11,"key":"Odd Mushroom"},{"floor":13,"key":"Ancient Tea Set"}],"event_choices":[{"damage_healed":0.0,"max_hp_gain":0.0,"max_hp_loss":0.0,"gold_gain":0.0,"event_name":"Living Wall","player_choice":"Grow","floor":2.0,"gold_loss":0.0,"damage_taken":0.0,"cards_upgraded":["Consume"]},{"damage_healed":0.0,"max_hp_gain":0.0,"max_hp_loss":0.0,"gold_gain":0.0,"event_name":"Big Fish","player_choice":"Box","floor":3.0,"gold_loss":0.0,"damage_taken":0.0,"relics_obtained":["Potion Belt"],"cards_obtained":["Regret"]},{"damage_healed":0.0,"max_hp_gain":0.0,"max_hp_loss":0.0,"gold_gain":0.0,"event_name":"Shining Light","player_choice":"Entered Light","floor":4.0,"gold_loss":0.0,"damage_taken":18.0,"cards_upgraded":["Defend_B","Zap"]},{"damage_healed":0,"gold_gain":0,"player_choice":"Fought Mushrooms","damage_taken":0,"max_hp_gain":0,"max_hp_loss":0,"event_name":"Mushrooms","floor":11,"gold_loss":0}],"is_beta":false,"boss_relics":[],"items_purged_floors":[],"is_endless":false,"potions_floor_spawned":[1,7,13],"killed_by":"Gremlin Gang","ascension_level":1}