{"gold_per_floor":[115,115,47,47,47,73,86,103,149,149,167,201,201,219,219,320,320,331,346,113,113,128,128,154,154,181,181,194,210,228,247,247,344,344,359,359,45,63,83,83,111,111,111,122,0,13,13],"floor_reached":47,"playtime":2758,"items_purged":["Pain"],"score":587,"play_id":"bcd599f0-ce5a-485e-a3f7-0be91013d522","local_time":"20190311020849","is_ascension_mode":true,"campfire_choices":[{"floor":10.0,"key":"REST"},{"floor":13.0,"key":"REST"},{"floor":15,"key":"REST"},{"floor":23,"key":"REST"},{"data":"Self Repair","floor":25,"key":"SMITH"},{"data":"Hello World","floor":27,"key":"SMITH"},{"floor":32,"key":"REST"},{"data":"Storm","floor":40,"key":"SMITH"},{"data":"Meteor Strike","floor":42,"key":"SMITH"}],"neow_cost":"NONE","seed_source_timestamp":53059522299170,"circlet_count":0,"master_deck":["Strike_B+1","Strike_B","Strike_B","Defend_B","Defend_B","Defend_B","Defend_B","Zap","Dualcast+1","Ball Lightning","Storm+1","Leap","Fusion","Hologram","Genetic Algorithm","Sunder","Tempest","Electrodynamics","Turbo","Ball Lightning","Biased Cognition","Self Repair+1","Zap","Hello World+1","Force Field","BootSequence","Redo","Defragment+1","Meteor Strike+1","Amplify","Compile Driver+1","Consume","Hologram+1","Turbo+1","Cold Snap","Conserve Battery","Conserve Battery"],"special_seed":0,"relics":["Runic Dome","Anchor","WarpedTongs","Dodecahedron","Regal Pillow","Letter Opener","Snecko Eye","Strawberry","Potion Belt","Inserter","Frozen Egg 2","Kunai","Dead Branch","Red Mask"],"potions_floor_usage":[16,24,29,31,33,41,47],"damage_taken":[{"damage":3.0,"enemies":"2 Louse","floor":1.0,"turns":3.0},{"damage":26.0,"enemies":"Lagavulin","floor":6.0,"turns":5.0},{"damage":8.0,"enemies":"Cultist","floor":7.0,"turns":3.0},{"damage":0.0,"enemies":"Jaw Worm","floor":8.0,"turns":2.0},{"damage":30.0,"enemies":"Lots of Slimes","floor":11.0,"turns":5.0},{"damage":16.0,"enemies":"Gremlin Nob","floor":12.0,"turns":3.0},{"damage":0,"enemies":"Gremlin Gang","floor":14,"turns":2},{"damage":65,"enemies":"Hexaghost","floor":16,"turns":10},{"damage":7,"enemies":"Spheric Guardian","floor":18,"turns":3},{"damage":26,"enemies":"Shell Parasite","floor":19,"turns":4},{"damage":21,"enemies":"Snecko","floor":22,"turns":4},{"damage":20,"enemies":"Book of Stabbing","floor":24,"turns":3},{"damage":10,"enemies":"3 Cultists","floor":28,"turns":4},{"damage":12,"enemies":"Centurion and Healer","floor":29,"turns":5},{"damage":13,"enemies":"Snecko","floor":30,"turns":3},{"damage":0,"enemies":"Sentry and Sphere","floor":31,"turns":3},{"damage":40,"enemies":"Champ","floor":33,"turns":8},{"damage":7,"enemies":"Orb Walker","floor":35,"turns":3},{"damage":9,"enemies":"3 Shapes","floor":38,"turns":3},{"damage":32,"enemies":"Jaw Worm Horde","floor":39,"turns":4},{"damage":38,"enemies":"Nemesis","floor":41,"turns":5},{"damage":0,"enemies":"Maw","floor":44,"turns":6},{"damage":3,"enemies":"Spire Growth","floor":46,"turns":3},{"damage":61,"enemies":"Reptomancer","floor":47,"turns":4}],"seed_played":"4919917959511487415","potions_obtained":[{"floor":6.0,"key":"Fire Potion"},{"floor":11.0,"key":"Explosive Potion"},{"floor":12.0,"key":"SkillPotion"},{"floor":16,"key":"PowerPotion"},{"floor":28,"key":"PowerPotion"},{"floor":30,"key":"PowerPotion"},{"floor":31,"key":"Swift Potion"},{"floor":33,"key":"Ancient Potion"},{"floor":35,"key":"PowerPotion"},{"floor":39,"key":"EssenceOfSteel"},{"floor":41,"key":"SteroidPotion"}],"is_trial":false,"path_per_floor":["M","?","$","?","?","E","M","M","T","R","M","E","R","M","R","B",null,"M","M","$","?","M","R","E","R","T","R","M","M","M","M","R","B",null,"M","?","$","M","M","R","E","R","T","M","?","M","E"],"character_chosen":"DEFECT","items_purchased":["Storm","Biased Cognition","Consume","Frozen Egg 2"],"campfire_rested":5,"item_purchase_floors":[3,20,37,37],"current_hp_per_floor":[72,69,69,54,54,28,20,20,20,57,27,11,48,48,75,10,75,68,42,42,42,28,65,59,59,59,59,49,47,44,44,82,52,82,75,75,75,82,70,70,42,42,42,52,52,59,0],"gold":13,"neow_bonus":"BOSS_RELIC","is_prod":false,"is_daily":false,"chose_seed":false,"campfire_upgraded":4,"win_rate":0,"timestamp":1552237729,"path_taken":["M","?","$","?","?","E","M","M","T","R","M","E","R","?","R","BOSS","M","?","$","?","?","R","E","R","T","R","M","?","?","M","R","BOSS","M","?","?","M","?","R","E","R","T","M","?","M","E"],"build_version":"2019-01-23","purchased_purges":1,"victory":false,"max_hp_per_floor":[75,75,75,75,75,75,75,75,75,75,75,75,75,75,75,75,75,75,75,75,75,75,75,82,82,82,82,82,82,82,82,82,82,82,82,82,82,82,82,82,82,82,82,82,82,82,82],"card_choices":[{"not_picked":["Rebound","Coolheaded"],"picked":"Ball Lightning","floor":1.0},{"not_picked":["Streamline","BootSequence"],"picked":"Leap","floor":6.0},{"not_picked":["Barrage","Steam"],"picked":"Fusion","floor":7.0},{"not_picked":["Darkness","Sweeping Beam"],"picked":"Hologram","floor":8.0},{"not_picked":["Stack","Reprogram"],"picked":"Genetic Algorithm","floor":11.0},{"not_picked":["Blizzard","Go for the Eyes"],"picked":"Sunder","floor":12.0},{"not_picked":["Go for the Eyes","Rebound"],"picked":"Tempest","floor":14},{"not_picked":["Biased Cognition","Thunder Strike"],"picked":"Electrodynamics","floor":16},{"not_picked":["Steam","Leap"],"picked":"Turbo","floor":18},{"not_picked":["Redo","Coolheaded"],"picked":"Ball Lightning","floor":19},{"not_picked":["Chaos","Darkness"],"picked":"Hello World","floor":22},{"not_picked":["Fission","Hologram"],"picked":"Force Field","floor":24},{"not_picked":["Stack+1","Beam Cell"],"picked":"BootSequence","floor":28},{"not_picked":["Barrage+1","Turbo"],"picked":"Redo","floor":29},{"not_picked":["Barrage","Static Discharge"],"picked":"Defragment+1","floor":30},{"not_picked":["Leap","Beam Cell"],"picked":"Meteor Strike","floor":31},{"not_picked":["Biased Cognition","Fission"],"picked":"Amplify","floor":33},{"not_picked":["Auto Shields","Streamline+1"],"picked":"Compile Driver+1","floor":35},{"not_picked":["Turbo","Go for the Eyes"],"picked":"Hologram+1","floor":38},{"not_picked":["Gash+1","Undo+1"],"picked":"Turbo+1","floor":39},{"not_picked":["Hyperbeam","Go for the Eyes+1"],"picked":"Cold Snap","floor":41},{"not_picked":["Cold Snap+1","Beam Cell+1"],"picked":"Conserve Battery","floor":44},{"not_picked":["Streamline+1","Gash+1"],"picked":"Conserve Battery","floor":46}],"player_experience":295243,"relics_obtained":[{"floor":6.0,"key":"Dodecahedron"},{"floor":9.0,"key":"Regal Pillow"},{"floor":12.0,"key":"Letter Opener"},{"floor":24,"key":"Strawberry"},{"floor":26,"key":"Potion Belt"},{"floor":41,"key":"Kunai"},{"floor":43,"key":"Dead Branch"}],"event_choices":[{"damage_healed":0.0,"max_hp_gain":0.0,"max_hp_loss":0.0,"gold_gain":0.0,"event_name":"Scrap Ooze","player_choice":"Success","floor":2.0,"gold_loss":0.0,"damage_taken":3.0,"relics_obtained":["Anchor"]},{"damage_healed":0.0,"max_hp_gain":0.0,"max_hp_loss":0.0,"gold_gain":0.0,"event_name":"Shining Light","player_choice":"Entered Light","floor":4.0,"gold_loss":0.0,"damage_taken":15.0,"cards_upgraded":["Strike_B","Dualcast"]},{"damage_healed":0.0,"max_hp_gain":0.0,"max_hp_loss":0.0,"gold_gain":0.0,"event_name":"Accursed Blacksmith","player_choice":"Rummage","floor":5.0,"gold_loss":0.0,"damage_taken":0.0,"relics_obtained":["WarpedTongs"],"cards_obtained":["Pain"]},{"damage_healed":0,"gold_gain":0,"player_choice":"2 cards matched","damage_taken":0,"max_hp_gain":0,"max_hp_loss":0,"event_name":"Match and Keep!","floor":21,"gold_loss":0,"cards_obtained":["Self Repair","Zap"]},{"cards_removed":["Strike_B"],"damage_healed":0,"gold_gain":0,"player_choice":"Purged","damage_taken":0,"max_hp_gain":0,"max_hp_loss":0,"event_name":"Purifier","floor":36,"gold_loss":0},{"damage_healed":0,"gold_gain":0,"player_choice":"Paid","damage_taken":0,"relics_obtained":["Red Mask"],"max_hp_gain":0,"max_hp_loss":0,"event_name":"Tomb of Lord Red Mask","floor":45,"gold_loss":122}],"is_beta":false,"boss_relics":[{"not_picked":["Black Star","Calling Bell"],"picked":"Snecko Eye"},{"not_picked":["Velvet Choker","Orrery"],"picked":"Inserter"}],"items_purged_floors":[20],"is_endless":false,"potions_floor_spawned":[6,11,12,16,28,30,31,33,35,39,41],"killed_by":"Reptomancer","ascension_level":3}