{"gold_per_floor":[114,94,59,78,153,153,185,205,258,277,277,277,295,324,324,397,397,413,93,104,117,117,117,151,162,233,244,244,262,289,303,303,303],"floor_reached":33,"playtime":1412,"items_purged":["Pain"],"score":567,"play_id":"7bf0c3ce-e738-4f61-b20d-2fc255c8e866","local_time":"20190123112851","is_ascension_mode":true,"campfire_choices":[{"data":"Hemokinesis","floor":6.0,"key":"SMITH"},{"data":"Uppercut","floor":11.0,"key":"SMITH"},{"data":"Fiend Fire","floor":15.0,"key":"SMITH"},{"data":"Whirlwind","floor":23.0,"key":"SMITH"},{"data":"Inflame","floor":28.0,"key":"SMITH"},{"data":"Battle Trance","floor":32.0,"key":"SMITH"}],"neow_cost":"NONE","seed_source_timestamp":1216946410412400,"circlet_count":0,"master_deck":["AscendersBane","Strike_R","Strike_R","Strike_R","Strike_R","Strike_R","Defend_R","Defend_R","Defend_R","Defend_R","Bash+1","Shrug It Off","Hemokinesis+1","Battle Trance+1","Immolate","Uppercut+1","Fiend Fire+1","Reaper","Evolve","Whirlwind+1","Flame Barrier","Power Through","Inflame+1","Clothesline+1"],"special_seed":0,"relics":["Burning Blood","Centennial Puzzle","Potion Belt","WarpedTongs","PreservedInsect","Mark of Pain","Bottled Lightning","Letter Opener","Meat on the Bone","Boot"],"potions_floor_usage":[33,33],"damage_taken":[{"damage":3.0,"enemies":"2 Louse","floor":1.0,"turns":3.0},{"damage":3.0,"enemies":"Cultist","floor":4.0,"turns":4.0},{"damage":21.0,"enemies":"3 Sentries","floor":7.0,"turns":8.0},{"damage":4.0,"enemies":"Jaw Worm","floor":8.0,"turns":3.0},{"damage":12.0,"enemies":"Looter","floor":10.0,"turns":4.0},{"damage":13.0,"enemies":"Exordium Thugs","floor":13.0,"turns":3.0},{"damage":4.0,"enemies":"Gremlin Nob","floor":14.0,"turns":3.0},{"damage":19.0,"enemies":"The Guardian","floor":16.0,"turns":10.0},{"damage":17.0,"enemies":"theJungle:MUSHROOMGANG","floor":18.0,"turns":3.0},{"damage":16.0,"enemies":"Shell Parasite","floor":20.0,"turns":3.0},{"damage":14.0,"enemies":"theJungle:SlimyTreeVines","floor":21.0,"turns":3.0},{"damage":18.0,"enemies":"theJungle:Phrog","floor":24.0,"turns":5.0},{"damage":11.0,"enemies":"theJungle:Lyon","floor":25.0,"turns":5.0},{"damage":0.0,"enemies":"theJungle:2_Snecko_Cultists","floor":27.0,"turns":2.0},{"damage":12.0,"enemies":"theJungle:JungleHuntersEncounter","floor":29.0,"turns":5.0},{"damage":3.0,"enemies":"theJungle:Cassacara","floor":30.0,"turns":3.0},{"damage":8.0,"enemies":"theJungle:SlimyTreeVines","floor":31.0,"turns":8.0},{"damage":92,"enemies":"theJungle:TotemBoss","floor":33,"turns":6}],"seed_played":"1889378610274497029","potions_obtained":[{"floor":2.0,"key":"AttackPotion"},{"floor":4.0,"key":"FearPotion"},{"floor":7.0,"key":"Ancient Potion"},{"floor":8.0,"key":"Regen Potion"},{"floor":13.0,"key":"AttackPotion"},{"floor":14.0,"key":"Explosive Potion"},{"floor":21.0,"key":"Poison Potion"},{"floor":24.0,"key":"Poison Potion"}],"is_trial":false,"path_per_floor":["?","$","?","?","?","M"],"character_chosen":"IRONCLAD","items_purchased":["Hemokinesis","Bottled Lightning"],"campfire_rested":0,"item_purchase_floors":[3,19],"current_hp_per_floor":[71,71,71,74,63,63,48,50,50,44,44,44,37,39,39,41,67,56,56,46,48,48,48,39,34,34,52,52,47,50,62,62,0],"gold":303,"neow_bonus":"UPGRADE_CARD","is_prod":false,"is_daily":false,"chose_seed":false,"campfire_upgraded":6,"win_rate":0,"timestamp":1548260931,"path_taken":["M","?","?","M","?","R","E","M","T","M","R","?","M","E","R","BOSS","M","$","M","M","?","R","E","M","T","?","R","M","E","M","R","BOSS"],"build_version":"2019-01-22","purchased_purges":1,"victory":false,"max_hp_per_floor":[75,75,75,75,75,75,75,75,75,75,75,75,75,75,75,75,75,75,75,75,75,75,75,75,75,75,75,75,75,75,75,75,75],"card_choices":[{"not_picked":["Iron Wave","Warcry"],"picked":"Shrug It Off","floor":1.0},{"not_picked":["Twin Strike","Shrug It Off"],"picked":"Battle Trance","floor":4.0},{"not_picked":["Shrug It Off","Searing Blow"],"picked":"Immolate","floor":7.0},{"not_picked":["Clash","Body Slam","Twin Strike"],"picked":"SKIP","floor":8.0},{"not_picked":["Warcry","Spot Weakness"],"picked":"Uppercut","floor":10.0},{"not_picked":["Flex","Havoc","Clothesline"],"picked":"SKIP","floor":13.0},{"not_picked":["Flex","Iron Wave"],"picked":"Fiend Fire","floor":14.0},{"not_picked":["Bludgeon","Demon Form"],"picked":"Reaper","floor":16.0},{"not_picked":["Wild Strike","Clothesline"],"picked":"Evolve","floor":18.0},{"not_picked":["Infernal Blade","Perfected Strike+1","Twin Strike"],"picked":"SKIP","floor":20.0},{"not_picked":["Blood for Blood","Iron Wave"],"picked":"Whirlwind","floor":21.0},{"not_picked":["Iron Wave","Brutality","Clothesline"],"picked":"SKIP","floor":24.0},{"not_picked":["Heavy Blade","Pommel Strike"],"picked":"Power Through","floor":25.0},{"not_picked":["Rage","Pommel Strike"],"picked":"Inflame","floor":27.0},{"not_picked":["Blood for Blood","Infernal Blade+1","Armaments"],"picked":"SKIP","floor":29.0},{"not_picked":["Havoc","Intimidate","Dual Wield"],"picked":"SKIP","floor":30.0},{"not_picked":["Body Slam","Cleave+1"],"picked":"Clothesline+1","floor":31.0}],"player_experience":1872300,"relics_obtained":[{"floor":7.0,"key":"Centennial Puzzle"},{"floor":9.0,"key":"Potion Belt"},{"floor":14.0,"key":"PreservedInsect"},{"floor":24.0,"key":"Letter Opener"},{"floor":26.0,"key":"Meat on the Bone"},{"floor":30.0,"key":"Boot"}],"event_choices":[{"damage_healed":0.0,"max_hp_gain":0.0,"max_hp_loss":0.0,"gold_gain":0.0,"event_name":"The Woman in Blue","player_choice":"Bought 1 Potion","floor":2.0,"gold_loss":0.0,"damage_taken":0.0},{"damage_healed":0.0,"max_hp_gain":0.0,"max_hp_loss":0.0,"gold_gain":75.0,"event_name":"World of Goop","player_choice":"Gather Gold","floor":5.0,"gold_loss":0.0,"damage_taken":11.0},{"damage_healed":0.0,"max_hp_gain":0.0,"max_hp_loss":0.0,"gold_gain":0.0,"event_name":"Accursed Blacksmith","player_choice":"Rummage","floor":12.0,"gold_loss":0.0,"damage_taken":0.0,"relics_obtained":["WarpedTongs"],"cards_obtained":["Pain"]},{"damage_healed":0.0,"max_hp_gain":0.0,"max_hp_loss":0.0,"gold_gain":0.0,"event_name":"Match and Keep!","player_choice":"1 cards matched","floor":22.0,"gold_loss":0.0,"damage_taken":0.0,"cards_obtained":["Flame Barrier"]}],"is_beta":true,"boss_relics":[{"not_picked":["Runic Cube","Black Blood"],"picked":"Mark of Pain"}],"items_purged_floors":[19],"is_endless":false,"potions_floor_spawned":[4,7,8,13,14,21,24,27,30],"killed_by":"theJungle:TotemBoss","ascension_level":15}