{"path_per_floor":["M","?","$","M","M","E","?","R","T","R","?","R","$","M","R","B",null,"M","$","?","M","M","R","E","R","T","R","M","?","?","?","R","B",null,"M","?","$","?","M","R"],"character_chosen":"THE_SILENT","items_purchased":["Outmaneuver","Poisoned Stab","Vajra","Dream Catcher"],"gold_per_floor":[115,115,34,48,58,83,183,183,207,207,172,172,23,36,36,141,171,183,37,37,50,68,68,100,100,100,100,113,38,38,38,38,141,141,157,157,157,0,18,18],"floor_reached":41,"campfire_rested":5,"playtime":5221,"current_hp_per_floor":[70,56,56,56,52,32,32,53,53,53,70,70,70,58,58,47,75,75,75,75,65,53,53,21,43,43,65,46,46,46,37,61,3,80,44,44,44,44,33,57],"items_purged":[],"gold":18,"play_id":"b6a105d9-7e90-4d66-85a2-958c6be89e62","is_prod":false,"is_daily":false,"is_ascension_mode":false,"campfire_upgraded":4,"path_taken":["M","?","$","?","M","E","?","R","T","R","?","R","$","?","R","BOSS","M","$","?","M","M","R","E","R","T","R","M","?","?","?","R","BOSS","M","?","$","?","M","R","E"],"build_version":"2018-01-25-PROD3","purchased_purges":0,"victory":false,"master_deck":["Defend_G","Defend_G","Defend_G+1","Defend_G","Strike_G","Strike_G+1","Strike_G+1","Survivor","Neutralize","Leg Sweep","Outmaneuver","Poisoned Stab+1","Skewer+1","Deadly Poison+1","Flying Knee","Dagger Spray+1","After Image","Poisoned Stab","All Out Attack","Noxious Fumes","Dodge and Roll+1","Backstab","Distraction+1","Slice+1","Leg Sweep+1","Burst","Dodge and Roll+1","Outmaneuver+1","Poisoned Stab+1","Bouncing Flask","Blur+1","Heel Hook","All Out Attack+1"],"max_hp_per_floor":[70,70,70,70,70,70,70,70,70,70,70,70,70,70,70,70,75,75,75,75,75,75,75,75,75,75,75,75,75,75,80,80,80,80,80,80,80,80,80,80],"relics":["Ring of the Snake","Shuriken","War Paint","Vajra","Tiny House","Dream Catcher","Bottled Tornado","Unceasing Top","Orrery","Red Mask"],"card_choices":[{"not_picked":["Crippling Poison","Heel Hook"],"picked":"Leg Sweep"},{"not_picked":["Quick Slash","Infinite Blades"],"picked":"Skewer"},{"not_picked":["Escape Plan","Footwork"],"picked":"Deadly Poison"},{"not_picked":["Dodge and Roll","Well Laid Plans"],"picked":"Flying Knee"},{"not_picked":["Prepared","Eviscerate"],"picked":"Dagger Spray"},{"not_picked":["Envenom","Wraith Form"],"picked":"After Image"},{"not_picked":["Dagger Spray","Skewer"],"picked":"Poisoned Stab"},{"not_picked":["Blade Dance","Flying Knee"],"picked":"All Out Attack"},{"not_picked":["Slice","Calculated Gamble"],"picked":"Noxious Fumes"},{"not_picked":["Sucker Punch","Acrobatics"],"picked":"Dodge and Roll"},{"not_picked":["Poisoned Stab","A Thousand Cuts"],"picked":"Backstab"},{"not_picked":["Quick Slash","Endless Agony"],"picked":"Distraction"},{"not_picked":["Deflect","Dagger Spray"],"picked":"Slice"},{"not_picked":["Infinite Blades","Skewer"],"picked":"Leg Sweep"},{"not_picked":["Tools of the Trade","Unload"],"picked":"Burst"},{"not_picked":["Caltrops","Acrobatics"],"picked":"Dodge and Roll"},{"not_picked":["Riddle With Holes","Skewer"],"picked":"Outmaneuver"},{"not_picked":["Deadly Poison","PiercingWail"],"picked":"Poisoned Stab"},{"not_picked":["Terror","Deadly Poison"],"picked":"Bouncing Flask"},{"not_picked":["Flying Knee","Escape Plan"],"picked":"Blur"},{"not_picked":["Infinite Blades","Riddle With Holes"],"picked":"Heel Hook"},{"not_picked":["Poisoned Stab","Dagger Spray"],"picked":"All Out Attack"}],"player_experience":2901,"potions_floor_usage":[24,33,41,41,41],"damage_taken":[{"damage":0.0,"enemies":"Cultist","floor":1.0,"turns":5.0},{"damage":0.0,"enemies":"Small Slimes","floor":4.0,"turns":3.0},{"damage":4.0,"enemies":"Blue Slaver","floor":5.0,"turns":5.0},{"damage":20.0,"enemies":"Lagavulin","floor":6.0,"turns":8.0},{"damage":12.0,"enemies":"Lots of Slimes","floor":14.0,"turns":4.0},{"damage":11.0,"enemies":"Hexaghost","floor":16.0,"turns":8.0},{"damage":0.0,"enemies":"Chosen","floor":18.0,"turns":4.0},{"damage":10.0,"enemies":"Shell Parasite","floor":21.0,"turns":5.0},{"damage":12.0,"enemies":"Snake Plant","floor":22.0,"turns":5.0},{"damage":32,"enemies":"Gremlin Leader","floor":24,"turns":7},{"damage":19,"enemies":"Chosen and Byrds","floor":28,"turns":6},{"damage":58,"enemies":"Champ","floor":33,"turns":13},{"damage":36,"enemies":"3 Darklings","floor":35,"turns":6},{"damage":11,"enemies":"3 Shapes","floor":39,"turns":5},{"damage":59,"enemies":"Giant Head","floor":41,"turns":10}],"event_choices":[{"event_name":"Shining Light","player_choice":"Entered Light","floor":2.0,"damage_taken":0.0},{"event_name":"Golden Shrine","player_choice":"Pray","floor":7.0,"damage_taken":0.0},{"event_name":"The Cleric","player_choice":"Healed","floor":11.0,"damage_taken":0.0},{"event_name":"Purifier","player_choice":"One Purge","floor":20.0,"damage_taken":0.0},{"event_name":"Beggar","player_choice":"Gave Gold","floor":29,"damage_taken":0},{"event_name":"Cursed Tome","player_choice":"Ignored","floor":30,"damage_taken":0},{"event_name":"Forgotten Altar","player_choice":"Shed Blood","floor":31,"damage_taken":0},{"event_name":"Tomb of Lord Red Mask","player_choice":"Paid","floor":38,"damage_taken":0}],"boss_relics":[{"not_picked":["Runic Pyramid","Calling Bell"],"picked":"Orrery"}],"potions_floor_spawned":[1,6,21,33,39],"seed_played":"5967339842722156563","killed_by":"Giant Head","ascension_level":0,"is_trial":false}