{"gold_per_floor":[111,66,66,83,96,96,116,132,132,148,148,181,71,71,71,174,174,189,207,207,54,73,73,73],"floor_reached":24,"playtime":970,"items_purged":["Strike_R"],"score":248,"play_id":"922fb264-31ae-49f7-9788-74e3390142d9","local_time":"20190314015912","is_ascension_mode":true,"campfire_choices":[{"data":"Body Slam","floor":6,"key":"SMITH"},{"data":"Armaments","floor":11,"key":"SMITH"},{"data":"Rampage","floor":15,"key":"SMITH"},{"floor":23,"key":"REST"}],"neow_cost":"NONE","seed_source_timestamp":51335386919699,"circlet_count":0,"master_deck":["Strike_R","Strike_R","Strike_R","Defend_R","Defend_R","Defend_R","Defend_R","Bash","Cleave","Bludgeon","Body Slam+1","Shrug It Off","Rampage+1","Shockwave","Armaments+1","Battle Trance","Ghostly Armor","Demon Form+1","Heavy Blade","Shrug It Off","Double Tap"],"relics":["Burning Blood","NeowsBlessing","Bottled Flame","Charon\u0027s Ashes","Sozu"],"potions_floor_usage":[10,16],"damage_taken":[{"damage":0,"enemies":"Small Slimes","floor":1,"turns":1},{"damage":0,"enemies":"Cultist","floor":4,"turns":1},{"damage":0,"enemies":"2 Louse","floor":5,"turns":1},{"damage":15,"enemies":"2 Fungi Beasts","floor":7,"turns":3},{"damage":1,"enemies":"Red Slaver","floor":8,"turns":2},{"damage":14,"enemies":"Exordium Thugs","floor":10,"turns":4},{"damage":29,"enemies":"3 Sentries","floor":12,"turns":7},{"damage":26,"enemies":"The Guardian","floor":16,"turns":11},{"damage":14,"enemies":"3 Byrds","floor":18,"turns":5},{"damage":14,"enemies":"Shell Parasite","floor":19,"turns":4},{"damage":28,"enemies":"Cultist and Chosen","floor":22,"turns":5},{"damage":55,"enemies":"Chosen and Byrds","floor":24,"turns":4}],"seed_played":"3437504965964687408","potions_obtained":[{"floor":1,"key":"Poison Potion"},{"floor":8,"key":"FearPotion"}],"is_trial":false,"path_per_floor":["M","$","?","M","M","R","M","M","T","M","R","E","$","?","R","B",null,"M","M","?","$","M","R","M"],"character_chosen":"IRONCLAD","items_purchased":["Cleave","Ghostly Armor","Double Tap"],"campfire_rested":1,"item_purchase_floors":[2,13,21],"current_hp_per_floor":[80,80,80,80,80,80,71,76,76,68,68,45,45,45,45,25,66,58,50,50,50,28,52,0],"gold":73,"neow_bonus":"THREE_ENEMY_KILL","is_prod":false,"is_daily":false,"chose_seed":false,"campfire_upgraded":3,"win_rate":0,"timestamp":1552553952,"path_taken":["M","$","?","M","?","R","M","M","T","M","R","E","$","?","R","BOSS","M","M","?","$","M","R","?"],"build_version":"2019-01-23","purchased_purges":1,"victory":false,"max_hp_per_floor":[80,80,80,80,80,80,80,80,80,80,80,80,80,80,80,80,80,80,80,80,80,80,80,80],"card_choices":[{"not_picked":["Rage","Wild Strike","Armaments"],"picked":"SKIP","floor":1},{"not_picked":["Pommel Strike","Anger"],"picked":"Body Slam","floor":4},{"not_picked":["Havoc","Spot Weakness"],"picked":"Shrug It Off","floor":5},{"not_picked":["Cleave","Headbutt"],"picked":"Rampage","floor":7},{"not_picked":["Flex","Offering"],"picked":"Shockwave","floor":8},{"not_picked":["Hemokinesis","Sword Boomerang"],"picked":"Armaments","floor":10},{"not_picked":["Body Slam","Combust"],"picked":"Battle Trance","floor":12},{"not_picked":["Dark Embrace","Exhume"],"picked":"Demon Form","floor":16},{"not_picked":["Iron Wave","Cleave"],"picked":"Heavy Blade","floor":18},{"not_picked":["Wild Strike","Thunderclap"],"picked":"Shrug It Off","floor":19},{"not_picked":["Warcry+1","Seeing Red","Cleave"],"picked":"SKIP","floor":22}],"player_experience":433961,"relics_obtained":[{"floor":9,"key":"Bottled Flame"},{"floor":12,"key":"Charon\u0027s Ashes"}],"event_choices":[{"damage_healed":0,"gold_gain":0,"cards_transformed":["Strike_R"],"player_choice":"Transformed","damage_taken":0,"max_hp_gain":0,"max_hp_loss":0,"event_name":"Transmorgrifier","floor":3,"gold_loss":0,"cards_obtained":["Bludgeon"]},{"damage_healed":0,"gold_gain":0,"player_choice":"Ignored","damage_taken":0,"max_hp_gain":0,"max_hp_loss":0,"event_name":"Liars Game","floor":14,"gold_loss":0},{"damage_healed":0,"gold_gain":0,"player_choice":"Forge","damage_taken":0,"max_hp_gain":0,"max_hp_loss":0,"event_name":"Accursed Blacksmith","floor":20,"gold_loss":0,"cards_upgraded":["Demon Form"]}],"is_beta":false,"boss_relics":[{"not_picked":["Coffee Dripper","Runic Dome"],"picked":"Sozu"}],"items_purged_floors":[13],"is_endless":false,"potions_floor_spawned":[1,8,22],"killed_by":"Chosen and Byrds","ascension_level":5}