{"gold_per_floor":[14,14,32,32,48,77,77,2,2,19,30,30],"floor_reached":12,"playtime":2849,"items_purged":["Strike_R"],"score":140,"play_id":"cf16869a-d299-453d-9bd9-0e9e633c853b","local_time":"20190220193756","is_ascension_mode":true,"campfire_choices":[{"data":"Rampage","floor":7,"key":"SMITH"}],"neow_cost":"NO_GOLD","seed_source_timestamp":280788413133272,"circlet_count":0,"master_deck":["AscendersBane","Strike_R","Strike_R","Strike_R","Strike_R","Defend_R","Defend_R","Defend_R","Defend_R","Bash","Rampage+1","Headbutt","Rage","Shockwave"],"relics":["Burning Blood","Unceasing Top","Molten Egg 2","Singing Bowl"],"potions_floor_usage":[12],"damage_taken":[{"damage":3,"enemies":"2 Louse","floor":1,"turns":3},{"damage":2,"enemies":"Jaw Worm","floor":3,"turns":5},{"damage":1,"enemies":"Cultist","floor":5,"turns":3},{"damage":33,"enemies":"Lagavulin","floor":6,"turns":8},{"damage":22,"enemies":"Large Slime","floor":10,"turns":8},{"damage":3,"enemies":"Exordium Wildlife","floor":11,"turns":5},{"damage":42,"enemies":"3 Sentries","floor":12,"turns":6}],"seed_played":"-4473826746040548069","potions_obtained":[{"floor":6,"key":"Strength Potion"},{"floor":10,"key":"SkillPotion"}],"is_trial":false,"path_per_floor":["M","?","M","?","M","E","R","$","T","M","M","E"],"character_chosen":"IRONCLAD","items_purchased":[],"campfire_rested":0,"item_purchase_floors":[],"current_hp_per_floor":[71,71,75,75,75,48,48,48,48,32,37,0],"gold":30,"neow_bonus":"ONE_RARE_RELIC","is_prod":false,"is_daily":false,"chose_seed":false,"campfire_upgraded":1,"win_rate":0,"timestamp":1550709476,"path_taken":["M","?","M","?","M","E","R","?","T","M","M","E"],"build_version":"2019-02-06","purchased_purges":1,"victory":false,"max_hp_per_floor":[75,75,75,75,75,75,75,75,75,75,77,77],"card_choices":[{"not_picked":["Clash","Thunderclap"],"picked":"Rampage","floor":1},{"not_picked":["Pommel Strike","Wild Strike"],"picked":"Headbutt","floor":3},{"not_picked":["Power Through","Cleave","Dropkick"],"picked":"SKIP","floor":5},{"not_picked":["Flex","Wild Strike"],"picked":"Rage","floor":6},{"not_picked":["Havoc","Rupture"],"picked":"Shockwave","floor":10},{"not_picked":["Ghostly Armor","Headbutt+1","Infernal Blade"],"picked":"Singing Bowl","floor":11}],"player_experience":1997796,"relics_obtained":[{"floor":6,"key":"Molten Egg 2"},{"floor":9,"key":"Singing Bowl"}],"event_choices":[{"damage_healed":0,"gold_gain":0,"player_choice":"Ignored","damage_taken":0,"max_hp_gain":0,"max_hp_loss":0,"event_name":"Liars Game","floor":2,"gold_loss":0},{"damage_healed":0,"gold_gain":0,"player_choice":"Leave","damage_taken":0,"max_hp_gain":0,"max_hp_loss":0,"event_name":"The Cleric","floor":4,"gold_loss":0}],"is_beta":true,"boss_relics":[],"items_purged_floors":[8],"is_endless":false,"potions_floor_spawned":[6,10,11],"killed_by":"3 Sentries","ascension_level":15}