{"gold_per_floor":[115,40,140,152,51,51,62,62,62,79,112,132,132,143,143,242,242,252,45,45,113,133,143,162,190,190,206,82,82,82,98,98,203,203,213,213,213,213,223,223,256,270,270,302,55,89,89,102,102,102],"floor_reached":51,"playtime":2574,"items_purged":["Defend_R","Decay"],"score":1131,"play_id":"8ca89190-56f7-410f-bd24-01f886820a84","local_time":"20190313224726","is_ascension_mode":true,"campfire_choices":[{"data":"Evolve","floor":8.0,"key":"SMITH"},{"data":"Perfected Strike","floor":13.0,"key":"SMITH"},{"data":"Bash","floor":15.0,"key":"SMITH"},{"data":"Armaments","floor":29.0,"key":"SMITH"},{"floor":32.0,"key":"REST"},{"data":"Fiend Fire","floor":40.0,"key":"SMITH"},{"floor":49.0,"key":"REST"}],"neow_cost":"NONE","seed_source_timestamp":0,"circlet_count":0,"master_deck":["Strike_R","Strike_R","Strike_R","Strike_R","Strike_R","Defend_R","Defend_R","Defend_R","Bash+1","Reaper","Perfected Strike+1","Wild Strike","Evolve+1","Shrug It Off","Pommel Strike","Impervious","Perfected Strike+1","Twin Strike","Demon Form","Perfected Strike+1","Pommel Strike","Twin Strike","Second Wind","Body Slam+1","Armaments+1","Twin Strike+1","Fiend Fire+1","Pommel Strike","Wild Strike","Clumsy","Twin Strike","Battle Trance+1"],"special_seed":0,"relics":["Burning Blood","Oddly Smooth Stone","Singing Bowl","Cursed Key","DollysMirror","Frozen Egg 2","Bird Faced Urn","Paper Frog","Snecko Eye","Bottled Flame","Sundial","Darkstone Periapt","Blue Candle","Ancient Tea Set"],"potions_floor_usage":[50,50],"damage_taken":[{"damage":7.0,"enemies":"2 Louse","floor":1.0,"turns":3.0},{"damage":6.0,"enemies":"Cultist","floor":4.0,"turns":3.0},{"damage":0.0,"enemies":"Jaw Worm","floor":7.0,"turns":3.0},{"damage":4.0,"enemies":"Red Slaver","floor":10.0,"turns":4.0},{"damage":31.0,"enemies":"Lagavulin","floor":11.0,"turns":4.0},{"damage":24.0,"enemies":"Lots of Slimes","floor":12.0,"turns":6.0},{"damage":0.0,"enemies":"2 Fungi Beasts","floor":14.0,"turns":2.0},{"damage":34.0,"enemies":"Hexaghost","floor":16.0,"turns":8.0},{"damage":0.0,"enemies":"3 Byrds","floor":18.0,"turns":4.0},{"damage":22.0,"enemies":"2 Thieves","floor":22.0,"turns":4.0},{"damage":33.0,"enemies":"Chosen and Byrds","floor":23.0,"turns":5.0},{"damage":1.0,"enemies":"3 Cultists","floor":24.0,"turns":4.0},{"damage":24.0,"enemies":"Slavers","floor":25.0,"turns":4.0},{"damage":37.0,"enemies":"Centurion and Healer","floor":27.0,"turns":5.0},{"damage":9.0,"enemies":"Snake Plant","floor":31.0,"turns":3.0},{"damage":59.0,"enemies":"Collector","floor":33.0,"turns":8.0},{"damage":5.0,"enemies":"3 Shapes","floor":35.0,"turns":4.0},{"damage":25.0,"enemies":"3 Darklings","floor":39.0,"turns":4.0},{"damage":48.0,"enemies":"Giant Head","floor":41.0,"turns":7.0},{"damage":16.0,"enemies":"Writhing Mass","floor":42.0,"turns":2.0},{"damage":0.0,"enemies":"Nemesis","floor":44.0,"turns":1.0},{"damage":0.0,"enemies":"Reptomancer","floor":46.0,"turns":2.0},{"damage":37.0,"enemies":"Transient","floor":48.0,"turns":5.0},{"damage":52,"enemies":"Donu and Deca","floor":50,"turns":6}],"seed_played":"-8674012674306588993","potions_obtained":[{"floor":7.0,"key":"Strength Potion"},{"floor":12.0,"key":"Weak Potion"},{"floor":14.0,"key":"Explosive Potion"},{"floor":16.0,"key":"EssenceOfSteel"},{"floor":18.0,"key":"EssenceOfSteel"},{"floor":22.0,"key":"SkillPotion"},{"floor":33.0,"key":"Strength Potion"},{"floor":39.0,"key":"AttackPotion"},{"floor":42.0,"key":"Energy Potion"},{"floor":44.0,"key":"PowerPotion"},{"floor":46.0,"key":"Fruit Juice"},{"floor":48.0,"key":"Poison Potion"}],"is_trial":false,"path_per_floor":["M","$","?","M","$","?","M","R","T","M","E","M","R","M","R","B",null,"M","$","?","T","M","M","M","E","T","M","$","R","?","M","R","B",null,"M","?","?","?","M","R","E","M","T","E","$","E","$","M","R","B",null],"character_chosen":"IRONCLAD","items_purchased":["Evolve","Shrug It Off","DollysMirror","Armaments","Blue Candle"],"campfire_rested":2,"item_purchase_floors":[5,5,19,28,45],"current_hp_per_floor":[80,80,80,80,80,80,80,80,80,80,57,51,51,57,57,29,69,77,77,77,77,61,44,49,41,41,14,14,14,14,11,36,9,67,76,76,76,76,70,70,34,26,26,32,32,45,45,27,55,25],"gold":102,"neow_bonus":"ONE_RANDOM_RARE_CARD","is_prod":false,"is_daily":false,"chose_seed":false,"campfire_upgraded":5,"win_rate":0,"timestamp":1552484846,"path_taken":["M","$","?","M","?","?","M","R","T","M","E","?","R","M","R","BOSS","M","?","?","?","M","M","?","E","T","M","$","R","?","M","R","BOSS","M","?","?","?","?","R","E","M","T","E","$","E","$","M","R","BOSS"],"build_version":"2019-01-23","purchased_purges":2,"victory":true,"max_hp_per_floor":[80,80,80,80,80,80,80,80,80,80,82,82,82,82,82,82,82,84,84,84,84,84,86,86,86,86,86,86,86,86,86,86,86,86,86,86,86,83,83,83,85,87,87,87,87,92,92,94,94,94],"card_choices":[{"not_picked":["Headbutt","Twin Strike"],"picked":"Perfected Strike","floor":1.0},{"not_picked":["Power Through","Clothesline"],"picked":"Wild Strike","floor":4.0},{"not_picked":["Anger","Rupture"],"picked":"Pommel Strike","floor":7.0},{"not_picked":["Heavy Blade","Uppercut"],"picked":"Impervious","floor":10.0},{"not_picked":["Warcry","Sword Boomerang","Body Slam"],"picked":"Singing Bowl","floor":11.0},{"not_picked":["Headbutt","Pummel"],"picked":"Perfected Strike","floor":12.0},{"not_picked":["Headbutt","Disarm"],"picked":"Twin Strike","floor":14.0},{"not_picked":["Immolate","Bludgeon"],"picked":"Demon Form","floor":16.0},{"not_picked":["Clash","Body Slam","Sword Boomerang"],"picked":"Singing Bowl","floor":18.0},{"not_picked":["Wild Strike","Anger+1"],"picked":"Pommel Strike","floor":22.0},{"not_picked":["Blood for Blood","Hemokinesis","Evolve+1"],"picked":"Singing Bowl","floor":23.0},{"not_picked":["Rampage","Iron Wave"],"picked":"Twin Strike","floor":24.0},{"not_picked":["Pommel Strike+1","Barricade+1"],"picked":"Second Wind","floor":25.0},{"not_picked":["Cleave","Bloodletting+1"],"picked":"Body Slam+1","floor":27.0},{"not_picked":["Pommel Strike","Infernal Blade"],"picked":"Twin Strike+1","floor":31.0},{"not_picked":["Dark Embrace+1","Limit Break"],"picked":"Fiend Fire","floor":33.0},{"not_picked":["True Grit+1","Searing Blow+1"],"picked":"Pommel Strike","floor":35.0},{"not_picked":["Headbutt","Seeing Red"],"picked":"Wild Strike","floor":39.0},{"not_picked":["Berserk+1","Clothesline","Bloodletting"],"picked":"Singing Bowl","floor":41.0},{"not_picked":["Blood for Blood","Havoc","Headbutt"],"picked":"Singing Bowl","floor":42.0},{"not_picked":["Metallicize+1","Brutality+1"],"picked":"Twin Strike","floor":44.0},{"not_picked":["Havoc+1","Cleave"],"picked":"Battle Trance+1","floor":46.0},{"not_picked":["Cleave+1","Spot Weakness","Rage"],"picked":"Singing Bowl","floor":48.0}],"player_experience":346534,"relics_obtained":[{"floor":9.0,"key":"Oddly Smooth Stone"},{"floor":11.0,"key":"Singing Bowl"},{"floor":21.0,"key":"Frozen Egg 2"},{"floor":25.0,"key":"Bird Faced Urn"},{"floor":26.0,"key":"Paper Frog"},{"floor":41.0,"key":"Bottled Flame"},{"floor":43.0,"key":"Sundial"},{"floor":44.0,"key":"Darkstone Periapt"},{"floor":46.0,"key":"Ancient Tea Set"}],"event_choices":[{"damage_healed":0.0,"max_hp_gain":0.0,"max_hp_loss":0.0,"gold_gain":100.0,"event_name":"Golden Shrine","player_choice":"Pray","floor":3.0,"gold_loss":0.0,"damage_taken":0.0},{"damage_healed":0.0,"max_hp_gain":0.0,"max_hp_loss":0.0,"gold_gain":0.0,"event_name":"Upgrade Shrine","player_choice":"Upgraded","floor":6.0,"gold_loss":0.0,"damage_taken":0.0,"cards_upgraded":["Perfected Strike"]},{"damage_healed":0.0,"max_hp_gain":0.0,"max_hp_loss":0.0,"gold_gain":0.0,"event_name":"Beggar","player_choice":"Ignored","floor":20.0,"gold_loss":0.0,"damage_taken":0.0},{"damage_healed":0.0,"max_hp_gain":0.0,"max_hp_loss":0.0,"gold_gain":0.0,"event_name":"Cursed Tome","player_choice":"Ignored","floor":30.0,"gold_loss":0.0,"damage_taken":0.0},{"damage_healed":0.0,"max_hp_gain":0.0,"max_hp_loss":0.0,"gold_gain":0.0,"event_name":"Tomb of Lord Red Mask","player_choice":"Ignored","floor":36.0,"gold_loss":0.0,"damage_taken":0.0},{"damage_healed":0.0,"max_hp_gain":0.0,"max_hp_loss":0.0,"gold_gain":0.0,"event_name":"Mysterious Sphere","player_choice":"Ignored","floor":37.0,"gold_loss":0.0,"damage_taken":0.0},{"cards_removed":["Parasite"],"damage_healed":0.0,"max_hp_gain":0.0,"max_hp_loss":0.0,"gold_gain":0.0,"event_name":"Fountain of Cleansing","player_choice":"Removed Curses","floor":38.0,"gold_loss":0.0,"damage_taken":0.0}],"is_beta":false,"boss_relics":[{"not_picked":["Fusion Hammer","Runic Pyramid"],"picked":"Cursed Key"},{"not_picked":["Philosopher\u0027s Stone","Runic Cube"],"picked":"Snecko Eye"}],"items_purged_floors":[2,28],"is_endless":false,"potions_floor_spawned":[7,12,14,16,18,22,33,39,42,44,46,48],"ascension_level":7}