{"gold_per_floor":[119,119,269,71,71,101,118,143,143,166,178],"floor_reached":11,"playtime":236,"items_purged":[],"score":186,"play_id":"97746b60-90b5-4849-8809-0cf049fd40e7","local_time":"20190202182319","is_ascension_mode":true,"campfire_choices":[],"neow_cost":"NONE","seed_source_timestamp":2107189765356680,"circlet_count":0,"master_deck":["AscendersBane","Strike_B","Strike_B","Strike_B","Strike_B","Defend_B","Defend_B","Defend_B","Defend_B","Zap","Dualcast","Compile Driver","Doubt","Darkness","Genetic Algorithm","Static Discharge"],"relics":["Cracked Core","NeowsBlessing","Runic Capacitor","Girya","Dream Catcher","MawBank"],"potions_floor_usage":[8,11,11],"damage_taken":[{"damage":0,"enemies":"Cultist","floor":1,"turns":1},{"damage":0,"enemies":"Gremlin Nob","floor":6,"turns":1},{"damage":0,"enemies":"Small Slimes","floor":7,"turns":1},{"damage":48,"enemies":"3 Sentries","floor":8,"turns":10},{"damage":7,"enemies":"Jaw Worm","floor":10,"turns":3},{"damage":11,"enemies":"Gremlin Gang","floor":11,"turns":2}],"seed_played":"7875984377946438850","potions_obtained":[{"floor":1,"key":"Dexterity Potion"},{"floor":6,"key":"Block Potion"},{"floor":8,"key":"SkillPotion"}],"is_trial":false,"path_per_floor":["M","$","?","$","T","E","M","E","T","M","M"],"character_chosen":"DEFECT","items_purchased":["Runic Capacitor"],"campfire_rested":0,"item_purchase_floors":[4],"current_hp_per_floor":[64,64,64,64,64,64,64,16,16,9,0],"gold":178,"neow_bonus":"THREE_ENEMY_KILL","is_prod":false,"is_daily":false,"chose_seed":false,"campfire_upgraded":0,"win_rate":0,"timestamp":1549149799,"path_taken":["M","?","?","$","?","E","?","E","T","M","M"],"build_version":"2019-01-23","purchased_purges":0,"victory":false,"max_hp_per_floor":[71,71,71,71,71,71,71,71,71,71,71],"card_choices":[{"not_picked":["Heatsinks","Beam Cell"],"picked":"Compile Driver","floor":1},{"not_picked":["Sunder","Go for the Eyes","Meteor Strike"],"picked":"SKIP","floor":6},{"not_picked":["Rip and Tear","Chill"],"picked":"Darkness","floor":7},{"not_picked":["Self Repair","Coolheaded"],"picked":"Genetic Algorithm","floor":8},{"not_picked":["Heatsinks","Hello World"],"picked":"Static Discharge","floor":10}],"player_experience":1929410,"relics_obtained":[{"floor":6,"key":"Girya"},{"floor":8,"key":"Dream Catcher"},{"floor":9,"key":"MawBank"}],"event_choices":[{"damage_healed":0,"gold_gain":150,"player_choice":"AGREE","damage_taken":0,"max_hp_gain":0,"max_hp_loss":0,"event_name":"Liars Game","floor":3,"gold_loss":0,"cards_obtained":["Doubt"]}],"is_beta":true,"boss_relics":[],"items_purged_floors":[],"is_endless":false,"potions_floor_spawned":[1,6,8],"killed_by":"Gremlin Gang","ascension_level":15}