{"gold_per_floor":[111,186,199,199,199,199,230,243,269,294,294,12,86,100,100,230,230,249,5,29,49,149,149,163,207,256,226,226,251,251,264,264,385,448,471,68,86,104,104,104],"floor_reached":40,"playtime":3147,"items_purged":[],"score":458,"play_id":"25ebb735-3104-4012-b89e-02a1e6135752","local_time":"20190312215251","is_ascension_mode":false,"campfire_choices":[{"data":"Flex","floor":6,"key":"SMITH"},{"data":"Armaments","floor":15,"key":"SMITH"},{"floor":23,"key":"REST"},{"floor":28,"key":"REST"},{"data":"Infernal Blade","floor":30,"key":"SMITH"},{"floor":32,"key":"REST"}],"neow_cost":"NONE","seed_source_timestamp":197886556583555,"circlet_count":0,"master_deck":["Strike_R","Strike_R","Strike_R","Strike_R","Defend_R","Defend_R+1","Defend_R","Defend_R","Bash+1","Flex+1","Anger","Flex+1","Cleave","Armaments+1","Flex","Thinking Ahead+1","Metallicize","Flex","Cleave","Limit Break","Fire Breathing","Discovery","Inflame","Thunderclap","True Grit","Thunderclap+1","Battle Trance+1","Metallicize+1","Iron Wave","Infernal Blade+1","Armaments+1","Immolate","Sword Boomerang","Fire Breathing+1","Clash","Flex+1","Jack Of All Trades","Discovery","Metamorphosis"],"relics":["Burning Blood","Golden Idol","PreservedInsect","Lantern","Sundial","Mark of Pain","Shuriken","Regal Pillow","Tiny House","War Paint","Self Forming Clay"],"potions_floor_usage":[16,16,18,24,29,33,33,33,40,40,40],"damage_taken":[{"damage":9,"enemies":"2 Louse","floor":1,"turns":3},{"damage":1,"enemies":"Jaw Worm","floor":3,"turns":3},{"damage":35,"enemies":"3 Sentries","floor":7,"turns":7},{"damage":1,"enemies":"Cultist","floor":8,"turns":3},{"damage":7,"enemies":"Blue Slaver","floor":10,"turns":2},{"damage":26,"enemies":"Lagavulin Event","floor":13,"turns":4},{"damage":1,"enemies":"Exordium Wildlife","floor":14,"turns":3},{"damage":46,"enemies":"Hexaghost","floor":16,"turns":9},{"damage":33,"enemies":"Chosen","floor":18,"turns":6},{"damage":9,"enemies":"3 Byrds","floor":20,"turns":5},{"damage":27,"enemies":"Centurion and Healer","floor":21,"turns":5},{"damage":0,"enemies":"3 Cultists","floor":24,"turns":2},{"damage":33,"enemies":"Book of Stabbing","floor":25,"turns":4},{"damage":22,"enemies":"Snecko","floor":29,"turns":6},{"damage":6,"enemies":"Centurion and Healer","floor":31,"turns":3},{"damage":55,"enemies":"Champ","floor":33,"turns":10},{"damage":13,"enemies":"3 Darklings","floor":35,"turns":5},{"damage":5,"enemies":"Orb Walker","floor":37,"turns":3},{"damage":37,"enemies":"Writhing Mass","floor":38,"turns":6},{"damage":45,"enemies":"Nemesis","floor":40,"turns":3}],"seed_played":"-865580403944429588","potions_obtained":[{"floor":10,"key":"Energy Potion"},{"floor":13,"key":"AttackPotion"},{"floor":14,"key":"AttackPotion"},{"floor":20,"key":"Strength Potion"},{"floor":24,"key":"Explosive Potion"},{"floor":27,"key":"SkillPotion"},{"floor":27,"key":"SneckoOil"},{"floor":29,"key":"Ancient Potion"},{"floor":33,"key":"BloodPotion"},{"floor":34,"key":"Ancient Potion"},{"floor":37,"key":"Block Potion"}],"is_trial":false,"path_per_floor":["M","?","M","?","?","R","E","M","T","M","?","$","?","M","R","B",null,"M","$","M","M","?","R","M","E","T","?","R","M","R","M","R","B",null,"M","$","M","M","?","E"],"character_chosen":"IRONCLAD","items_purchased":["Flex","Thinking Ahead","Metallicize","Discovery","Inflame","Thunderclap","True Grit","War Paint","Self Forming Clay"],"campfire_rested":3,"item_purchase_floors":[12,12,12,19,19,19,19,36,36],"current_hp_per_floor":[77,66,71,71,71,71,42,47,47,46,70,70,50,55,55,15,74,47,47,44,23,23,45,51,24,24,24,61,45,45,45,74,25,79,72,72,73,42,32,0],"gold":104,"neow_bonus":"UPGRADE_CARD","is_prod":false,"is_daily":false,"chose_seed":false,"campfire_upgraded":3,"win_rate":0.0,"timestamp":1552452771,"path_taken":["M","?","M","?","?","R","E","?","T","M","?","?","?","M","R","BOSS","M","$","M","M","?","R","?","E","T","?","R","M","R","M","R","BOSS","M","$","M","M","?","E"],"build_version":"2019-01-23","purchased_purges":0,"victory":false,"max_hp_per_floor":[80,80,80,74,74,74,74,74,74,74,74,74,74,74,74,74,74,74,74,74,74,74,74,74,74,74,74,74,74,74,74,74,74,79,79,79,79,79,79,79],"card_choices":[{"not_picked":["True Grit","Perfected Strike"],"picked":"Flex","floor":1},{"not_picked":["True Grit","Twin Strike"],"picked":"Anger","floor":3},{"not_picked":["Twin Strike","Combust"],"picked":"Flex","floor":7},{"not_picked":["Corruption","Dual Wield"],"picked":"Cleave","floor":8},{"not_picked":["Clothesline","Anger"],"picked":"Armaments","floor":10},{"not_picked":["Body Slam","Corruption"],"picked":"Flex","floor":13},{"not_picked":["Wild Strike","Hemokinesis"],"picked":"Cleave","floor":14},{"not_picked":["Dark Embrace","Immolate"],"picked":"Limit Break","floor":16},{"not_picked":["Shrug It Off","Cleave"],"picked":"Fire Breathing","floor":18},{"not_picked":["Cleave","Shrug It Off"],"picked":"Thunderclap+1","floor":20},{"not_picked":["True Grit+1","Warcry+1"],"picked":"Battle Trance+1","floor":21},{"not_picked":["Pummel","Bloodletting"],"picked":"Metallicize+1","floor":24},{"not_picked":["Dropkick+1","Body Slam"],"picked":"Iron Wave","floor":25},{"not_picked":["Heavy Blade+1","True Grit"],"picked":"Infernal Blade","floor":29},{"not_picked":["Heavy Blade","Havoc"],"picked":"Armaments+1","floor":31},{"not_picked":["Offering","Limit Break"],"picked":"Immolate","floor":33},{"not_picked":["Iron Wave","Armaments"],"picked":"Sword Boomerang","floor":34},{"not_picked":["Uppercut+1","Havoc+1"],"picked":"Fire Breathing+1","floor":35},{"not_picked":["Iron Wave","Twin Strike"],"picked":"Clash","floor":37},{"not_picked":["Cleave+1","Whirlwind"],"picked":"Flex+1","floor":38},{"not_picked":["HandOfGreed","Flash of Steel"],"picked":"Jack Of All Trades","floor":39},{"not_picked":["Dramatic Entrance","Enlightenment"],"picked":"Discovery","floor":39},{"not_picked":["Swift Strike","PanicButton"],"picked":"Metamorphosis","floor":39}],"player_experience":38464,"relics_obtained":[{"floor":7,"key":"PreservedInsect"},{"floor":9,"key":"Lantern"},{"floor":25,"key":"Shuriken"},{"floor":26,"key":"Regal Pillow"}],"event_choices":[{"damage_healed":0,"gold_gain":75,"player_choice":"Gather Gold","damage_taken":11,"max_hp_gain":0,"max_hp_loss":0,"event_name":"World of Goop","floor":2,"gold_loss":0},{"damage_healed":0,"gold_gain":0,"player_choice":"Lose Max HP","damage_taken":0,"relics_obtained":["Golden Idol"],"max_hp_gain":0,"max_hp_loss":6,"event_name":"Golden Idol","floor":4,"gold_loss":0},{"cards_removed":["Strike_R"],"damage_healed":0,"gold_gain":0,"player_choice":"Purged","damage_taken":0,"max_hp_gain":0,"max_hp_loss":0,"event_name":"Purifier","floor":5,"gold_loss":0},{"damage_healed":24,"gold_gain":0,"player_choice":"Banana","damage_taken":0,"max_hp_gain":0,"max_hp_loss":0,"event_name":"Big Fish","floor":11,"gold_loss":0},{"damage_healed":0,"gold_gain":0,"player_choice":"Searched \u00272\u0027 times","damage_taken":0,"relics_obtained":["Sundial"],"max_hp_gain":0,"max_hp_loss":0,"event_name":"Dead Adventurer","floor":13,"gold_loss":0},{"damage_healed":0,"gold_gain":100,"player_choice":"Pray","damage_taken":0,"max_hp_gain":0,"max_hp_loss":0,"event_name":"Golden Shrine","floor":22,"gold_loss":0},{"damage_healed":0,"gold_gain":0,"player_choice":"Bought 2 Potions","damage_taken":0,"max_hp_gain":0,"max_hp_loss":0,"event_name":"The Woman in Blue","floor":27,"gold_loss":0},{"damage_healed":0,"gold_gain":0,"player_choice":"Memory 3","damage_taken":10,"max_hp_gain":0,"max_hp_loss":0,"event_name":"SensoryStone","floor":39,"gold_loss":0}],"is_beta":false,"boss_relics":[{"not_picked":["Runic Dome","Empty Cage"],"picked":"Mark of Pain"},{"not_picked":["Snecko Eye","Sozu"],"picked":"Tiny House"}],"items_purged_floors":[],"is_endless":false,"potions_floor_spawned":[10,13,14,20,24,29,33,37],"killed_by":"Nemesis","ascension_level":0}