{"gold_per_floor":[119,136,34,34,50,50,75,75,75,95,95,127,27,53,53,127,127,137,148,148,161,36,36,63,80,132,157,157,184,184,52,52,130,130,148,164,175,175,23,50,68,44,93,93,122,122,142,171,171,171,171,171,54,84,84],"floor_reached":55,"playtime":9760,"items_purged":["Strike_B","Strike_B","Pain"],"score":1367,"play_id":"09d236d4-5306-4fb2-970c-a99ed209b716","local_time":"20190124204041","is_ascension_mode":true,"campfire_choices":[{"data":"Zap","floor":6,"key":"SMITH"},{"data":"Creative AI","floor":8,"key":"SMITH"},{"data":"Reinforced Body","floor":15,"key":"SMITH"},{"data":"Fission","floor":23,"key":"SMITH"},{"data":"Self Repair","floor":28,"key":"SMITH"},{"floor":30,"key":"REST"},{"data":"Conserve Battery","floor":32,"key":"SMITH"},{"floor":44,"key":"RECALL"},{"floor":46,"key":"REST"},{"floor":49,"key":"REST"},{"floor":52,"key":"REST"}],"neow_cost":"NONE","seed_source_timestamp":1328194782740928,"circlet_count":0,"master_deck":["AscendersBane","Strike_B","Strike_B","Defend_B","Defend_B","Defend_B","Defend_B","Zap+1","Dualcast","Self Repair+1","Cold Snap","Ball Lightning","Genetic Algorithm","Creative AI+1","BootSequence","Reinforced Body+1","Fission+1","Doom and Gloom","Chill","Genetic Algorithm","Reinforced Body+1","Capacitor","Conserve Battery+1","Electrodynamics","Glacier","Undo+1","Compile Driver","Parasite","Coolheaded","Core Surge"],"relics":["Cracked Core","Gremlin Horn","Orichalcum","WingedGreaves","Ginger","Runic Dome","WarpedTongs","Bird Faced Urn","Happy Flower","Meat on the Bone","Blood Vial","Fusion Hammer","Bag of Preparation","Regal Pillow","Anchor","Incense Burner","Bottled Lightning","Vajra"],"potions_floor_usage":[10,12,12,27,27,54,55,55],"damage_taken":[{"damage":0,"enemies":"Small Slimes","floor":1,"turns":3},{"damage":1,"enemies":"Cultist","floor":2,"turns":3},{"damage":0,"enemies":"Jaw Worm","floor":5,"turns":4},{"damage":33,"enemies":"Gremlin Nob","floor":7,"turns":5},{"damage":6,"enemies":"Exordium Thugs","floor":10,"turns":3},{"damage":16,"enemies":"3 Sentries","floor":12,"turns":6},{"damage":23,"enemies":"Lagavulin","floor":14,"turns":9},{"damage":9,"enemies":"Hexaghost","floor":16,"turns":9},{"damage":13,"enemies":"Shell Parasite","floor":18,"turns":8},{"damage":25,"enemies":"Chosen","floor":19,"turns":5},{"damage":6,"enemies":"Centurion and Healer","floor":21,"turns":11},{"damage":38,"enemies":"Gremlin Leader","floor":24,"turns":9},{"damage":4,"enemies":"Snake Plant","floor":25,"turns":6},{"damage":23,"enemies":"Slavers","floor":27,"turns":7},{"damage":27,"enemies":"Book of Stabbing","floor":29,"turns":8},{"damage":20,"enemies":"Champ","floor":33,"turns":14},{"damage":35,"enemies":"3 Darklings","floor":35,"turns":5},{"damage":2,"enemies":"Orb Walker","floor":36,"turns":6},{"damage":5,"enemies":"3 Darklings","floor":37,"turns":5},{"damage":33,"enemies":"Reptomancer","floor":40,"turns":12},{"damage":0,"enemies":"Jaw Worm Horde","floor":41,"turns":4},{"damage":17,"enemies":"Nemesis","floor":45,"turns":11},{"damage":2,"enemies":"Writhing Mass","floor":47,"turns":7},{"damage":33,"enemies":"Giant Head","floor":48,"turns":9},{"damage":29,"enemies":"Time Eater","floor":50,"turns":12},{"damage":58,"enemies":"Shield and Spear","floor":54,"turns":12},{"damage":77,"enemies":"The Heart","floor":55,"turns":6}],"seed_played":"-3553222768590824975","potions_obtained":[{"floor":2,"key":"Explosive Potion"},{"floor":7,"key":"AttackPotion"},{"floor":10,"key":"EssenceOfSteel"},{"floor":21,"key":"EssenceOfSteel"},{"floor":25,"key":"Poison Potion"},{"floor":29,"key":"SpeedPotion"},{"floor":36,"key":"Dexterity Potion"},{"floor":54,"key":"Swift Potion"}],"is_trial":false,"path_per_floor":["M","M","$","?","M","R","E","R","T","M","?","E","$","E","R","B",null,"M","M","?","M","$","R","E","M","T","E","R","E","R","$","R","B",null,"M","M","M","?","$","E","M","$","T","R","E","R","M","E","R","B",null,"R","$","E","B"],"character_chosen":"DEFECT","items_purchased":["Ball Lightning","Capacitor","Conserve Battery","Bag of Preparation","Compile Driver","Core Surge","PowerPotion"],"campfire_rested":4,"item_purchase_floors":[3,31,31,39,42,53,53],"current_hp_per_floor":[71,77,77,77,78,78,52,52,52,53,35,26,26,17,17,15,62,56,38,38,39,39,39,8,23,23,27,27,36,59,59,59,78,78,61,78,78,78,78,69,78,78,78,78,78,78,78,68,78,78,78,78,78,60,0],"gold":84,"neow_bonus":"TEN_PERCENT_HP_BONUS","is_prod":false,"is_daily":false,"chose_seed":false,"campfire_upgraded":6,"win_rate":0,"timestamp":1548380441,"path_taken":["M","M","$","?","M","R","E","R","T","M","?","E","$","E","R","BOSS","M","M","?","M","$","R","E","?","T","E","R","E","R","$","R","BOSS","M","?","?","?","$","E","M","?","T","R","E","R","M","E","R","BOSS","R","$","E","BOSS"],"build_version":"2019-01-23","purchased_purges":3,"victory":false,"max_hp_per_floor":[78,78,78,78,78,78,78,78,78,78,78,78,78,78,78,78,78,78,78,78,78,78,78,78,78,78,78,78,78,78,78,78,78,78,78,78,78,78,78,78,78,78,78,78,78,78,78,78,78,78,78,78,78,78,78],"card_choices":[{"not_picked":["Rebound","Compile Driver"],"picked":"Self Repair","floor":1},{"not_picked":["Storm","Steam"],"picked":"Cold Snap","floor":2},{"not_picked":["Sunder","Doom and Gloom"],"picked":"Genetic Algorithm","floor":5},{"not_picked":["Hologram","Streamline"],"picked":"Creative AI","floor":7},{"not_picked":["Steam","Cold Snap"],"picked":"BootSequence","floor":10},{"not_picked":["Stack","Hello World","Chaos"],"picked":"SKIP","floor":12},{"not_picked":["Hologram","Undo"],"picked":"Reinforced Body","floor":14},{"not_picked":["Meteor Strike","Rainbow"],"picked":"Fission","floor":16},{"not_picked":["Sweeping Beam","Turbo"],"picked":"Doom and Gloom","floor":18},{"not_picked":["White Noise","Barrage"],"picked":"Chill","floor":19},{"not_picked":["Hyperbeam","Sweeping Beam"],"picked":"Genetic Algorithm","floor":21},{"not_picked":["Leap","Cold Snap","Double Energy"],"picked":"SKIP","floor":24},{"not_picked":["Sweeping Beam","Ball Lightning"],"picked":"Reinforced Body+1","floor":25},{"not_picked":["Steam","Reboot","Barrage"],"picked":"SKIP","floor":27},{"not_picked":["Gash","Go for the Eyes","Leap"],"picked":"SKIP","floor":29},{"not_picked":["Machine Learning","All For One"],"picked":"Electrodynamics","floor":33},{"not_picked":["Steam","BootSequence+1","Leap+1"],"picked":"SKIP","floor":35},{"not_picked":["Ball Lightning","Compile Driver"],"picked":"Glacier","floor":36},{"not_picked":["Conserve Battery","FTL"],"picked":"Undo+1","floor":37},{"not_picked":["Rebound","Self Repair","Tempest"],"picked":"SKIP","floor":40},{"not_picked":["Go for the Eyes","Steam+1","Ball Lightning+1"],"picked":"SKIP","floor":41},{"not_picked":["Barrage","Amplify","Blizzard"],"picked":"SKIP","floor":45},{"not_picked":["Steam","Turbo","Leap"],"picked":"SKIP","floor":47},{"not_picked":["Rip and Tear","Cold Snap"],"picked":"Coolheaded","floor":48},{"not_picked":["Self Repair","Steam","Barrage"],"picked":"SKIP","floor":54}],"player_experience":1873712,"relics_obtained":[{"floor":7,"key":"Gremlin Horn"},{"floor":12,"key":"WingedGreaves"},{"floor":14,"key":"Ginger"},{"floor":24,"key":"Bird Faced Urn"},{"floor":26,"key":"Happy Flower"},{"floor":27,"key":"Meat on the Bone"},{"floor":29,"key":"Blood Vial"},{"floor":40,"key":"Regal Pillow"},{"floor":43,"key":"Anchor"},{"floor":45,"key":"Incense Burner"},{"floor":48,"key":"Bottled Lightning"},{"floor":54,"key":"Vajra"}],"event_choices":[{"damage_healed":0,"gold_gain":0,"player_choice":"Ignored","damage_taken":0,"max_hp_gain":0,"max_hp_loss":0,"event_name":"Liars Game","floor":4,"gold_loss":0},{"damage_healed":0,"gold_gain":0,"player_choice":"Success","damage_taken":18,"relics_obtained":["Orichalcum"],"max_hp_gain":0,"max_hp_loss":0,"event_name":"Scrap Ooze","floor":11,"gold_loss":0},{"damage_healed":0,"gold_gain":0,"player_choice":"Rummage","damage_taken":0,"relics_obtained":["WarpedTongs"],"max_hp_gain":0,"max_hp_loss":0,"event_name":"Accursed Blacksmith","floor":20,"gold_loss":0,"cards_obtained":["Pain"]},{"damage_healed":0,"gold_gain":0,"player_choice":"Got Potions","damage_taken":0,"max_hp_gain":0,"max_hp_loss":0,"event_name":"Lab","floor":38,"gold_loss":0}],"is_beta":true,"boss_relics":[{"not_picked":["White Beast Statue","Eternal Feather"],"picked":"Runic Dome"},{"not_picked":["Astrolabe","Coffee Dripper"],"picked":"Fusion Hammer"}],"items_purged_floors":[3,13,22],"is_endless":false,"potions_floor_spawned":[2,7,10,21,25,29,36,37,40,47,54],"killed_by":"The Heart","ascension_level":15}