{"gold_per_floor":[113,113,129,142,142,142,172,172,202,214,246,246,45,64,64,166,166,176,31,31,31,42,72,72,72,142,142],"floor_reached":27,"playtime":1683,"items_purged":[],"score":239,"play_id":"6e61228c-a186-4816-950d-af1ecfaaad4a","local_time":"20190313233502","is_ascension_mode":false,"campfire_choices":[{"data":"Zap","floor":6,"key":"SMITH"},{"floor":8,"key":"REST"},{"data":"Redo","floor":12,"key":"SMITH"},{"floor":15,"key":"REST"},{"floor":24,"key":"REST"}],"neow_cost":"NONE","seed_source_timestamp":15598889410173,"circlet_count":0,"master_deck":["Strike_B","Strike_B","Strike_B","Defend_B","Defend_B","Defend_B","Zap+1","Dualcast","Barrage","White Noise+1","BootSequence","Redo+1","Glacier","Cold Snap","Capacitor","Rainbow","Blizzard","Electrodynamics","Rebound","Conserve Battery","Go for the Eyes","Sweeping Beam","Darkness","Beam Cell","Thunder Strike","Loop+1","Storm","Compile Driver","Conserve Battery+1"],"relics":["Cracked Core","NeowsBlessing","Sundial","Tiny Chest","Anchor","Orrery","Bottled Flame","Toxic Egg 2","Bottled Tornado"],"potions_floor_usage":[16,16,23,23],"damage_taken":[{"damage":0,"enemies":"2 Louse","floor":1,"turns":1},{"damage":0,"enemies":"Small Slimes","floor":3,"turns":1},{"damage":0,"enemies":"Cultist","floor":4,"turns":1},{"damage":45,"enemies":"3 Sentries","floor":7,"turns":7},{"damage":4,"enemies":"2 Fungi Beasts","floor":10,"turns":3},{"damage":16,"enemies":"Lagavulin","floor":11,"turns":7},{"damage":0,"enemies":"Looter","floor":14,"turns":2},{"damage":42,"enemies":"The Guardian","floor":16,"turns":10},{"damage":14,"enemies":"Chosen","floor":18,"turns":5},{"damage":11,"enemies":"Shell Parasite","floor":22,"turns":6},{"damage":43,"enemies":"Slavers","floor":23,"turns":4},{"damage":29,"enemies":"Cultist and Chosen","floor":27,"turns":5}],"seed_played":"3344517060575775781","potions_obtained":[{"floor":10,"key":"PowerPotion"},{"floor":11,"key":"FocusPotion"},{"floor":16,"key":"SkillPotion"},{"floor":18,"key":"SpeedPotion"},{"floor":23,"key":"Strength Potion"}],"is_trial":false,"path_per_floor":["M","?","M","M","?","R","E","R","T","M","E","R","$","M","R","B",null,"M","$","T","$","M","E","R","?","T","M"],"character_chosen":"DEFECT","items_purchased":["Capacitor","Rainbow","Thunder Strike"],"campfire_rested":3,"item_purchase_floors":[13,13,19],"current_hp_per_floor":[75,75,75,75,75,75,30,52,52,48,32,32,32,32,54,12,75,61,61,61,61,50,7,29,29,29,0],"gold":142,"neow_bonus":"THREE_ENEMY_KILL","is_prod":false,"is_daily":false,"chose_seed":false,"campfire_upgraded":2,"win_rate":0.0,"timestamp":1552545302,"path_taken":["M","?","M","M","?","R","E","R","T","M","E","R","$","M","R","BOSS","M","$","?","$","M","E","R","?","T","M"],"build_version":"2019-01-23","purchased_purges":0,"victory":false,"max_hp_per_floor":[75,75,75,75,75,75,75,75,75,75,75,75,75,75,75,75,75,75,75,75,75,75,75,75,75,75,75],"card_choices":[{"not_picked":["Leap","Heatsinks"],"picked":"Barrage","floor":1},{"not_picked":["Go for the Eyes","Cold Snap"],"picked":"White Noise","floor":3},{"not_picked":["Auto Shields","Sweeping Beam"],"picked":"BootSequence","floor":4},{"not_picked":["Reprogram","Skim"],"picked":"Redo","floor":7},{"not_picked":["Streamline","Reprogram"],"picked":"Glacier","floor":10},{"not_picked":["Go for the Eyes","Streamline"],"picked":"Cold Snap","floor":11},{"not_picked":["Beam Cell","Compile Driver"],"picked":"Blizzard","floor":14},{"not_picked":["All For One","Fission"],"picked":"Electrodynamics","floor":16},{"not_picked":["Consume","Cold Snap"],"picked":"Rebound","floor":17},{"not_picked":["Leap","Streamline"],"picked":"Conserve Battery","floor":17},{"not_picked":["Sweeping Beam","Steam"],"picked":"Go for the Eyes","floor":17},{"not_picked":["Leap","Consume"],"picked":"Sweeping Beam","floor":17},{"not_picked":["Auto Shields","Steam"],"picked":"Darkness","floor":17},{"not_picked":["Cold Snap","Leap"],"picked":"Beam Cell","floor":18},{"not_picked":["White Noise","Turbo"],"picked":"Loop+1","floor":22},{"not_picked":["Go for the Eyes","Cold Snap"],"picked":"Storm","floor":23}],"player_experience":63618,"relics_obtained":[{"floor":7,"key":"Sundial"},{"floor":9,"key":"Tiny Chest"},{"floor":11,"key":"Anchor"},{"floor":20,"key":"Bottled Flame"},{"floor":23,"key":"Toxic Egg 2"},{"floor":26,"key":"Bottled Tornado"}],"event_choices":[{"damage_healed":0,"gold_gain":0,"player_choice":"Leave","damage_taken":0,"max_hp_gain":0,"max_hp_loss":0,"event_name":"The Cleric","floor":2,"gold_loss":0},{"damage_healed":0,"gold_gain":0,"player_choice":"Forge","damage_taken":0,"max_hp_gain":0,"max_hp_loss":0,"event_name":"Accursed Blacksmith","floor":5,"gold_loss":0,"cards_upgraded":["White Noise"]},{"damage_healed":0,"gold_gain":0,"cards_transformed":["Strike_B","Defend_B"],"player_choice":"Became Test Subject","damage_taken":0,"max_hp_gain":0,"max_hp_loss":0,"event_name":"Drug Dealer","floor":25,"gold_loss":0,"cards_obtained":["Compile Driver","Conserve Battery"]}],"is_beta":false,"boss_relics":[{"not_picked":["Calling Bell","Coffee Dripper"],"picked":"Orrery"}],"items_purged_floors":[],"is_endless":false,"potions_floor_spawned":[10,11,16,18,23],"killed_by":"Cultist and Chosen","ascension_level":0}