{"gold_per_floor":[211,211,211,227,227,227,242,242,242,256,256,267,286,185,185,286,286,306,281,139,139,156,156],"floor_reached":23,"playtime":1490,"items_purged":["Strike_R"],"score":183,"play_id":"15708e5b-5870-4c66-8abe-966c7d324fa7","local_time":"20190314193018","is_ascension_mode":false,"campfire_choices":[{"data":"Rampage","floor":6,"key":"SMITH"},{"data":"Barricade","floor":8,"key":"SMITH"},{"data":"Shrug It Off","floor":15,"key":"SMITH"}],"neow_cost":"NONE","seed_source_timestamp":9632244532849,"circlet_count":0,"master_deck":["Strike_R","Strike_R","Strike_R","Defend_R","Defend_R","Defend_R","Bash","Rampage+1","Barricade+1","Shrug It Off+1","Shrug It Off","Feed","Dual Wield","Fiend Fire","Spot Weakness","Battle Trance+1"],"relics":["Burning Blood","Anchor","Ornamental Fan","Empty Cage"],"potions_floor_usage":[16,16,19],"damage_taken":[{"damage":1,"enemies":"2 Louse","floor":1,"turns":3},{"damage":0,"enemies":"Small Slimes","floor":4,"turns":4},{"damage":1,"enemies":"Cultist","floor":7,"turns":4},{"damage":9,"enemies":"Lots of Slimes","floor":10,"turns":7},{"damage":2,"enemies":"Blue Slaver","floor":12,"turns":4},{"damage":0,"enemies":"Red Slaver","floor":13,"turns":4},{"damage":24,"enemies":"Hexaghost","floor":16,"turns":12},{"damage":0,"enemies":"Chosen","floor":18,"turns":8},{"damage":25,"enemies":"2 Thieves","floor":19,"turns":5},{"damage":44,"enemies":"Snake Plant","floor":22,"turns":7},{"damage":34,"enemies":"Slavers","floor":23,"turns":3}],"seed_played":"-3687230465691226728","potions_obtained":[{"floor":4,"key":"Poison Potion"},{"floor":7,"key":"LiquidBronze"},{"floor":10,"key":"SteroidPotion"}],"is_trial":false,"path_per_floor":["?","?","M","M","?","?"],"character_chosen":"IRONCLAD","items_purchased":["Shrug It Off","Fiend Fire"],"campfire_rested":0,"item_purchase_floors":[14,20],"current_hp_per_floor":[80,55,55,61,61,61,66,66,66,63,63,67,73,73,73,55,80,83,67,67,67,29,0],"gold":156,"neow_bonus":"HUNDRED_GOLD","is_prod":false,"is_daily":false,"chose_seed":false,"campfire_upgraded":3,"win_rate":0.0,"timestamp":1552588218,"path_taken":["M","?","?","?","$","R","M","R","T","?","?","M","M","$","R","BOSS","M","M","$","?","M","E"],"build_version":"2019-01-23","purchased_purges":1,"victory":false,"max_hp_per_floor":[80,80,80,80,80,80,80,80,80,80,80,80,80,80,80,80,80,83,86,86,86,86,86],"card_choices":[{"not_picked":["Sword Boomerang","Cleave","Clash"],"picked":"SKIP","floor":1},{"not_picked":["Heavy Blade","Armaments"],"picked":"Rampage","floor":4},{"not_picked":["Rampage","Body Slam"],"picked":"Barricade","floor":7},{"not_picked":["Burning Pact","Warcry"],"picked":"Shrug It Off","floor":10},{"not_picked":["Pommel Strike","Corruption","Thunderclap"],"picked":"SKIP","floor":12},{"not_picked":["Blood for Blood","Havoc","Wild Strike"],"picked":"SKIP","floor":13},{"not_picked":["Impervious","Reaper"],"picked":"Feed","floor":16},{"not_picked":["Twin Strike","Seeing Red","Shockwave+1"],"picked":"SKIP","floor":18},{"not_picked":["Twin Strike","Thunderclap"],"picked":"Dual Wield","floor":19},{"not_picked":["Perfected Strike","Iron Wave"],"picked":"Battle Trance+1","floor":22}],"player_experience":77763,"relics_obtained":[{"floor":9,"key":"Ornamental Fan"}],"event_choices":[{"damage_healed":0,"gold_gain":0,"player_choice":"Success","damage_taken":25,"relics_obtained":["Anchor"],"max_hp_gain":0,"max_hp_loss":0,"event_name":"Scrap Ooze","floor":2,"gold_loss":0},{"damage_healed":0,"gold_gain":0,"player_choice":"Bought 0 Potions","damage_taken":0,"max_hp_gain":0,"max_hp_loss":0,"event_name":"The Woman in Blue","floor":3,"gold_loss":0},{"damage_healed":0,"gold_gain":0,"player_choice":"Ignored","damage_taken":0,"max_hp_gain":0,"max_hp_loss":0,"event_name":"NoteForYourself","floor":11,"gold_loss":0},{"damage_healed":0,"gold_gain":0,"player_choice":"Read","damage_taken":0,"max_hp_gain":0,"max_hp_loss":0,"event_name":"The Library","floor":21,"gold_loss":0,"cards_obtained":["Spot Weakness"]}],"is_beta":false,"boss_relics":[{"not_picked":["Busted Crown","Calling Bell"],"picked":"Empty Cage"}],"items_purged_floors":[14],"is_endless":false,"potions_floor_spawned":[4,7,10,12],"killed_by":"Slavers","ascension_level":0}