{"gold_per_floor":[12,112,44,54,69,102,102,133,208,223,223,237,269,283,283,360,360,370,119,129,129,54,54],"floor_reached":23,"playtime":623,"items_purged":["Strike_B","Strike_B"],"score":369,"play_id":"13144fff-db25-4eae-bbd4-5b80989aa8be","local_time":"20190213204608","is_ascension_mode":true,"campfire_choices":[{"data":"Zap","floor":7,"key":"SMITH"},{"data":"Chill","floor":11,"key":"SMITH"},{"data":"Capacitor","floor":15,"key":"SMITH"}],"neow_cost":"NO_GOLD","seed_source_timestamp":3065805517971965,"circlet_count":0,"master_deck":["AscendersBane","Strike_B","Strike_B","Defend_B","Defend_B","Defend_B","Defend_B","Zap+1","Dualcast","Core Surge","Self Repair","Rip and Tear","Cold Snap","Ball Lightning","Capacitor+1","Chill+1","Sunder+1","Sweeping Beam+1","Blizzard+1","Electrodynamics","Redo+1","Stack+1","Leap"],"relics":["Cracked Core","Emotion Chip","Smiling Mask","Molten Egg 2","Bottled Flame","Runic Pyramid","Runic Capacitor"],"potions_floor_usage":[6,8,16,23],"damage_taken":[{"damage":5,"enemies":"2 Louse","floor":1,"turns":4},{"damage":0,"enemies":"Cultist","floor":4,"turns":2},{"damage":7,"enemies":"Jaw Worm","floor":5,"turns":2},{"damage":11,"enemies":"3 Sentries","floor":6,"turns":5},{"damage":16,"enemies":"Gremlin Nob","floor":8,"turns":4},{"damage":2,"enemies":"Blue Slaver","floor":10,"turns":4},{"damage":0,"enemies":"2 Fungi Beasts","floor":12,"turns":2},{"damage":9,"enemies":"3 Sentries","floor":13,"turns":6},{"damage":2,"enemies":"Looter","floor":14,"turns":3},{"damage":28,"enemies":"Hexaghost","floor":16,"turns":8},{"damage":15,"enemies":"2 Thieves","floor":18,"turns":3},{"damage":14,"enemies":"Shell Parasite","floor":20,"turns":4},{"damage":43,"enemies":"Gremlin Leader","floor":23,"turns":6}],"seed_played":"-7836951025880136779","potions_obtained":[{"floor":5,"key":"Fire Potion"},{"floor":6,"key":"EssenceOfSteel"},{"floor":10,"key":"SpeedPotion"},{"floor":13,"key":"LiquidBronze"},{"floor":20,"key":"SteroidPotion"}],"is_trial":false,"path_per_floor":["M","?","$","M","M","E","R","E","T","M","R","M","E","M","R","B",null,"M","$","M","?","$","E"],"character_chosen":"DEFECT","items_purchased":["Rip and Tear","Runic Capacitor","Leap"],"campfire_rested":0,"item_purchase_floors":[3,19,22],"current_hp_per_floor":[59,59,59,59,52,48,48,39,39,44,44,44,42,40,40,19,58,50,50,36,36,36,0],"gold":54,"neow_bonus":"THREE_RARE_CARDS","is_prod":false,"is_daily":false,"chose_seed":false,"campfire_upgraded":3,"win_rate":0,"timestamp":1550108768,"path_taken":["M","?","$","?","M","E","R","E","T","M","R","M","E","M","R","BOSS","M","$","M","?","$","E"],"build_version":"2019-02-06","purchased_purges":2,"victory":false,"max_hp_per_floor":[71,71,71,71,71,71,71,71,71,71,71,71,71,71,71,71,71,71,71,71,71,71,71],"card_choices":[{"not_picked":["Echo Form","Hyperbeam"],"picked":"Core Surge","floor":0},{"not_picked":["Stack","Beam Cell"],"picked":"Self Repair","floor":1},{"not_picked":["Leap","Compile Driver"],"picked":"Cold Snap","floor":4},{"not_picked":["Recycle","Redo"],"picked":"Ball Lightning","floor":5},{"not_picked":["Thunder Strike","Doom and Gloom"],"picked":"Capacitor","floor":6},{"not_picked":["Sweeping Beam","Darkness"],"picked":"Chill","floor":8},{"not_picked":["Rebound+1","Loop"],"picked":"Sunder+1","floor":10},{"not_picked":["White Noise","Gash+1"],"picked":"Sweeping Beam+1","floor":12},{"not_picked":["Double Energy","Beam Cell+1"],"picked":"Blizzard+1","floor":13},{"not_picked":["Storm","Streamline+1","Ball Lightning+1"],"picked":"SKIP","floor":14},{"not_picked":["Creative AI","Meteor Strike+1"],"picked":"Electrodynamics","floor":16},{"not_picked":["Ball Lightning+1","Conserve Battery"],"picked":"Redo+1","floor":18},{"not_picked":["Go for the Eyes+1","Cold Snap+1"],"picked":"Stack+1","floor":20}],"player_experience":1959450,"relics_obtained":[{"floor":6,"key":"Emotion Chip"},{"floor":8,"key":"Smiling Mask"},{"floor":9,"key":"Molten Egg 2"},{"floor":13,"key":"Bottled Flame"}],"event_choices":[{"damage_healed":0,"gold_gain":100,"player_choice":"Gold","damage_taken":0,"max_hp_gain":0,"max_hp_loss":0,"event_name":"Wheel of Change","floor":2,"gold_loss":0},{"damage_healed":0,"gold_gain":0,"player_choice":"Ignored","damage_taken":0,"max_hp_gain":0,"max_hp_loss":0,"event_name":"Vampires","floor":21,"gold_loss":0}],"is_beta":true,"boss_relics":[{"not_picked":["Philosopher\u0027s Stone","Snecko Eye"],"picked":"Runic Pyramid"}],"items_purged_floors":[19,22],"is_endless":false,"potions_floor_spawned":[5,6,10,13,20],"killed_by":"Gremlin Leader","ascension_level":15}