{"gold_per_floor":[110,126,126,126,126,126,143,63,63,91,106,120,120,151,151,229,229,245,170,170,182,182,182,182,0,27,40,74,74,107,126,126,126],"floor_reached":33,"playtime":1185,"items_purged":["Strike_R","Strike_R+1"],"score":513,"play_id":"2a2c2e08-20ef-4974-92d4-c0f096a50df9","local_time":"20190302195803","is_ascension_mode":true,"campfire_choices":[{"data":"Bash","floor":6,"key":"SMITH"},{"floor":13,"key":"REST"},{"data":"True Grit","floor":15,"key":"SMITH"},{"data":"Barricade","floor":23,"key":"SMITH"},{"floor":32,"key":"REST"}],"neow_cost":"NONE","seed_source_timestamp":1147721870100810,"circlet_count":0,"master_deck":["AscendersBane","Strike_R+1","Strike_R+1","Defend_R+1","Defend_R+1","Defend_R+1","Defend_R+1","Bash+1","Anger","Inflame","Flame Barrier","Rampage","Pommel Strike","True Grit+1","Barricade+1","Battle Trance","Shockwave","Entrench","Injury","True Grit","Clothesline","Armaments+1"],"relics":["White Beast Statue","Question Card","Lantern","Bag of Marbles","Cursed Key","Regal Pillow","Centennial Puzzle"],"potions_floor_usage":[10,10,11,14,16,16,18,21,28,30,33,33],"damage_taken":[{"damage":6,"enemies":"Small Slimes","floor":1,"turns":3},{"damage":6,"enemies":"2 Louse","floor":2,"turns":3},{"damage":1,"enemies":"Cultist","floor":7,"turns":3},{"damage":20,"enemies":"3 Sentries","floor":10,"turns":7},{"damage":3,"enemies":"3 Louse","floor":11,"turns":4},{"damage":1,"enemies":"Large Slime","floor":12,"turns":5},{"damage":18,"enemies":"Gremlin Nob","floor":14,"turns":4},{"damage":4,"enemies":"Slime Boss","floor":16,"turns":8},{"damage":4,"enemies":"Chosen","floor":18,"turns":4},{"damage":3,"enemies":"Shell Parasite","floor":21,"turns":4},{"damage":0,"enemies":"Centurion and Healer","floor":27,"turns":7},{"damage":9,"enemies":"Gremlin Leader","floor":28,"turns":10},{"damage":19,"enemies":"Book of Stabbing","floor":30,"turns":5},{"damage":21,"enemies":"Snecko","floor":31,"turns":7},{"damage":45,"enemies":"Automaton","floor":33,"turns":16}],"seed_played":"8501522032258461589","potions_obtained":[{"floor":1,"key":"SteroidPotion"},{"floor":2,"key":"SteroidPotion"},{"floor":10,"key":"SpeedPotion"},{"floor":11,"key":"Poison Potion"},{"floor":12,"key":"Fire Potion"},{"floor":14,"key":"Swift Potion"},{"floor":16,"key":"Weak Potion"},{"floor":18,"key":"EssenceOfSteel"},{"floor":21,"key":"Energy Potion"},{"floor":27,"key":"Weak Potion"},{"floor":28,"key":"Explosive Potion"},{"floor":30,"key":"Poison Potion"}],"is_trial":false,"path_per_floor":["M","M","?","?","?","R","M","$","T","E","M","M","R","E","R","B",null,"M","$","?","M","$","R","?","$","T","M","E","$","E","M","R","B"],"character_chosen":"IRONCLAD","items_purchased":["Rampage","Entrench"],"campfire_rested":2,"item_purchase_floors":[8,25],"current_hp_per_floor":[62,56,49,49,49,49,48,48,48,28,25,24,46,28,28,24,62,58,58,58,55,55,55,55,55,55,55,46,46,27,6,43,0],"gold":126,"neow_bonus":"BOSS_RELIC","is_prod":false,"is_daily":false,"chose_seed":false,"campfire_upgraded":3,"win_rate":0,"timestamp":1551574683,"path_taken":["M","M","?","?","?","R","M","$","T","E","M","M","R","E","R","BOSS","M","$","?","M","?","R","?","$","T","M","E","$","E","M","R","BOSS"],"build_version":"2019-02-06","purchased_purges":2,"victory":false,"max_hp_per_floor":[75,75,75,75,75,75,75,75,75,75,75,75,75,75,75,75,75,75,75,75,75,75,75,75,75,75,75,75,75,75,75,75,75],"card_choices":[{"not_picked":["Fire Breathing","Spot Weakness"],"picked":"Anger","floor":1},{"not_picked":["Rupture","Spot Weakness"],"picked":"Inflame","floor":2},{"not_picked":["Armaments","Clothesline"],"picked":"Flame Barrier","floor":7},{"not_picked":["Second Wind","Iron Wave","Flame Barrier"],"picked":"Pommel Strike","floor":10},{"not_picked":["Seeing Red","Sever Soul","Wild Strike"],"picked":"True Grit","floor":11},{"not_picked":["Rupture","Clothesline","Thunderclap","Warcry"],"picked":"SKIP","floor":12},{"not_picked":["Clothesline","Pommel Strike","Blood for Blood","Twin Strike"],"picked":"SKIP","floor":14},{"not_picked":["Impervious","Exhume","Berserk"],"picked":"Barricade","floor":16},{"not_picked":["Iron Wave","Thunderclap","Sword Boomerang"],"picked":"Battle Trance","floor":18},{"not_picked":["Armaments","True Grit","Corruption"],"picked":"Shockwave","floor":21},{"not_picked":["Perfected Strike","Pummel","Clothesline"],"picked":"True Grit","floor":27},{"not_picked":["Searing Blow","Pummel","Evolve","Twin Strike"],"picked":"SKIP","floor":28},{"not_picked":["Ghostly Armor","Pommel Strike+1","Rampage"],"picked":"Clothesline","floor":30},{"not_picked":["Thunderclap","Heavy Blade","Dropkick"],"picked":"Armaments+1","floor":31}],"player_experience":2073939,"relics_obtained":[{"floor":9,"key":"Question Card"},{"floor":10,"key":"Lantern"},{"floor":14,"key":"Bag of Marbles"},{"floor":28,"key":"Regal Pillow"},{"floor":30,"key":"Centennial Puzzle"}],"event_choices":[{"cards_removed":["Strike_R"],"damage_healed":0,"gold_gain":0,"player_choice":"Card Removal","damage_taken":7,"max_hp_gain":0,"max_hp_loss":0,"event_name":"Golden Wing","floor":3,"gold_loss":0},{"damage_healed":0,"gold_gain":0,"player_choice":"Ignored","damage_taken":0,"max_hp_gain":0,"max_hp_loss":0,"event_name":"Liars Game","floor":4,"gold_loss":0},{"damage_healed":0,"gold_gain":0,"player_choice":"Leave","damage_taken":0,"max_hp_gain":0,"max_hp_loss":0,"event_name":"The Cleric","floor":5,"gold_loss":0},{"damage_healed":0,"gold_gain":0,"player_choice":"0 cards matched","damage_taken":0,"max_hp_gain":0,"max_hp_loss":0,"event_name":"Match and Keep!","floor":20,"gold_loss":0,"cards_obtained":[]},{"damage_healed":0,"gold_gain":0,"player_choice":"Simplicity","damage_taken":0,"max_hp_gain":0,"max_hp_loss":0,"event_name":"Back to Basics","floor":24,"gold_loss":0,"cards_upgraded":["Strike_R","Strike_R","Strike_R","Defend_R","Defend_R","Defend_R","Defend_R"]}],"is_beta":true,"boss_relics":[{"not_picked":["Calling Bell","Black Star"],"picked":"Cursed Key"}],"items_purged_floors":[19,25],"is_endless":false,"potions_floor_spawned":[1,2,7,10,11,12,14,16,18,21,27,28,30,31],"killed_by":"Automaton","ascension_level":15}