{"gold_per_floor":[118,118,118,118,134,134,144,170,170,189,141,158,158,168,168,272,272,289,389,408,30,30,64,64,74,74,7,21,41,41,41,41,41],"floor_reached":33,"playtime":4142,"items_purged":[],"score":267,"play_id":"f0e755b0-d02c-450b-b7d3-cce58f8a1f5c","local_time":"20190311214028","is_ascension_mode":false,"campfire_choices":[{"data":"Limit Break","floor":6,"key":"SMITH"},{"floor":13,"key":"REST"},{"floor":15,"key":"REST"},{"floor":30,"key":"REST"},{"floor":32,"key":"REST"}],"neow_cost":"NONE","seed_source_timestamp":109750726382222,"circlet_count":0,"master_deck":["Strike_R","Strike_R","Defend_R","Defend_R","Defend_R","Defend_R","Bash","Limit Break+1","Shrug It Off","Dual Wield+1","Iron Wave","Armaments+1","Disarm+1","Havoc+1","Cleave+1","Immolate+1","Metallicize+1","Whirlwind+1","Combust+1","Flame Barrier+1","Sword Boomerang+1","Discovery+1","Chrysalis+1","Shrug It Off+1","Fire Breathing","Whirlwind+1","Pain","Cleave+1","Rage+1","Heavy Blade+1","Sword Boomerang+1"],"relics":["Burning Blood","Toxic Egg 2","Bronze Scales","Molten Egg 2","Paper Frog","Astrolabe","Gremlin Horn","WarpedTongs","Sundial"],"potions_floor_usage":[14],"damage_taken":[{"damage":10,"enemies":"2 Louse","floor":1,"turns":3},{"damage":7,"enemies":"Small Slimes","floor":5,"turns":3},{"damage":13,"enemies":"Jaw Worm","floor":7,"turns":4},{"damage":45,"enemies":"3 Sentries","floor":8,"turns":10},{"damage":19,"enemies":"3 Louse","floor":10,"turns":3},{"damage":8,"enemies":"2 Fungi Beasts","floor":12,"turns":4},{"damage":1,"enemies":"Exordium Thugs","floor":14,"turns":5},{"damage":60,"enemies":"The Guardian","floor":16,"turns":11},{"damage":5,"enemies":"2 Thieves","floor":18,"turns":4},{"damage":22,"enemies":"Spheric Guardian","floor":20,"turns":3},{"damage":28,"enemies":"Book of Stabbing","floor":23,"turns":5},{"damage":19,"enemies":"Snecko","floor":25,"turns":5},{"damage":4,"enemies":"Cultist and Chosen","floor":28,"turns":3},{"damage":34,"enemies":"Shelled Parasite and Fungi","floor":29,"turns":5},{"damage":65,"enemies":"Champ","floor":33,"turns":12}],"seed_played":"-8924259770582836216","potions_obtained":[{"floor":1,"key":"Fire Potion"},{"floor":10,"key":"Fruit Juice"},{"floor":12,"key":"Block Potion"},{"floor":23,"key":"FearPotion"}],"is_trial":false,"path_per_floor":["M","?","?","T","M","R","M","E","T","M","?","M","R","M","R","B",null,"M","?","M","$","?","E","?","M","T","$","M","M","R","$","R","B"],"character_chosen":"IRONCLAD","items_purchased":["Discovery+1","Chrysalis+1","Shrug It Off+1","Fire Breathing","Rage+1"],"campfire_rested":4,"item_purchase_floors":[21,21,21,21,27],"current_hp_per_floor":[76,73,73,73,72,72,65,26,26,13,13,11,35,45,70,16,85,85,85,69,69,69,47,47,34,34,34,36,8,33,33,58,0],"gold":41,"neow_bonus":"ONE_RANDOM_RARE_CARD","is_prod":false,"is_daily":false,"chose_seed":false,"campfire_upgraded":1,"win_rate":0.0,"timestamp":1552365628,"path_taken":["M","?","?","?","M","R","M","E","T","M","?","M","R","M","R","BOSS","M","?","M","?","?","E","?","M","T","$","M","?","R","$","R","BOSS"],"build_version":"2019-01-23","purchased_purges":0,"victory":false,"max_hp_per_floor":[80,80,80,80,80,80,80,80,80,80,80,80,80,85,85,85,85,85,85,85,85,85,85,85,85,85,85,85,85,85,85,85,85],"card_choices":[{"not_picked":["Sever Soul","Body Slam"],"picked":"Shrug It Off","floor":1},{"not_picked":["Evolve","Perfected Strike"],"picked":"Dual Wield+1","floor":5},{"not_picked":["True Grit+1","Headbutt"],"picked":"Iron Wave","floor":7},{"not_picked":["Whirlwind","Sentinel+1"],"picked":"Armaments+1","floor":8},{"not_picked":["Hemokinesis+1","Corruption"],"picked":"Disarm+1","floor":10},{"not_picked":["Sword Boomerang+1","Metallicize"],"picked":"Havoc+1","floor":12},{"not_picked":["Reckless Charge+1","True Grit+1"],"picked":"Cleave+1","floor":14},{"not_picked":["Brutality","Feed+1"],"picked":"Immolate+1","floor":16},{"not_picked":["Rage+1","Headbutt+1"],"picked":"Flame Barrier+1","floor":18},{"not_picked":["Armaments+1","Bloodletting+1"],"picked":"Sword Boomerang+1","floor":20},{"not_picked":["Flame Barrier+1","Second Wind+1"],"picked":"Whirlwind+1","floor":23},{"not_picked":["Perfected Strike+1","Fire Breathing"],"picked":"Cleave+1","floor":25},{"not_picked":["Power Through+1","Hemokinesis+1"],"picked":"Heavy Blade+1","floor":28},{"not_picked":["Uppercut+1","Flame Barrier+1"],"picked":"Sword Boomerang+1","floor":29}],"player_experience":22824,"relics_obtained":[{"floor":4,"key":"Bronze Scales"},{"floor":8,"key":"Molten Egg 2"},{"floor":9,"key":"Paper Frog"},{"floor":23,"key":"Gremlin Horn"},{"floor":26,"key":"Sundial"}],"event_choices":[{"damage_healed":0,"gold_gain":0,"player_choice":"Success","damage_taken":3,"relics_obtained":["Toxic Egg 2"],"max_hp_gain":0,"max_hp_loss":0,"event_name":"Scrap Ooze","floor":2,"gold_loss":0},{"damage_healed":0,"gold_gain":0,"player_choice":"Leave","damage_taken":0,"max_hp_gain":0,"max_hp_loss":0,"event_name":"The Cleric","floor":3,"gold_loss":0},{"damage_healed":0,"gold_gain":0,"player_choice":"Left Gold","damage_taken":0,"max_hp_gain":0,"max_hp_loss":0,"event_name":"World of Goop","floor":11,"gold_loss":48},{"damage_healed":0,"gold_gain":100,"player_choice":"Pray","damage_taken":0,"max_hp_gain":0,"max_hp_loss":0,"event_name":"Golden Shrine","floor":19,"gold_loss":0},{"damage_healed":0,"gold_gain":0,"player_choice":"Ignored","damage_taken":0,"max_hp_gain":0,"max_hp_loss":0,"event_name":"Ghosts","floor":22,"gold_loss":0},{"damage_healed":0,"gold_gain":0,"player_choice":"Rummage","damage_taken":0,"relics_obtained":["WarpedTongs"],"max_hp_gain":0,"max_hp_loss":0,"event_name":"Accursed Blacksmith","floor":24,"gold_loss":0,"cards_obtained":["Pain"]}],"is_beta":false,"boss_relics":[{"not_picked":["Fusion Hammer","Sozu"],"picked":"Astrolabe"}],"items_purged_floors":[],"is_endless":false,"potions_floor_spawned":[1,10,12,23,28],"killed_by":"Champ","ascension_level":0}