{"path_per_floor":["M","$","?","?","M","R","$","R","T","M","M","R","E","M","R","B",null,"M","?","?","?","M","M","M","T","T","R","E","M","?","E","R"],"character_chosen":"IRONCLAD","items_purchased":["Clash","Strength Potion","Vajra"],"gold_per_floor":[112,12,187,262,278,278,49,49,73,87,101,101,133,146,146,242,242,252,252,212,212,225,241,259,259,259,259,292,303,303,335,335],"floor_reached":33,"campfire_rested":1,"playtime":2982,"current_hp_per_floor":[80,80,80,69,68,68,68,68,68,74,78,78,75,80,80,27,80,78,90,90,90,90,60,51,51,51,51,50,36,21,16,48],"items_purged":["Doubt"],"gold":335,"play_id":"825ea4ba-3f0e-46b3-ba49-b9fcf78ac1aa","is_prod":false,"is_daily":false,"is_ascension_mode":false,"campfire_upgraded":5,"path_taken":["M","$","?","?","M","R","$","R","T","M","?","R","E","M","R","BOSS","M","?","?","?","?","M","M","?","T","R","E","M","?","E","R","BOSS"],"build_version":"2018-01-25-PROD3","purchased_purges":1,"victory":false,"master_deck":["Strike_R","Strike_R","Strike_R","Strike_R","Defend_R+1","Defend_R","Defend_R","Defend_R+1","Bash+1","Dark Embrace","Anger","Clash","Thunderclap+1","Flex+1","Infernal Blade","Seeing Red+1","Battle Trance","Warcry+1","Second Wind","Seeing Red+1","Bloodletting","Battle Trance+1","Flex","Headbutt+1","Perfected Strike+1"],"max_hp_per_floor":[80,80,80,80,80,80,80,80,80,80,80,80,80,80,80,80,80,80,90,90,90,90,90,90,90,90,90,103,103,108,108,108],"relics":["Black Blood","Vajra","War Paint","Ancient Tea Set","Torii","Mummified Hand","Pear","Mercury Hourglass"],"card_choices":[{"not_picked":["Blood for Blood","Body Slam"],"picked":"Anger"},{"not_picked":["Impervious","Sword Boomerang"],"picked":"Thunderclap"},{"not_picked":["Burning Pact","Corruption"],"picked":"Flex"},{"not_picked":["Body Slam","Clash"],"picked":"Infernal Blade"},{"not_picked":["Shrug It Off","Heavy Blade"],"picked":"Seeing Red"},{"not_picked":["Clash","Cleave"],"picked":"Battle Trance"},{"not_picked":["Juggernaut","Feed"],"picked":"Reaper"},{"not_picked":["Reckless Charge","Twin Strike"],"picked":"Warcry"},{"not_picked":["Iron Wave","Clothesline"],"picked":"Seeing Red"},{"not_picked":["Power Through","Metallicize"],"picked":"Bloodletting"},{"not_picked":["Fire Breathing","Uppercut"],"picked":"Battle Trance"},{"not_picked":["Headbutt","Body Slam"],"picked":"Flex"},{"not_picked":["Sword Boomerang","Anger"],"picked":"Headbutt"},{"not_picked":["Berserk","Power Through"],"picked":"Perfected Strike"}],"player_experience":14398,"potions_floor_usage":[23,28,31,31,33],"damage_taken":[{"damage":1,"enemies":"2 Louse","floor":1,"turns":4},{"damage":7,"enemies":"Small Slimes","floor":5,"turns":4},{"damage":0,"enemies":"Cultist","floor":10,"turns":2},{"damage":2,"enemies":"Looter","floor":11,"turns":3},{"damage":9,"enemies":"3 Sentries","floor":13,"turns":7},{"damage":1,"enemies":"Exordium Thugs","floor":14,"turns":2},{"damage":59,"enemies":"The Guardian","floor":16,"turns":7},{"damage":32,"enemies":"Shell Parasite","floor":18,"turns":4},{"damage":5,"enemies":"3 Byrds","floor":22,"turns":4},{"damage":40,"enemies":"Sentry and Sphere","floor":23,"turns":5},{"damage":19,"enemies":"Snake Plant","floor":24,"turns":3},{"damage":24,"enemies":"Slavers","floor":28,"turns":4},{"damage":24,"enemies":"3 Cultists","floor":29,"turns":6},{"damage":27,"enemies":"Book of Stabbing","floor":31,"turns":5},{"damage":60,"enemies":"Collector","floor":33,"turns":3}],"event_choices":[{"event_name":"Liars Game","player_choice":"agreed","floor":3,"damage_taken":0},{"event_name":"World of Goop","player_choice":"Gather Gold","floor":4,"damage_taken":0},{"event_name":"Bonfire Elementals","player_choice":"RARE","floor":19,"damage_taken":0},{"event_name":"The Woman in Blue","player_choice":"Bought 3 Potions","floor":20,"damage_taken":0},{"event_name":"Transmorgrifier","player_choice":"Transform","floor":21,"damage_taken":0},{"event_name":"Forgotten Altar","player_choice":"Shed Blood","floor":30,"damage_taken":0}],"boss_relics":[{"not_picked":["White Beast Statue","Runic Cube"],"picked":"Black Blood"}],"potions_floor_spawned":[1,28,29],"seed_played":"672400605304678470","killed_by":"Collector","ascension_level":0,"is_trial":false}