{"gold_per_floor":[118,132,57,57,67,67,92,109,109,109,141,170,170,183,183,254,254,267,267,267,279,180,215,215,248,326,340,368,368,293,310,310,386,386,400,94,94,94,144,170,190,190,190,216,235,235,253,267,267,267,267,267,5,35,35],"floor_reached":56,"playtime":1985,"items_purged":["Strike_R+1","Strike_R+1"],"score":2115,"play_id":"5e57f851-b0d3-4ef5-b147-4f763de1057b","local_time":"20190219232350","is_ascension_mode":true,"campfire_choices":[{"data":"Clothesline","floor":6.0,"key":"SMITH"},{"data":"Inflame","floor":10,"key":"SMITH"},{"data":"Bash","floor":13,"key":"SMITH"},{"data":"1","floor":15,"key":"LIFT"},{"data":"True Grit","floor":24,"key":"SMITH"},{"data":"2","floor":29,"key":"LIFT"},{"data":"Whirlwind","floor":32,"key":"SMITH"},{"data":"3","floor":42,"key":"LIFT"},{"floor":46,"key":"RECALL"},{"data":"Demon Form","floor":49,"key":"SMITH"},{"data":"True Grit","floor":52,"key":"SMITH"}],"neow_cost":"NONE","seed_source_timestamp":0,"circlet_count":0,"master_deck":["AscendersBane","Strike_R+1","Defend_R+1","Defend_R+1","Defend_R+1","Defend_R+1","Bash+1","Clothesline+1","Shrug It Off","Inflame+1","True Grit+1","Heavy Blade","Pommel Strike","Whirlwind+1","Battle Trance","Demon Form+1","True Grit+1","Shrug It Off","Dark Shackles","Armaments+1","Intimidate+1","Parasite","Sword Boomerang"],"special_seed":0,"relics":["Coffee Dripper","PreservedInsect","Meat on the Bone","Girya","Odd Mushroom","Runic Pyramid","Singing Bowl","Regal Pillow","Blood Vial","Pantograph","Gremlin Horn","Runic Dome","Medical Kit","Question Card","Self Forming Clay","Mummified Hand"],"potions_floor_usage":[18,23,28,55,55],"damage_taken":[{"damage":2.0,"enemies":"Jaw Worm","floor":1.0,"turns":3.0},{"damage":0.0,"enemies":"Small Slimes","floor":2.0,"turns":2.0},{"damage":0.0,"enemies":"2 Louse","floor":5.0,"turns":3.0},{"damage":0.0,"enemies":"Lagavulin","floor":7.0,"turns":8.0},{"damage":3,"enemies":"Blue Slaver","floor":8,"turns":4},{"damage":20,"enemies":"3 Sentries","floor":11,"turns":6},{"damage":2,"enemies":"The Mushroom Lair","floor":12,"turns":4},{"damage":0,"enemies":"Exordium Wildlife","floor":14,"turns":3},{"damage":17,"enemies":"Hexaghost","floor":16,"turns":8},{"damage":25,"enemies":"2 Thieves","floor":18,"turns":5},{"damage":4,"enemies":"Shell Parasite","floor":21,"turns":5},{"damage":14,"enemies":"Slavers","floor":23,"turns":3},{"damage":19,"enemies":"Gremlin Leader","floor":25,"turns":6},{"damage":29,"enemies":"3 Cultists","floor":27,"turns":6},{"damage":22,"enemies":"Slavers","floor":28,"turns":5},{"damage":3,"enemies":"Shelled Parasite and Fungi","floor":31,"turns":6},{"damage":4,"enemies":"Champ","floor":33,"turns":21},{"damage":12,"enemies":"3 Darklings","floor":35,"turns":3},{"damage":43,"enemies":"Reptomancer","floor":40,"turns":4},{"damage":0,"enemies":"Orb Walker","floor":41,"turns":4},{"damage":0,"enemies":"Giant Head","floor":44,"turns":5},{"damage":0,"enemies":"Writhing Mass","floor":45,"turns":8},{"damage":2,"enemies":"Jaw Worm Horde","floor":47,"turns":2},{"damage":12,"enemies":"Spire Growth","floor":48,"turns":5},{"damage":30,"enemies":"Time Eater","floor":50,"turns":10},{"damage":37,"enemies":"Shield and Spear","floor":54,"turns":4},{"damage":46,"enemies":"The Heart","floor":55,"turns":8}],"seed_played":"-6777026958345580573","potions_obtained":[{"floor":1.0,"key":"Regen Potion"},{"floor":5.0,"key":"Dexterity Potion"},{"floor":8,"key":"SteroidPotion"},{"floor":18,"key":"Poison Potion"},{"floor":28,"key":"Dexterity Potion"},{"floor":31,"key":"Ancient Potion"}],"is_trial":false,"path_per_floor":["M","M","?","?","M","R","E","M","T","R","E","?","R","M","R","B",null,"M","?","T","M","$","E","R","E","T","M","E","R","?","M","R","B",null,"M","$","?","?","?","E","M","R","T","E","M","R","M","M","R","B",null,"R","$","E","B",null],"character_chosen":"IRONCLAD","items_purchased":["Shrug It Off","Medical Kit","Mummified Hand"],"campfire_rested":0,"item_purchase_floors":[22,36,53],"current_hp_per_floor":[66,66,66,66,66,66,66,63,63,63,43,41,41,41,41,36,65,54,54,54,50,50,50,50,45,45,32,26,26,26,39,39,64,81,73,73,73,67,67,40,54,54,54,56,60,60,60,52,52,49,84,84,84,51,44],"gold":35,"neow_bonus":"BOSS_RELIC","is_prod":false,"is_daily":false,"chose_seed":false,"campfire_upgraded":7,"win_rate":0,"timestamp":1550636630,"path_taken":["M","M","?","?","M","R","E","M","T","R","E","?","R","M","R","BOSS","M","?","?","M","$","E","R","E","T","M","E","R","?","M","R","BOSS","M","$","?","?","?","E","M","R","T","E","M","R","M","?","R","BOSS","R","$","E","BOSS"],"build_version":"2019-02-06","purchased_purges":2,"victory":true,"max_hp_per_floor":[75,75,75,75,75,75,75,75,75,75,75,75,75,75,75,75,75,75,75,75,75,75,77,77,79,79,81,83,83,83,85,85,87,87,89,89,85,89,89,91,91,91,91,91,93,93,93,95,95,95,95,95,95,97,97],"card_choices":[{"not_picked":["Headbutt","Warcry"],"picked":"Clothesline","floor":1.0},{"not_picked":["Headbutt","Rupture"],"picked":"Shrug It Off","floor":2.0},{"not_picked":["Fire Breathing","Sever Soul"],"picked":"Inflame","floor":5.0},{"not_picked":["Iron Wave","Feel No Pain"],"picked":"True Grit","floor":7.0},{"not_picked":["Flex","Cleave"],"picked":"Heavy Blade","floor":8},{"not_picked":["Cleave","Intimidate"],"picked":"Pommel Strike","floor":11},{"not_picked":["Perfected Strike","Twin Strike"],"picked":"Whirlwind","floor":12},{"not_picked":["Heavy Blade","Offering"],"picked":"Battle Trance","floor":14},{"not_picked":["Exhume","Immolate"],"picked":"Demon Form","floor":16},{"not_picked":["Cleave","Flex","Havoc"],"picked":"SKIP","floor":18},{"not_picked":["Anger+1","Rampage"],"picked":"True Grit","floor":21},{"not_picked":["Wild Strike","Armaments","Sword Boomerang"],"picked":"Singing Bowl","floor":23},{"not_picked":["True Grit","Evolve","Body Slam"],"picked":"Singing Bowl","floor":25},{"not_picked":["Heavy Blade","Wild Strike","Rage"],"picked":"Singing Bowl","floor":27},{"not_picked":["Reckless Charge","Immolate","Rupture+1"],"picked":"Singing Bowl","floor":28},{"not_picked":["Intimidate","Power Through","Thunderclap"],"picked":"Singing Bowl","floor":31},{"not_picked":["Barricade","Berserk","Bludgeon"],"picked":"Singing Bowl","floor":33},{"not_picked":["Wild Strike","Thunderclap","Clothesline+1"],"picked":"Singing Bowl","floor":35},{"not_picked":["Bandage Up","Flash of Steel","Trip"],"picked":"Singing Bowl","floor":38},{"not_picked":["Metamorphosis","Deep Breath","Good Instincts"],"picked":"Singing Bowl","floor":38},{"not_picked":["Dramatic Entrance","Blind"],"picked":"Dark Shackles","floor":38},{"not_picked":["Thunderclap+1","Infernal Blade","Searing Blow"],"picked":"Singing Bowl","floor":40},{"not_picked":["Dropkick+1","Burning Pact+1","Hemokinesis+1"],"picked":"Armaments+1","floor":41},{"not_picked":["Berserk","Rampage","Pommel Strike+1"],"picked":"Intimidate+1","floor":44},{"not_picked":["Perfected Strike+1","Armaments","Seeing Red","Iron Wave"],"picked":"Singing Bowl","floor":45},{"not_picked":["Thunderclap","Cleave","Shrug It Off"],"picked":"Sword Boomerang","floor":47},{"not_picked":["Dropkick","True Grit","Warcry","Ghostly Armor"],"picked":"Singing Bowl","floor":48},{"not_picked":["Double Tap","Battle Trance","Clothesline+1","Evolve"],"picked":"Singing Bowl","floor":54}],"player_experience":1992613,"relics_obtained":[{"floor":7.0,"key":"PreservedInsect"},{"floor":9,"key":"Meat on the Bone"},{"floor":11,"key":"Girya"},{"floor":12,"key":"Odd Mushroom"},{"floor":20,"key":"Singing Bowl"},{"floor":23,"key":"Regal Pillow"},{"floor":25,"key":"Blood Vial"},{"floor":26,"key":"Pantograph"},{"floor":28,"key":"Gremlin Horn"},{"floor":40,"key":"Question Card"},{"floor":44,"key":"Self Forming Clay"}],"event_choices":[{"cards_removed":["Strike_R"],"damage_healed":0.0,"max_hp_gain":0.0,"max_hp_loss":0.0,"gold_gain":0.0,"event_name":"The Cleric","player_choice":"Card Removal","floor":3.0,"gold_loss":75.0,"damage_taken":0.0},{"damage_healed":0.0,"max_hp_gain":0.0,"max_hp_loss":0.0,"gold_gain":0.0,"event_name":"Liars Game","player_choice":"Ignored","floor":4.0,"gold_loss":0.0,"damage_taken":0.0},{"damage_healed":0,"gold_gain":0,"player_choice":"Fought Mushrooms","damage_taken":0,"max_hp_gain":0,"max_hp_loss":0,"event_name":"Mushrooms","floor":12,"gold_loss":0},{"damage_healed":0,"gold_gain":0,"player_choice":"Simplicity","damage_taken":0,"max_hp_gain":0,"max_hp_loss":0,"event_name":"Back to Basics","floor":19,"gold_loss":0,"cards_upgraded":["Strike_R","Strike_R","Strike_R","Strike_R","Defend_R","Defend_R","Defend_R","Defend_R"]},{"cards_removed":["Strike_R"],"damage_healed":0,"gold_gain":0,"player_choice":"Gave Gold","damage_taken":0,"max_hp_gain":0,"max_hp_loss":0,"event_name":"Beggar","floor":30,"gold_loss":75},{"damage_healed":0,"gold_gain":0,"player_choice":"Max HP","damage_taken":0,"max_hp_gain":0,"max_hp_loss":4,"event_name":"Winding Halls","floor":37,"gold_loss":0},{"damage_healed":0,"gold_gain":0,"player_choice":"Memory 3","damage_taken":10,"max_hp_gain":0,"max_hp_loss":0,"event_name":"SensoryStone","floor":38,"gold_loss":0},{"damage_healed":0,"gold_gain":50,"player_choice":"Pray","damage_taken":0,"max_hp_gain":0,"max_hp_loss":0,"event_name":"Golden Shrine","floor":39,"gold_loss":0}],"is_beta":true,"boss_relics":[{"not_picked":["Philosopher\u0027s Stone","Mark of Pain"],"picked":"Runic Pyramid"},{"not_picked":["Empty Cage","Black Star"],"picked":"Runic Dome"}],"items_purged_floors":[22,36],"is_endless":false,"potions_floor_spawned":[1,5,8,11,14,18,23,28,31,33,40,41,48],"ascension_level":15}