{"path_per_floor":["M","?","?","M","M","R","E","R","T","T","M","M","?","?","R","B",null,"M","?","$","?","M","R","E","R","T","?","$","?","?","M","R"],"character_chosen":"IRONCLAD","items_purchased":["Seeing Red","Meat on the Bone","Block Potion","Energy Potion"],"gold_per_floor":[119,119,69,79,92,92,125,125,125,125,138,156,406,406,406,507,507,522,522,175,100,113,113,144,144,144,144,46,46,46,61,61],"floor_reached":33,"campfire_rested":1,"playtime":2686,"current_hp_per_floor":[46,43,43,47,52,52,42,42,42,42,30,36,36,36,60,16,80,61,56,56,56,55,55,28,28,28,28,28,28,28,33,33],"items_purged":["Feel No Pain"],"gold":61,"play_id":"71fed2c2-5e90-4f0b-95ae-bd21995aa6b5","is_prod":false,"is_daily":false,"is_ascension_mode":false,"campfire_upgraded":5,"path_taken":["M","?","?","M","M","R","E","R","T","?","M","?","?","?","R","BOSS","M","?","$","?","M","R","E","R","T","?","$","?","?","M","R","BOSS"],"build_version":"2018-02-01-PROD3","purchased_purges":1,"victory":false,"master_deck":["Defend_R","Bash+1","Armaments+1","Sentinel","Armaments+1","Thunderclap+1","Pommel Strike+1","Whirlwind+1","Shrug It Off+1","Bite+1","Bite+1","Bite+1","Bite+1","Bite+1","Seeing Red+1","Shrug It Off+1","Sword Boomerang+1","Shockwave+1"],"max_hp_per_floor":[80,80,80,80,80,80,80,80,80,80,80,80,80,80,80,80,80,80,56,56,56,56,56,56,56,56,56,56,56,56,56,56],"relics":["Burning Blood","Molten Egg 2","Lantern","Charon\u0027s Ashes","Whetstone","Astrolabe","Meat on the Bone","Thread and Needle","Anchor"],"card_choices":[{"not_picked":["Headbutt","Dual Wield"],"picked":"Armaments"},{"not_picked":["Combust","Reckless Charge"],"picked":"Sentinel"},{"not_picked":["Juggernaut","Feel No Pain"],"picked":"Armaments"},{"not_picked":["Sword Boomerang","Fire Breathing"],"picked":"Thunderclap"},{"not_picked":["Burning Pact","Anger"],"picked":"Pommel Strike"},{"not_picked":["Thunderclap","Clothesline"],"picked":"Shrug It Off"},{"not_picked":["Twin Strike","Clothesline"],"picked":"Shrug It Off"},{"not_picked":["Wild Strike","Hemokinesis"],"picked":"Sword Boomerang"}],"player_experience":56063,"potions_floor_usage":[11,18,24,24,24,33],"damage_taken":[{"damage":0,"enemies":"Small Slimes","floor":1,"turns":3},{"damage":2,"enemies":"Blue Slaver","floor":4,"turns":6},{"damage":1,"enemies":"Jaw Worm","floor":5,"turns":5},{"damage":16,"enemies":"3 Sentries","floor":7,"turns":13},{"damage":18,"enemies":"Large Slime","floor":11,"turns":7},{"damage":0,"enemies":"3 Louse","floor":12,"turns":4},{"damage":50,"enemies":"The Guardian","floor":16,"turns":12},{"damage":25,"enemies":"2 Thieves","floor":18,"turns":4},{"damage":13,"enemies":"3 Byrds","floor":22,"turns":4},{"damage":74,"enemies":"Book of Stabbing","floor":24,"turns":9},{"damage":31,"enemies":"Centurion and Healer","floor":31,"turns":5},{"damage":65,"enemies":"Champ","floor":33,"turns":14}],"event_choices":[{"event_name":"Scrap Ooze","player_choice":"success","floor":2,"damage_taken":3},{"event_name":"The Cleric","player_choice":"Card Removal","floor":3,"damage_taken":0},{"event_name":"Golden Shrine","player_choice":"Desecrate","floor":13,"damage_taken":0},{"event_name":"Purifier","player_choice":"One Purge","floor":14,"damage_taken":0},{"event_name":"Vampires","player_choice":"Became a vampire","floor":19,"damage_taken":0},{"event_name":"Beggar","player_choice":"Gave Gold","floor":21,"damage_taken":0},{"event_name":"The Library","player_choice":"Read","floor":27,"damage_taken":0},{"event_name":"Addict","player_choice":"Ignored","floor":29,"damage_taken":0},{"event_name":"Back to Basics","player_choice":"Elegance","floor":30,"damage_taken":0}],"boss_relics":[{"not_picked":["Runic Pyramid","Eternal Feather"],"picked":"Astrolabe"}],"potions_floor_spawned":[5,7,11,12,18,22],"seed_played":"199122005637233929","killed_by":"Champ","ascension_level":0,"is_trial":false}