{"gold_per_floor":[119,119,192,202,56,56,81,81,153,181,181,212,222,255,255,334,334,354,63,73,88,0,0,35,35,80,94,144,144,174,20,20,91,91,101,119,17,29,45,75,75,102,102,102,102,102,102,102,102,102,102,102,33,65,65],"floor_reached":55,"playtime":2829,"items_purged":["Strike_G","Strike_G"],"score":1446,"play_id":"5eec2357-4c91-4d35-b0eb-b976b10ef248","local_time":"20190304220854","is_ascension_mode":true,"campfire_choices":[{"data":"Caltrops","floor":6,"key":"SMITH"},{"data":"1","floor":8,"key":"LIFT"},{"data":"Neutralize","floor":15,"key":"SMITH"},{"data":"Wraith Form v2","floor":23,"key":"SMITH"},{"floor":29,"key":"REST"},{"data":"Noxious Fumes","floor":32,"key":"SMITH"},{"floor":41,"key":"RECALL"},{"data":"Wraith Form v2","floor":44,"key":"SMITH"},{"data":"Footwork","floor":47,"key":"SMITH"},{"data":"Cloak And Dagger","floor":49,"key":"SMITH"},{"floor":52,"key":"REST"}],"neow_cost":"NONE","seed_source_timestamp":1326744385321233,"circlet_count":0,"master_deck":["AscendersBane","Defend_G+1","Defend_G","Defend_G","Defend_G","Defend_G","Strike_G+1","Strike_G","Survivor","Neutralize+1","Dash","Caltrops+1","Footwork+1","Envenom","Dagger Spray","Dash","Wraith Form v2+1","Backstab","Flying Knee","Terror","Cloak And Dagger+1","Adrenaline","Leg Sweep","Noxious Fumes+1","PiercingWail","Backflip","Wraith Form v2+1","Backflip","Tools of the Trade","Well Laid Plans","Predator","Cloak And Dagger","Master of Strategy","Footwork+1","Leg Sweep"],"relics":["Ring of the Snake","NeowsBlessing","Mummified Hand","PreservedInsect","Girya","Meat on the Bone","Ginger","Anchor","Shuriken","Orrery","Boot","Ancient Tea Set","Strawberry","Busted Crown","Snake Skull","Pen Nib"],"potions_floor_usage":[12,24,33,40,50,50],"damage_taken":[{"damage":0,"enemies":"Jaw Worm","floor":1,"turns":1},{"damage":0,"enemies":"Cultist","floor":4,"turns":1},{"damage":0,"enemies":"Lagavulin","floor":7,"turns":1},{"damage":3,"enemies":"3 Sentries","floor":10,"turns":6},{"damage":9,"enemies":"Gremlin Nob","floor":12,"turns":4},{"damage":0,"enemies":"Small Slimes","floor":13,"turns":4},{"damage":5,"enemies":"3 Sentries","floor":14,"turns":4},{"damage":5,"enemies":"Hexaghost","floor":16,"turns":10},{"damage":4,"enemies":"Shell Parasite","floor":18,"turns":5},{"damage":0,"enemies":"2 Thieves","floor":20,"turns":3},{"damage":7,"enemies":"3 Cultists","floor":21,"turns":6},{"damage":9,"enemies":"Book of Stabbing","floor":24,"turns":6},{"damage":0,"enemies":"Centurion and Healer","floor":27,"turns":8},{"damage":5,"enemies":"Gremlin Leader","floor":30,"turns":6},{"damage":28,"enemies":"Automaton","floor":33,"turns":14},{"damage":1,"enemies":"3 Shapes","floor":35,"turns":5},{"damage":0,"enemies":"Orb Walker","floor":36,"turns":3},{"damage":0,"enemies":"Transient","floor":38,"turns":5},{"damage":4,"enemies":"Sphere and 2 Shapes","floor":39,"turns":8},{"damage":1,"enemies":"Giant Head","floor":40,"turns":8},{"damage":0,"enemies":"Nemesis","floor":42,"turns":5},{"damage":42,"enemies":"Awakened One","floor":50,"turns":21},{"damage":0,"enemies":"Shield and Spear","floor":54,"turns":7},{"damage":79,"enemies":"The Heart","floor":55,"turns":10}],"seed_played":"4195961479435125276","potions_obtained":[{"floor":7,"key":"Dexterity Potion"},{"floor":10,"key":"Regen Potion"},{"floor":13,"key":"AttackPotion"},{"floor":21,"key":"AttackPotion"},{"floor":27,"key":"GhostInAJar"},{"floor":33,"key":"Poison Potion"},{"floor":35,"key":"PowerPotion"},{"floor":40,"key":"Explosive Potion"}],"is_trial":false,"path_per_floor":["M","?","T","M","$","R","E","R","T","E","?","E","M","E","R","B",null,"M","$","M","M","?","R","E","?","T","M","?","R","E","$","R","B",null,"M","M","$","M","M","E","R","E","T","R","?","?","R","?","R","B",null,"R","$","E","B"],"character_chosen":"THE_SILENT","items_purchased":["PreservedInsect","Adrenaline","Leg Sweep","Noxious Fumes","Backflip","Well Laid Plans","Predator","Leg Sweep"],"campfire_rested":2,"item_purchase_floors":[5,19,19,19,31,37,37,53],"current_hp_per_floor":[59,59,59,59,59,59,59,59,59,56,36,39,39,34,34,41,60,56,56,56,49,49,49,40,22,22,34,34,55,57,57,57,41,69,68,68,68,68,64,63,63,63,63,63,53,53,53,53,53,23,64,78,78,78,0],"gold":65,"neow_bonus":"THREE_ENEMY_KILL","is_prod":false,"is_daily":false,"chose_seed":false,"campfire_upgraded":7,"win_rate":0,"timestamp":1551755334,"path_taken":["M","?","?","?","$","R","E","R","T","E","?","E","M","E","R","BOSS","M","$","M","M","?","R","E","?","T","M","?","R","E","?","R","BOSS","M","M","$","M","M","E","R","E","T","R","?","?","R","?","R","BOSS","R","$","E","BOSS"],"build_version":"2019-02-06","purchased_purges":2,"victory":false,"max_hp_per_floor":[66,66,66,66,66,66,66,66,66,66,66,66,66,66,66,66,66,66,66,66,66,66,66,66,71,71,71,71,71,78,78,78,78,78,78,78,78,78,78,78,78,78,78,78,78,78,78,78,78,78,78,78,78,78,78],"card_choices":[{"not_picked":["Quick Slash","Riddle With Holes"],"picked":"Dash","floor":1},{"not_picked":["Distraction","Crippling Poison"],"picked":"Caltrops","floor":4},{"not_picked":["Dagger Throw","Sucker Punch"],"picked":"Footwork","floor":7},{"not_picked":["Cloak And Dagger","Underhanded Strike"],"picked":"Envenom","floor":10},{"not_picked":["Dagger Throw","Quick Slash"],"picked":"Dagger Spray","floor":12},{"not_picked":["Caltrops","Prepared"],"picked":"Dash","floor":13},{"not_picked":["Bouncing Flask","Prepared","Reflex"],"picked":"SKIP","floor":14},{"not_picked":["Bouncing Flask","Prepared","Reflex"],"picked":"SKIP","floor":14},{"not_picked":["Storm of Steel","A Thousand Cuts"],"picked":"Wraith Form v2","floor":16},{"not_picked":["Terror","Flying Knee"],"picked":"Backstab","floor":17},{"not_picked":["Outmaneuver","Accuracy"],"picked":"Flying Knee","floor":17},{"not_picked":["Underhanded Strike","Deflect"],"picked":"Terror","floor":17},{"not_picked":["Quick Slash","Dagger Spray+1"],"picked":"Cloak And Dagger","floor":18},{"not_picked":["Die Die Die","Masterful Stab"],"picked":"PiercingWail","floor":20},{"not_picked":["Expertise","Terror+1"],"picked":"Backflip","floor":21},{"not_picked":["Prepared","Storm of Steel","Expertise"],"picked":"SKIP","floor":24},{"not_picked":["Eviscerate","Dagger Throw+1","Dagger Spray"],"picked":"SKIP","floor":27},{"not_picked":["All Out Attack","Slice+1"],"picked":"Wraith Form v2","floor":30},{"not_picked":["Unload","Venomology"],"picked":"Tools of the Trade","floor":33},{"not_picked":["Distraction"],"picked":"SKIP","floor":35},{"not_picked":["Dodge and Roll"],"picked":"SKIP","floor":36},{"not_picked":["Expertise"],"picked":"SKIP","floor":38},{"not_picked":["Backflip"],"picked":"SKIP","floor":39},{"not_picked":["Acrobatics"],"picked":"SKIP","floor":40},{"not_picked":[],"picked":"Cloak And Dagger","floor":42},{"not_picked":[],"picked":"Master of Strategy","floor":45},{"not_picked":["Finisher+1"],"picked":"SKIP","floor":54}],"player_experience":2091696,"relics_obtained":[{"floor":3,"key":"Mummified Hand"},{"floor":7,"key":"Girya"},{"floor":9,"key":"Meat on the Bone"},{"floor":10,"key":"Ginger"},{"floor":12,"key":"Anchor"},{"floor":14,"key":"Shuriken"},{"floor":24,"key":"Boot"},{"floor":26,"key":"Ancient Tea Set"},{"floor":30,"key":"Strawberry"},{"floor":40,"key":"Snake Skull"},{"floor":54,"key":"Pen Nib"}],"event_choices":[{"cards_removed":["Strike_G"],"damage_healed":0,"gold_gain":0,"player_choice":"Forget","damage_taken":0,"max_hp_gain":0,"max_hp_loss":0,"event_name":"Living Wall","floor":2,"gold_loss":0},{"damage_healed":0,"gold_gain":0,"player_choice":"Entered Light","damage_taken":20,"max_hp_gain":0,"max_hp_loss":0,"event_name":"Shining Light","floor":11,"gold_loss":0,"cards_upgraded":["Strike_G","Defend_G"]},{"damage_healed":0,"gold_gain":0,"player_choice":"Paid Fearfully","damage_taken":0,"max_hp_gain":0,"max_hp_loss":0,"event_name":"Masked Bandits","floor":22,"gold_loss":88},{"damage_healed":0,"gold_gain":0,"player_choice":"Shed Blood","damage_taken":23,"max_hp_gain":5,"max_hp_loss":0,"event_name":"Forgotten Altar","floor":25,"gold_loss":0},{"damage_healed":0,"gold_gain":50,"player_choice":"Stole From Cult","damage_taken":0,"max_hp_gain":0,"max_hp_loss":0,"event_name":"Nest","floor":28,"gold_loss":0},{"damage_healed":0,"gold_gain":0,"player_choice":"Memory 3","damage_taken":10,"max_hp_gain":0,"max_hp_loss":0,"event_name":"SensoryStone","floor":45,"gold_loss":0},{"damage_healed":0,"gold_gain":0,"player_choice":"Ignored","damage_taken":0,"max_hp_gain":0,"max_hp_loss":0,"event_name":"Mysterious Sphere","floor":46,"gold_loss":0},{"damage_healed":0,"gold_gain":0,"player_choice":"Copied","damage_taken":0,"max_hp_gain":0,"max_hp_loss":0,"event_name":"Duplicator","floor":48,"gold_loss":0,"cards_obtained":["Footwork"]}],"is_beta":true,"boss_relics":[{"not_picked":["Astrolabe","Lizard Tail"],"picked":"Orrery"},{"not_picked":["Calling Bell","Pandora\u0027s Box"],"picked":"Busted Crown"}],"items_purged_floors":[19,31],"is_endless":false,"potions_floor_spawned":[7,10,13,16,21,27,33,35,39,40],"killed_by":"The Heart","ascension_level":15}