{"gold_per_floor":[111,286,211,230,230,230,240,271,344,344,356,356,356,371,371,371],"floor_reached":16,"playtime":537,"items_purged":["Doubt"],"score":120,"play_id":"3e3e599c-00ff-44c6-baea-e7e0742ce881","local_time":"20190312163814","is_ascension_mode":true,"campfire_choices":[{"data":"Skewer","floor":6,"key":"SMITH"},{"data":"Adrenaline","floor":10,"key":"SMITH"},{"data":"Sucker Punch","floor":13,"key":"SMITH"},{"data":"PiercingWail","floor":15,"key":"SMITH"}],"neow_cost":"NONE","seed_source_timestamp":94068316924882,"circlet_count":0,"master_deck":["Defend_G","Defend_G","Defend_G","Defend_G","Defend_G","Strike_G","Strike_G","Strike_G","Strike_G","Survivor","Neutralize+1","Poisoned Stab","Skewer+1","Predator","Adrenaline+1","Sucker Punch+1","PiercingWail+1"],"relics":["Ring of the Snake","Blood Vial","Darkstone Periapt","Lantern"],"potions_floor_usage":[16,16],"damage_taken":[{"damage":6,"enemies":"2 Louse","floor":1,"turns":7},{"damage":0,"enemies":"Jaw Worm","floor":4,"turns":4},{"damage":0,"enemies":"Cultist","floor":7,"turns":3},{"damage":24,"enemies":"Lagavulin","floor":8,"turns":8},{"damage":6,"enemies":"Exordium Wildlife","floor":11,"turns":3},{"damage":0,"enemies":"Looter","floor":14,"turns":1},{"damage":55,"enemies":"The Guardian","floor":16,"turns":15}],"seed_played":"-6163810547697095355","potions_obtained":[{"floor":4,"key":"Swift Potion"},{"floor":11,"key":"GamblersBrew"}],"is_trial":false,"path_per_floor":["M","?","$","M","?","R","M","E","T","R","M","T","R","M","R","B"],"character_chosen":"THE_SILENT","items_purchased":[],"campfire_rested":0,"item_purchase_floors":[],"current_hp_per_floor":[64,64,64,64,64,64,64,40,40,40,36,36,36,38,38,0],"gold":371,"neow_bonus":"REMOVE_CARD","is_prod":false,"is_daily":false,"chose_seed":false,"campfire_upgraded":4,"win_rate":0,"timestamp":1552433894,"path_taken":["M","?","$","M","?","R","M","E","T","R","M","?","R","M","R","BOSS"],"build_version":"2019-01-23","purchased_purges":1,"victory":false,"max_hp_per_floor":[70,70,70,70,70,70,70,70,70,70,70,70,70,70,70,70],"card_choices":[{"not_picked":["Underhanded Strike","Dodge and Roll"],"picked":"Poisoned Stab","floor":1},{"not_picked":["Concentrate","Choke"],"picked":"Skewer","floor":4},{"not_picked":["Outmaneuver","Backflip"],"picked":"Predator","floor":7},{"not_picked":["Blade Dance","Poisoned Stab"],"picked":"Adrenaline","floor":8},{"not_picked":["Flechettes","Deadly Poison"],"picked":"Sucker Punch","floor":11},{"not_picked":["Eviscerate","Tactician"],"picked":"PiercingWail","floor":14}],"player_experience":406076,"relics_obtained":[{"floor":8,"key":"Blood Vial"},{"floor":9,"key":"Darkstone Periapt"},{"floor":12,"key":"Lantern"}],"event_choices":[{"damage_healed":0,"gold_gain":175,"player_choice":"AGREE","damage_taken":0,"max_hp_gain":0,"max_hp_loss":0,"event_name":"Liars Game","floor":2,"gold_loss":0,"cards_obtained":["Doubt"]},{"damage_healed":0,"gold_gain":0,"player_choice":"Grow","damage_taken":0,"max_hp_gain":0,"max_hp_loss":0,"event_name":"Living Wall","floor":5,"gold_loss":0,"cards_upgraded":["Neutralize"]}],"is_beta":false,"boss_relics":[],"items_purged_floors":[3],"is_endless":false,"potions_floor_spawned":[4,11],"killed_by":"The Guardian","ascension_level":4}