{"gold_per_floor":[112,126,126,144,130,130,158,158,208,208,15,45,45,59,59,131,131,144,15,34,49,49,49,75,75,75,90,151,175,186,186,186,186],"floor_reached":33,"playtime":1093,"items_purged":["Strike_B"],"score":543,"play_id":"47bc2bf7-dd0b-47db-96aa-5792acf355e7","local_time":"20190103000149","is_ascension_mode":true,"campfire_choices":[{"data":"Zap","floor":6,"key":"SMITH"},{"data":"Sweeping Beam","floor":8,"key":"SMITH"},{"data":"Hologram","floor":10,"key":"SMITH"},{"data":"Ball Lightning","floor":15,"key":"SMITH"},{"data":"Electrodynamics","floor":23,"key":"SMITH"},{"floor":25,"key":"RECALL"},{"data":"Ghostly","floor":32,"key":"SMITH"}],"neow_cost":"NONE","seed_source_timestamp":11050129486867,"circlet_count":0,"master_deck":["AscendersBane","Strike_B","Strike_B","Strike_B","Defend_B","Defend_B","Defend_B","Defend_B","Zap+1","Dualcast","Hologram+1","BootSequence","Chill","Sweeping Beam+1","Buffer+1","Ball Lightning+1","Electrodynamics+1","Cold Snap","Coolheaded","Ghostly+1","Ghostly","Ghostly"],"relics":["Cracked Core","PreservedInsect","Odd Mushroom","Blood Vial","Lee\u0027s Waffle","Omamori","Cursed Key","Pantograph","Singing Bowl","Tiny Chest"],"potions_floor_usage":[33,33,33,33],"damage_taken":[{"damage":10,"enemies":"Small Slimes","floor":1,"turns":3},{"damage":0,"enemies":"2 Louse","floor":2,"turns":3},{"damage":2,"enemies":"Jaw Worm","floor":4,"turns":3},{"damage":9,"enemies":"Exordium Thugs","floor":5,"turns":4},{"damage":2,"enemies":"The Mushroom Lair","floor":7,"turns":5},{"damage":1,"enemies":"3 Sentries","floor":12,"turns":4},{"damage":4,"enemies":"Exordium Wildlife","floor":14,"turns":4},{"damage":19,"enemies":"The Guardian","floor":16,"turns":12},{"damage":0,"enemies":"Chosen","floor":18,"turns":4},{"damage":5,"enemies":"2 Thieves","floor":20,"turns":4},{"damage":16,"enemies":"Snake Plant","floor":21,"turns":6},{"damage":7,"enemies":"Book of Stabbing","floor":24,"turns":6},{"damage":0,"enemies":"Shelled Parasite and Fungi","floor":27,"turns":6},{"damage":0,"enemies":"Slavers","floor":28,"turns":4},{"damage":6,"enemies":"Centurion and Healer","floor":30,"turns":5},{"damage":74,"enemies":"Champ","floor":33,"turns":17}],"seed_played":"-5801516947704252512","potions_obtained":[{"floor":7,"key":"Energy Potion"},{"floor":12,"key":"Fire Potion"},{"floor":24,"key":"EntropicBrew"},{"floor":30,"key":"AttackPotion"}],"is_trial":false,"path_per_floor":["M","M","$","M","M","R","?","R","T","R","$","E","?","M","R","B",null,"M","$","M","M","?","R","E","R","T","M","E","T","M","$","R","B"],"character_chosen":"DEFECT","items_purchased":["Lee\u0027s Waffle","Coolheaded"],"campfire_rested":0,"item_purchase_floors":[11,19],"current_hp_per_floor":[54,54,54,52,43,43,41,41,41,41,78,77,77,74,74,57,73,75,75,72,58,39,39,32,32,32,36,40,40,38,38,38,0],"gold":186,"neow_bonus":"RANDOM_COMMON_RELIC","is_prod":false,"is_daily":false,"chose_seed":false,"campfire_upgraded":6,"win_rate":0,"timestamp":1546491709,"path_taken":["M","M","$","M","M","R","?","R","T","R","$","E","?","M","R","BOSS","M","$","M","M","?","R","E","R","T","M","E","?","?","$","R","BOSS"],"build_version":"2019-01-01v2","purchased_purges":1,"victory":false,"max_hp_per_floor":[71,71,71,71,71,71,71,71,71,71,78,78,78,78,78,78,78,78,78,78,78,39,39,39,39,39,41,43,43,45,45,45,45],"card_choices":[{"not_picked":["Stack","Barrage","Turbo"],"picked":"SKIP","floor":1},{"not_picked":["Stack","Reprogram"],"picked":"Hologram","floor":2},{"not_picked":["FTL","Lockon"],"picked":"BootSequence","floor":4},{"not_picked":["Beam Cell","Leap"],"picked":"Chill","floor":5},{"not_picked":["Gash","Rebound"],"picked":"Sweeping Beam","floor":7},{"not_picked":["Coolheaded","Consume"],"picked":"Buffer","floor":12},{"not_picked":["Recycle","Steam"],"picked":"Ball Lightning","floor":14},{"not_picked":["Meteor Strike","Amplify"],"picked":"Electrodynamics","floor":16},{"not_picked":["Go for the Eyes","Gash"],"picked":"Cold Snap","floor":18},{"not_picked":["Fusion","Heatsinks","Cold Snap"],"picked":"SKIP","floor":20},{"not_picked":["Melter","BootSequence","Gash+1"],"picked":"SKIP","floor":21},{"not_picked":["Compile Driver","Barrage","Sunder"],"picked":"SKIP","floor":24},{"not_picked":["Steam","Barrage","Streamline+1"],"picked":"Singing Bowl","floor":27},{"not_picked":["Aggregate","Conserve Battery","Barrage"],"picked":"Singing Bowl","floor":28},{"not_picked":["Turbo","Amplify","Steam Power"],"picked":"Singing Bowl","floor":30}],"player_experience":1811927,"relics_obtained":[{"floor":7,"key":"Odd Mushroom"},{"floor":9,"key":"Blood Vial"},{"floor":12,"key":"Omamori"},{"floor":24,"key":"Pantograph"},{"floor":26,"key":"Singing Bowl"},{"floor":28,"key":"Tiny Chest"}],"event_choices":[{"damage_healed":0,"gold_gain":0,"player_choice":"Fought Mushrooms","damage_taken":0,"max_hp_gain":0,"max_hp_loss":0,"event_name":"Mushrooms","floor":7,"gold_loss":0},{"damage_healed":0,"gold_gain":0,"player_choice":"Grow","damage_taken":0,"max_hp_gain":0,"max_hp_loss":0,"event_name":"Living Wall","floor":13,"gold_loss":0,"cards_upgraded":["Buffer"]},{"damage_healed":0,"gold_gain":0,"player_choice":"Became a Ghost","damage_taken":0,"max_hp_gain":0,"max_hp_loss":39,"event_name":"Ghosts","floor":22,"gold_loss":0,"cards_obtained":["Ghostly","Ghostly","Ghostly"]}],"is_beta":true,"boss_relics":[{"not_picked":["Sozu","Lizard Tail"],"picked":"Cursed Key"}],"items_purged_floors":[19],"is_endless":false,"potions_floor_spawned":[7,12,14,24,27,28,30],"killed_by":"Champ","ascension_level":15}