{"gold_per_floor":[112,112,187,187,197,227,227,277,324,324,276,293,293,303,303,303],"floor_reached":16,"playtime":342,"items_purged":[],"score":215,"play_id":"5c3a9548-7729-4915-9482-ad59be64cc11","local_time":"20190121003859","is_ascension_mode":true,"campfire_choices":[{"data":"Neutralize","floor":7,"key":"SMITH"},{"data":"Well Laid Plans","floor":10,"key":"SMITH"},{"floor":13,"key":"REST"},{"data":"Dagger Throw","floor":15,"key":"SMITH"}],"neow_cost":"NONE","seed_source_timestamp":1006351790818442,"circlet_count":0,"master_deck":["AscendersBane","Defend_G","Defend_G","Defend_G","Defend_G","Defend_G","Strike_G","Strike_G","Strike_G","Strike_G","Strike_G","Survivor+1","Neutralize+1","Backstab+1","Well Laid Plans+1","PiercingWail","Dagger Throw+1","Catalyst"],"relics":["Ring of the Snake","NeowsBlessing","Mango","Oddly Smooth Stone"],"potions_floor_usage":[16,16],"damage_taken":[{"damage":0,"enemies":"2 Louse","floor":1,"turns":1},{"damage":0,"enemies":"Small Slimes","floor":5,"turns":1},{"damage":0,"enemies":"3 Sentries","floor":6,"turns":1},{"damage":6,"enemies":"Jaw Worm","floor":12,"turns":4},{"damage":1,"enemies":"3 Louse","floor":14,"turns":3},{"damage":53,"enemies":"Slime Boss","floor":16,"turns":16}],"seed_played":"7441980807525913929","potions_obtained":[{"floor":6,"key":"GamblersBrew"},{"floor":12,"key":"Ancient Potion"},{"floor":14,"key":"Energy Potion"}],"is_trial":false,"path_per_floor":["M","?","?","?","M","E","R","?","T","R","$","M","R","M","R","B"],"character_chosen":"THE_SILENT","items_purchased":["PiercingWail"],"campfire_rested":1,"item_purchase_floors":[11],"current_hp_per_floor":[59,39,28,28,28,42,42,34,34,34,34,28,52,51,51,0],"gold":303,"neow_bonus":"THREE_ENEMY_KILL","is_prod":false,"is_daily":false,"chose_seed":false,"campfire_upgraded":3,"win_rate":0,"timestamp":1548049139,"path_taken":["M","?","?","?","?","E","R","?","T","R","$","M","R","M","R","BOSS"],"build_version":"2019-01-19","purchased_purges":0,"victory":false,"max_hp_per_floor":[66,66,66,66,66,80,80,80,80,80,80,80,80,80,80,80],"card_choices":[{"not_picked":["Deflect","Setup"],"picked":"Backstab","floor":1},{"not_picked":["Prepared","Setup","Backstab"],"picked":"SKIP","floor":5},{"not_picked":["Dagger Spray","Tools of the Trade"],"picked":"Well Laid Plans","floor":6},{"not_picked":["Cloak And Dagger","Sucker Punch"],"picked":"Dagger Throw","floor":12},{"not_picked":["Dodge and Roll","Flechettes"],"picked":"Catalyst","floor":14}],"player_experience":1858035,"relics_obtained":[{"floor":6,"key":"Mango"},{"floor":9,"key":"Oddly Smooth Stone"}],"event_choices":[{"damage_healed":0,"gold_gain":0,"player_choice":"Entered Light","damage_taken":20,"max_hp_gain":0,"max_hp_loss":0,"event_name":"Shining Light","floor":2,"gold_loss":0,"cards_upgraded":["Survivor","Backstab"]},{"damage_healed":0,"gold_gain":75,"player_choice":"Gather Gold","damage_taken":11,"max_hp_gain":0,"max_hp_loss":0,"event_name":"World of Goop","floor":3,"gold_loss":0},{"damage_healed":0,"gold_gain":0,"player_choice":"Fled","damage_taken":0,"max_hp_gain":0,"max_hp_loss":0,"event_name":"Scrap Ooze","floor":4,"gold_loss":0},{"damage_healed":0,"gold_gain":50,"player_choice":"Touch","damage_taken":8,"max_hp_gain":0,"max_hp_loss":0,"event_name":"FaceTrader","floor":8,"gold_loss":0}],"is_beta":true,"boss_relics":[],"items_purged_floors":[],"is_endless":false,"potions_floor_spawned":[6,12,14],"killed_by":"Slime Boss","ascension_level":15}