{"gold_per_floor":[112,37,49,60,60,95,95,121,121,121,146,146,146,166,166,241,241,257,104,104,29,39,39,67,67,67,79,112,112,144,154,154,231,231,245,245,293,293,306,334,334,359,359,47,65,65,65,94,94,94,94,94,22,49,49],"floor_reached":56,"playtime":2383,"items_purged":["Strike_G","Strike_G+1"],"score":2237,"play_id":"815f86d9-6d79-4994-9010-e01673f38c95","local_time":"20190226001244","is_ascension_mode":true,"campfire_choices":[{"data":"Dagger Spray","floor":7.0,"key":"SMITH"},{"data":"Deadly Poison","floor":10.0,"key":"SMITH"},{"data":"Neutralize","floor":12.0,"key":"SMITH"},{"floor":15.0,"key":"REST"},{"data":"Catalyst","floor":23.0,"key":"SMITH"},{"data":"Ghostly","floor":32.0,"key":"SMITH"},{"floor":41.0,"key":"RECALL"},{"data":"Burst","floor":47.0,"key":"SMITH"},{"floor":49.0,"key":"REST"},{"data":"Burst","floor":52.0,"key":"SMITH"}],"neow_cost":"NONE","seed_source_timestamp":729719968291775,"circlet_count":0,"master_deck":["AscendersBane","Defend_G+1","Defend_G+1","Defend_G+1","Defend_G+1","Defend_G+1","Strike_G+1","Strike_G+1","Survivor","Neutralize+1","Deadly Poison+1","Dagger Spray+1","Blur","Poisoned Stab","Dagger Throw","Burst+1","Catalyst+1","Ghostly","Ghostly","Ghostly+1","Dash","Footwork+1","Malaise","PiercingWail","Bullet Time","Deadly Poison+1","Glass Knife","Dark Shackles","Dark Shackles","Burst+1","Catalyst","Deadly Poison","Blur","Escape Plan+1"],"special_seed":0,"relics":["Ring of the Snake","PreservedInsect","Ninja Scroll","Torii","Incense Burner","Boot","Turnip","Runic Pyramid","Lantern","Bronze Scales","Bottled Lightning","Orrery","Girya","Question Card","Smiling Mask","Dodecahedron","ClockworkSouvenir","Regal Pillow","Thread and Needle"],"potions_floor_usage":[55,55],"damage_taken":[{"damage":0.0,"enemies":"Small Slimes","floor":1.0,"turns":4.0},{"damage":0.0,"enemies":"2 Louse","floor":3.0,"turns":3.0},{"damage":0.0,"enemies":"Jaw Worm","floor":4.0,"turns":4.0},{"damage":16.0,"enemies":"3 Sentries","floor":6.0,"turns":9.0},{"damage":2.0,"enemies":"Lagavulin","floor":8.0,"turns":5.0},{"damage":2.0,"enemies":"3 Sentries","floor":11.0,"turns":7.0},{"damage":0.0,"enemies":"Looter","floor":14.0,"turns":3.0},{"damage":15.0,"enemies":"Slime Boss","floor":16.0,"turns":10.0},{"damage":1.0,"enemies":"Shell Parasite","floor":18.0,"turns":6.0},{"damage":7.0,"enemies":"2 Thieves","floor":22.0,"turns":4.0},{"damage":5.0,"enemies":"Book of Stabbing","floor":24.0,"turns":5.0},{"damage":5.0,"enemies":"3 Cultists","floor":27.0,"turns":6.0},{"damage":0.0,"enemies":"Slavers","floor":28.0,"turns":7.0},{"damage":0.0,"enemies":"Book of Stabbing","floor":30.0,"turns":4.0},{"damage":0.0,"enemies":"Sentry and Sphere","floor":31.0,"turns":6.0},{"damage":1.0,"enemies":"Automaton","floor":33.0,"turns":12.0},{"damage":0.0,"enemies":"3 Shapes","floor":35.0,"turns":4.0},{"damage":2.0,"enemies":"2 Orb Walkers","floor":37.0,"turns":5.0},{"damage":0.0,"enemies":"3 Darklings","floor":39.0,"turns":5.0},{"damage":0.0,"enemies":"Nemesis","floor":40.0,"turns":7.0},{"damage":3.0,"enemies":"Reptomancer","floor":42.0,"turns":8.0},{"damage":0.0,"enemies":"4 Shapes","floor":45.0,"turns":7.0},{"damage":1.0,"enemies":"Giant Head","floor":48.0,"turns":3.0},{"damage":1.0,"enemies":"Awakened One","floor":50.0,"turns":17.0},{"damage":0,"enemies":"Shield and Spear","floor":54,"turns":7},{"damage":3,"enemies":"The Heart","floor":55,"turns":12}],"seed_played":"-5768413439537396820","potions_obtained":[{"floor":1.0,"key":"GhostInAJar"},{"floor":6.0,"key":"Energy Potion"},{"floor":11.0,"key":"PowerPotion"},{"floor":16.0,"key":"Energy Potion"},{"floor":24.0,"key":"Dexterity Potion"},{"floor":40.0,"key":"Dexterity Potion"}],"is_trial":false,"path_per_floor":["M","$","M","M","?","E","R","E","T","R","E","R","?","M","R","B",null,"M","$","?","?","M","R","E","?","T","M","E","?","E","M","R","B",null,"M","$","?","?","M","E","R","E","T","$","M","$","R","E","R","B",null,"R","$","E","B",null],"character_chosen":"THE_SILENT","items_purchased":["Well Laid Plans","Catalyst","Catalyst","ClockworkSouvenir","Blur"],"campfire_rested":2,"item_purchase_floors":[2,19,44,44,53],"current_hp_per_floor":[59,59,59,59,52,36,36,34,34,34,32,32,6,6,25,10,52,51,51,51,51,44,44,39,33,33,28,28,28,28,28,28,27,32,32,32,30,25,25,25,25,22,22,22,22,22,22,21,33,32,33,33,33,33,30],"gold":49,"neow_bonus":"RANDOM_COMMON_RELIC","is_prod":false,"is_daily":false,"chose_seed":false,"campfire_upgraded":7,"win_rate":0,"timestamp":1551157964,"path_taken":["M","$","M","M","?","E","R","E","T","R","E","R","?","M","R","BOSS","M","$","?","?","M","R","E","?","T","?","E","?","E","M","R","BOSS","M","$","?","?","M","E","R","E","T","$","M","$","R","E","R","BOSS","R","$","E","BOSS"],"build_version":"2019-02-06","purchased_purges":2,"victory":true,"max_hp_per_floor":[66,66,66,66,66,66,66,66,66,66,66,66,66,66,66,66,66,66,66,66,66,66,66,66,33,33,33,33,33,33,33,33,33,33,33,33,33,33,33,33,33,33,33,33,33,33,33,33,33,33,33,33,33,33,33],"card_choices":[{"not_picked":["Bouncing Flask","Bane","Poisoned Stab"],"picked":"SKIP","floor":1.0},{"not_picked":["Slice","Sucker Punch"],"picked":"Deadly Poison","floor":3.0},{"not_picked":["Slice","Crippling Poison"],"picked":"Dagger Spray","floor":4.0},{"not_picked":["Masterful Stab","Dagger Spray"],"picked":"Blur","floor":6.0},{"not_picked":["Blade Dance","Doppelganger"],"picked":"Poisoned Stab","floor":8.0},{"not_picked":["Riddle With Holes","Deflect"],"picked":"Dagger Throw","floor":11.0},{"not_picked":["Blade Dance","Deflect","Quick Slash"],"picked":"SKIP","floor":14.0},{"not_picked":["Venomology","Night Terror"],"picked":"Burst","floor":16.0},{"not_picked":["Poisoned Stab+1","Choke+1","Sucker Punch"],"picked":"SKIP","floor":18.0},{"not_picked":["Masterful Stab","Outmaneuver","Underhanded Strike"],"picked":"SKIP","floor":22.0},{"not_picked":["Quick Slash","Prepared","Backflip"],"picked":"SKIP","floor":24.0},{"not_picked":["Die Die Die","Dodge and Roll"],"picked":"Dash","floor":27.0},{"not_picked":["Quick Slash","Dagger Throw","Concentrate"],"picked":"SKIP","floor":28.0},{"not_picked":["Flying Knee","Skewer","Predator+1"],"picked":"SKIP","floor":30.0},{"not_picked":["Bouncing Flask","Reflex"],"picked":"Footwork+1","floor":31.0},{"not_picked":["After Image","Venomology"],"picked":"Malaise","floor":33.0},{"not_picked":["Accuracy","Poisoned Stab"],"picked":"PiercingWail","floor":34.0},{"not_picked":["Prepared+1","Footwork"],"picked":"Bullet Time","floor":34.0},{"not_picked":["PiercingWail","Skewer"],"picked":"Deadly Poison+1","floor":34.0},{"not_picked":["Cloak And Dagger","Dagger Throw"],"picked":"Glass Knife","floor":35.0},{"not_picked":["Finesse","Discovery"],"picked":"Dark Shackles","floor":38.0},{"not_picked":["Dramatic Entrance","Trip"],"picked":"Dark Shackles","floor":38.0},{"not_picked":["Blade Dance","Backflip","Flying Knee"],"picked":"SKIP","floor":39.0},{"not_picked":["Footwork","Deflect","Outmaneuver"],"picked":"SKIP","floor":40.0},{"not_picked":["Underhanded Strike","PiercingWail+1","Heel Hook"],"picked":"Burst","floor":42.0},{"not_picked":["Flying Knee","PiercingWail","Caltrops","Bane"],"picked":"SKIP","floor":45.0},{"not_picked":["Catalyst+1","Distraction+1","Acrobatics"],"picked":"Deadly Poison","floor":48.0},{"not_picked":["Reflex","Prepared","Acrobatics"],"picked":"Escape Plan+1","floor":54}],"player_experience":2045431,"relics_obtained":[{"floor":6.0,"key":"Ninja Scroll"},{"floor":8.0,"key":"Torii"},{"floor":9.0,"key":"Incense Burner"},{"floor":11.0,"key":"Boot"},{"floor":24.0,"key":"Lantern"},{"floor":28.0,"key":"Bronze Scales"},{"floor":30.0,"key":"Bottled Lightning"},{"floor":37.0,"key":"Girya"},{"floor":40.0,"key":"Question Card"},{"floor":42.0,"key":"Smiling Mask"},{"floor":43.0,"key":"Dodecahedron"},{"floor":48.0,"key":"Regal Pillow"},{"floor":54,"key":"Thread and Needle"}],"event_choices":[{"cards_removed":["Strike_G"],"damage_healed":0.0,"max_hp_gain":0.0,"max_hp_loss":0.0,"gold_gain":0.0,"event_name":"Golden Wing","player_choice":"Card Removal","floor":5.0,"gold_loss":0.0,"damage_taken":7.0},{"damage_healed":0.0,"max_hp_gain":0.0,"max_hp_loss":0.0,"gold_gain":0.0,"event_name":"Scrap Ooze","player_choice":"Success","floor":13.0,"gold_loss":0.0,"damage_taken":26.0,"relics_obtained":["Turnip"]},{"damage_healed":0.0,"max_hp_gain":0.0,"max_hp_loss":0.0,"gold_gain":0.0,"event_name":"Back to Basics","player_choice":"Simplicity","floor":20.0,"gold_loss":0.0,"damage_taken":0.0,"cards_upgraded":["Defend_G","Defend_G","Defend_G","Defend_G","Defend_G","Strike_G","Strike_G","Strike_G"]},{"cards_removed":["Well Laid Plans"],"damage_healed":0.0,"max_hp_gain":0.0,"max_hp_loss":0.0,"gold_gain":0.0,"event_name":"Beggar","player_choice":"Gave Gold","floor":21.0,"gold_loss":75.0,"damage_taken":0.0},{"damage_healed":0.0,"max_hp_gain":0.0,"max_hp_loss":33.0,"gold_gain":0.0,"event_name":"Ghosts","player_choice":"Became a Ghost","floor":25.0,"gold_loss":0.0,"damage_taken":0.0,"cards_obtained":["Ghostly","Ghostly","Ghostly"]},{"damage_healed":0.0,"max_hp_gain":0.0,"max_hp_loss":0.0,"gold_gain":0.0,"event_name":"Vampires","player_choice":"Ignored","floor":29.0,"gold_loss":0.0,"damage_taken":0.0},{"damage_healed":0.0,"max_hp_gain":0.0,"max_hp_loss":0.0,"gold_gain":0.0,"event_name":"Mysterious Sphere","player_choice":"Fight","floor":37.0,"gold_loss":0.0,"damage_taken":0.0},{"damage_healed":0.0,"max_hp_gain":0.0,"max_hp_loss":0.0,"gold_gain":0.0,"event_name":"SensoryStone","player_choice":"Memory 2","floor":38.0,"gold_loss":0.0,"damage_taken":5.0}],"is_beta":true,"boss_relics":[{"not_picked":["Philosopher\u0027s Stone","Calling Bell"],"picked":"Runic Pyramid"},{"not_picked":["Lizard Tail","Empty Cage"],"picked":"Orrery"}],"items_purged_floors":[19,44],"is_endless":false,"potions_floor_spawned":[1,6,11,16,24,28,31,40,42,45],"ascension_level":15}