{"path_per_floor":["M","?","?","M","?","R","M","R","T","R","M","E","M","$","R","B",null,"M","?"],"character_chosen":"IRONCLAD","items_purchased":["Omamori"],"gold_per_floor":[110,110,110,120,120,120,134,134,184,184,203,236,260,112,112,240,240,261,261],"floor_reached":20,"campfire_rested":3,"playtime":1848,"current_hp_per_floor":[76,60,53,51,31,55,61,80,80,80,71,47,53,53,77,14,64,33,33],"items_purged":[],"gold":261,"score":249,"play_id":"d63119ba-ccc0-4d04-bca7-753883113a3c","is_prod":false,"is_daily":false,"is_ascension_mode":true,"campfire_upgraded":1,"path_taken":["M","?","?","M","?","R","M","R","T","R","M","E","M","$","R","BOSS","M","?","M"],"build_version":"2018-02-15-PROD1","purchased_purges":0,"victory":false,"master_deck":["Strike_R","Strike_R","Strike_R","Strike_R","Strike_R","Defend_R+1","Defend_R+1","Defend_R","Defend_R","Bash+1","Battle Trance+1","Warcry","Rupture+1","Heavy Blade","Thunderclap","Inflame","Whirlwind","Barricade","Flame Barrier","Seeing Red"],"max_hp_per_floor":[80,80,80,80,80,80,80,80,80,80,80,80,80,80,80,80,80,80,80],"relics":["Black Blood","Dream Catcher","Golden Idol","War Paint","Lantern","Omamori"],"card_choices":[{"not_picked":["Pommel Strike","Flex"],"picked":"Battle Trance"},{"not_picked":["Rampage","Twin Strike"],"picked":"Warcry"},{"not_picked":["Power Through","Cleave"],"picked":"Rupture"},{"not_picked":["Pommel Strike","Perfected Strike"],"picked":"Heavy Blade"},{"not_picked":["Clothesline","Anger"],"picked":"Thunderclap"},{"not_picked":["Headbutt","Pommel Strike"],"picked":"Inflame"},{"not_picked":["Shrug It Off","Twin Strike"],"picked":"Whirlwind"},{"not_picked":["Fiend Fire","Immolate"],"picked":"Barricade"},{"not_picked":["Armaments","Wild Strike"],"picked":"Flame Barrier"}],"player_experience":168050,"potions_floor_usage":[20],"damage_taken":[{"damage":2.0,"enemies":"Jaw Worm","floor":1.0,"turns":3.0},{"damage":8.0,"enemies":"Small Slimes","floor":4.0,"turns":4.0},{"damage":0.0,"enemies":"Cultist","floor":7.0,"turns":4.0},{"damage":15.0,"enemies":"3 Louse","floor":11.0,"turns":4.0},{"damage":30.0,"enemies":"Gremlin Nob","floor":12.0,"turns":4.0},{"damage":0.0,"enemies":"Exordium Wildlife","floor":13.0,"turns":3.0},{"damage":69.0,"enemies":"Hexaghost","floor":16.0,"turns":8.0},{"damage":41.0,"enemies":"2 Thieves","floor":18.0,"turns":5.0},{"damage":50,"enemies":"Shell Parasite","floor":20,"turns":6}],"event_choices":[{"event_name":"Shining Light","player_choice":"Entered Light","floor":2.0,"damage_taken":0.0},{"event_name":"Scrap Ooze","player_choice":"success","floor":3.0,"damage_taken":7.0},{"event_name":"Golden Idol","player_choice":"Take Damage","floor":5.0,"damage_taken":0.0},{"event_name":"The Library","player_choice":"Read","floor":19.0,"damage_taken":0.0}],"boss_relics":[],"potions_floor_spawned":[4,12,13,18],"seed_played":"-6175039929182556677","killed_by":"Shell Parasite","ascension_level":9,"is_trial":false}