{"gold_per_floor":[112,112,65,79,154,154,39,39,87,113,132,149,51,70,70,165,165,165],"floor_reached":18,"playtime":608,"items_purged":["Strike_R"],"score":210,"play_id":"2c65d87f-0398-406a-8563-d7ff2b8c5e98","local_time":"20190314030044","is_ascension_mode":true,"campfire_choices":[{"data":"Bash","floor":6,"key":"SMITH"},{"data":"Evolve","floor":8,"key":"SMITH"},{"data":"Metallicize","floor":15,"key":"SMITH"}],"neow_cost":"NONE","seed_source_timestamp":9404963682884,"circlet_count":0,"master_deck":["Strike_R","Strike_R","Strike_R","Strike_R","Defend_R","Defend_R","Defend_R","Bash+1","Shrug It Off","Evolve+1","Shrug It Off","Metallicize+1","Dark Embrace","Normality","Pain","Shame"],"relics":["Burning Blood","NeowsBlessing","Tiny Chest","Bronze Scales","Bag of Preparation","Calling Bell","Strawberry","Dodecahedron","Unceasing Top"],"potions_floor_usage":[16,16,16,16,16],"damage_taken":[{"damage":0,"enemies":"Jaw Worm","floor":1,"turns":1},{"damage":0,"enemies":"Cultist","floor":4,"turns":1},{"damage":0,"enemies":"2 Louse","floor":11,"turns":1},{"damage":6,"enemies":"Exordium Wildlife","floor":12,"turns":3},{"damage":5,"enemies":"Blue Slaver","floor":14,"turns":4},{"damage":24,"enemies":"Slime Boss","floor":16,"turns":8},{"damage":80,"enemies":"Spheric Guardian","floor":18,"turns":15}],"seed_played":"-3541809158283377087","potions_obtained":[{"floor":1,"key":"EntropicBrew"},{"floor":12,"key":"Strength Potion"},{"floor":16,"key":"FairyPotion"}],"is_trial":false,"path_per_floor":["M","?","$","M","?","R","$","R","T","T","M","M","$","M","R","B",null,"M"],"character_chosen":"IRONCLAD","items_purchased":["Shrug It Off","Tiny Chest","Shrug It Off"],"campfire_rested":0,"item_purchase_floors":[3,7,13],"current_hp_per_floor":[78,78,78,80,69,69,69,69,69,69,75,75,75,76,76,58,82,2],"gold":165,"neow_bonus":"THREE_ENEMY_KILL","is_prod":false,"is_daily":false,"chose_seed":false,"campfire_upgraded":3,"win_rate":0,"timestamp":1552500044,"path_taken":["M","?","?","?","?","R","$","R","T","?","M","M","?","M","R","BOSS","M"],"build_version":"2019-01-23","purchased_purges":1,"victory":false,"max_hp_per_floor":[80,80,80,80,80,80,80,80,80,80,80,80,80,80,80,80,87,87],"card_choices":[{"not_picked":["Infernal Blade","Clothesline","Shockwave"],"picked":"SKIP","floor":1},{"not_picked":["Pommel Strike","Twin Strike"],"picked":"Evolve","floor":4},{"not_picked":["Dropkick","Dual Wield","Cleave"],"picked":"SKIP","floor":11},{"not_picked":["Thunderclap","Sword Boomerang","Headbutt"],"picked":"SKIP","floor":12},{"not_picked":["Havoc","Anger"],"picked":"Metallicize","floor":14},{"not_picked":["Reaper","Offering"],"picked":"Dark Embrace","floor":16}],"player_experience":354622,"relics_obtained":[{"floor":9,"key":"Bronze Scales"},{"floor":10,"key":"Bag of Preparation"},{"floor":17,"key":"Strawberry"},{"floor":17,"key":"Dodecahedron"},{"floor":17,"key":"Unceasing Top"}],"event_choices":[{"cards_removed":["Defend_R"],"damage_healed":0,"gold_gain":0,"player_choice":"Purged","damage_taken":0,"max_hp_gain":0,"max_hp_loss":0,"event_name":"Purifier","floor":2,"gold_loss":0},{"damage_healed":0,"gold_gain":75,"player_choice":"Gather Gold","damage_taken":11,"max_hp_gain":0,"max_hp_loss":0,"event_name":"World of Goop","floor":5,"gold_loss":0}],"is_beta":false,"boss_relics":[{"not_picked":["Ectoplasm","Lizard Tail"],"picked":"Calling Bell"}],"items_purged_floors":[13],"is_endless":false,"potions_floor_spawned":[1,12,16],"killed_by":"Spheric Guardian","ascension_level":8}