{"gold_per_floor":[112,262,276,96,106,106,134,18,90,103,103,131,131,149,149,222,222,241,254,82,82,127,127,160,175,175,175,50,84,0,16,16,93,93,103,36,47,60,72,72],"floor_reached":40,"playtime":2720,"items_purged":["Doubt","Strike_G","Strike_G"],"score":807,"play_id":"1a65d919-d89c-4273-a98a-e32153c8195e","local_time":"20190309211340","is_ascension_mode":true,"campfire_choices":[{"data":"Bouncing Flask","floor":6,"key":"SMITH"},{"floor":11,"key":"REST"},{"data":"Catalyst","floor":13,"key":"SMITH"},{"data":"Neutralize","floor":15,"key":"SMITH"},{"data":"After Image","floor":23,"key":"SMITH"},{"data":"Well Laid Plans","floor":27,"key":"SMITH"},{"data":"Deadly Poison","floor":32,"key":"SMITH"}],"neow_cost":"NONE","seed_source_timestamp":1755561680654914,"circlet_count":0,"master_deck":["AscendersBane","Defend_G","Defend_G","Defend_G","Defend_G","Defend_G","Strike_G","Strike_G","Strike_G","Survivor","Neutralize+1","PiercingWail","Bouncing Flask+1","Catalyst+1","Leg Sweep","Well Laid Plans+1","Backstab","After Image+1","Footwork","Deadly Poison+1","A Thousand Cuts","Noxious Fumes","Sucker Punch+1"],"relics":["Eternal Feather","Anchor","Paper Crane","Snake Skull","Busted Crown","Happy Flower","Ornamental Fan","Ninja Scroll","Dream Catcher","Black Star"],"potions_floor_usage":[7,24,31,38],"damage_taken":[{"damage":4,"enemies":"2 Louse","floor":1,"turns":4},{"damage":1,"enemies":"Small Slimes","floor":3,"turns":5},{"damage":7,"enemies":"Jaw Worm","floor":5,"turns":4},{"damage":30,"enemies":"3 Sentries","floor":7,"turns":10},{"damage":5,"enemies":"Lots of Slimes","floor":10,"turns":7},{"damage":24,"enemies":"Lagavulin","floor":12,"turns":4},{"damage":5,"enemies":"Exordium Thugs","floor":14,"turns":7},{"damage":1,"enemies":"Hexaghost","floor":16,"turns":6},{"damage":0,"enemies":"Chosen","floor":18,"turns":5},{"damage":11,"enemies":"Spheric Guardian","floor":19,"turns":4},{"damage":23,"enemies":"Gremlin Leader","floor":24,"turns":10},{"damage":0,"enemies":"Centurion and Healer","floor":25,"turns":8},{"damage":0,"enemies":"Book of Stabbing","floor":29,"turns":5},{"damage":14,"enemies":"3 Cultists","floor":31,"turns":7},{"damage":27,"enemies":"Automaton","floor":33,"turns":11},{"damage":0,"enemies":"3 Shapes","floor":35,"turns":5},{"damage":4,"enemies":"3 Darklings","floor":37,"turns":8},{"damage":20,"enemies":"Sphere and 2 Shapes","floor":38,"turns":6},{"damage":20,"enemies":"Jaw Worm Horde","floor":39,"turns":6},{"damage":23,"enemies":"Reptomancer","floor":40,"turns":2}],"seed_played":"-2068081425193128131","potions_obtained":[{"floor":1,"key":"SteroidPotion"},{"floor":3,"key":"Block Potion"},{"floor":10,"key":"Weak Potion"},{"floor":14,"key":"PowerPotion"},{"floor":19,"key":"GhostInAJar"},{"floor":24,"key":"Poison Potion"},{"floor":31,"key":"LiquidBronze"}],"is_trial":false,"path_per_floor":["M","?","M","$","M","R","E","$","T","M","R","E","R","M","R","B",null,"M","M","$","?","T","R","E","M","T","R","$","E","?","M","R","B",null,"M","$","M","M","M","E"],"character_chosen":"THE_SILENT","items_purchased":["Bouncing Flask","Catalyst","Leg Sweep","Well Laid Plans","Footwork","Noxious Fumes"],"campfire_rested":1,"item_purchase_floors":[4,4,8,8,20,36],"current_hp_per_floor":[55,55,54,54,47,56,26,26,26,21,49,25,37,32,44,43,60,60,49,49,49,49,61,38,38,38,50,50,50,50,36,48,21,55,55,55,51,31,11,0],"gold":72,"neow_bonus":"BOSS_RELIC","is_prod":false,"is_daily":false,"chose_seed":false,"campfire_upgraded":6,"win_rate":0,"timestamp":1552184020,"path_taken":["M","?","M","$","M","R","E","$","T","M","R","E","R","M","R","BOSS","M","M","$","?","?","R","E","?","T","R","?","E","?","M","R","BOSS","M","$","M","M","M","E"],"build_version":"2019-02-06","purchased_purges":3,"victory":false,"max_hp_per_floor":[66,66,66,66,66,66,66,66,66,66,66,66,66,66,66,66,66,66,66,66,66,66,66,66,66,66,66,66,66,66,66,66,66,66,66,66,66,66,66,66],"card_choices":[{"not_picked":["Expertise","Dodge and Roll","Bane"],"picked":"SKIP","floor":1},{"not_picked":["Cloak And Dagger","Eviscerate"],"picked":"PiercingWail","floor":3},{"not_picked":["Underhanded Strike","PiercingWail","Blade Dance"],"picked":"SKIP","floor":5},{"not_picked":["Doppelganger","Terror","Calculated Gamble"],"picked":"SKIP","floor":7},{"not_picked":["Cloak And Dagger","Flying Knee"],"picked":"Backstab","floor":10},{"not_picked":["Dodge and Roll","Cloak And Dagger"],"picked":"After Image","floor":12},{"not_picked":["Blade Dance","Tactician","Cloak And Dagger"],"picked":"SKIP","floor":14},{"not_picked":["Bane"],"picked":"SKIP","floor":18},{"not_picked":["Underhanded Strike"],"picked":"SKIP","floor":19},{"not_picked":["Deflect"],"picked":"SKIP","floor":24},{"not_picked":["Calculated Gamble"],"picked":"SKIP","floor":25},{"not_picked":["Blade Dance"],"picked":"SKIP","floor":29},{"not_picked":[],"picked":"Deadly Poison","floor":31},{"not_picked":[],"picked":"A Thousand Cuts","floor":33},{"not_picked":["Poisoned Stab"],"picked":"SKIP","floor":35},{"not_picked":[],"picked":"Sucker Punch+1","floor":37},{"not_picked":["Underhanded Strike"],"picked":"SKIP","floor":38},{"not_picked":["Sucker Punch+1"],"picked":"SKIP","floor":39}],"player_experience":2136264,"relics_obtained":[{"floor":7,"key":"Anchor"},{"floor":9,"key":"Paper Crane"},{"floor":12,"key":"Snake Skull"},{"floor":22,"key":"Happy Flower"},{"floor":24,"key":"Ornamental Fan"},{"floor":26,"key":"Ninja Scroll"},{"floor":29,"key":"Dream Catcher"}],"event_choices":[{"damage_healed":0,"gold_gain":150,"player_choice":"AGREE","damage_taken":0,"max_hp_gain":0,"max_hp_loss":0,"event_name":"Liars Game","floor":2,"gold_loss":0,"cards_obtained":["Doubt"]},{"damage_healed":0,"gold_gain":0,"player_choice":"Ignored","damage_taken":0,"max_hp_gain":0,"max_hp_loss":0,"event_name":"Vampires","floor":21,"gold_loss":0},{"damage_healed":0,"gold_gain":0,"player_choice":"Paid Fearfully","damage_taken":0,"max_hp_gain":0,"max_hp_loss":0,"event_name":"Masked Bandits","floor":30,"gold_loss":84}],"is_beta":true,"boss_relics":[{"not_picked":["Philosopher\u0027s Stone","Tiny House"],"picked":"Busted Crown"},{"not_picked":["Cursed Key","Runic Dome"],"picked":"Black Star"}],"items_purged_floors":[4,20,28],"is_endless":false,"potions_floor_spawned":[1,3,10,14,19,24,31,33],"killed_by":"Reptomancer","ascension_level":15}