{"gold_per_floor":[115,115,115,47,68,68,33,33,56,56,34,59,103,117,117,248,248,273,296,296,396,414,414,458,458,458,477,9,9,9,9,9,129,129,144,163,47,72,72,72,72,93,140,140,140],"floor_reached":45,"playtime":2712,"items_purged":[],"score":479,"play_id":"0dc628ef-5d57-40f5-a402-35d93ad2c750","local_time":"20190309063309","is_ascension_mode":false,"campfire_choices":[{"data":"Accuracy","floor":6.0,"key":"SMITH"},{"data":"Blade Dance","floor":10.0,"key":"SMITH"},{"data":"Cloak And Dagger","floor":15.0,"key":"SMITH"},{"floor":23.0,"key":"REST"},{"data":"After Image","floor":25.0,"key":"SMITH"},{"data":"Infinite Blades","floor":29.0,"key":"SMITH"},{"data":"Tools of the Trade","floor":30.0,"key":"SMITH"},{"data":"Adrenaline","floor":32.0,"key":"SMITH"},{"data":"Burst","floor":40,"key":"SMITH"},{"data":"Well Laid Plans","floor":41,"key":"SMITH"},{"data":"Cloak And Dagger","floor":44,"key":"SMITH"}],"neow_cost":"NONE","seed_source_timestamp":0,"circlet_count":0,"master_deck":["Defend_G","Defend_G","Defend_G","Defend_G","Defend_G","Strike_G","Strike_G","Strike_G","Strike_G","Strike_G","Survivor","Neutralize","Noxious Fumes","Accuracy+1","Blade Dance+1","Footwork","Cloak And Dagger+1","Concentrate","Acrobatics","After Image+1","Deadly Poison","Cloak And Dagger+1","Footwork","Reflex","Tools of the Trade+1","Infinite Blades+1","Adrenaline+1","Envenom","Calculated Gamble+1","Well Laid Plans+1","Footwork","Tactician+1","Deflect","Cloak And Dagger+1","Blade Dance","Burst+1","PiercingWail","Cloak And Dagger+1"],"special_seed":0,"relics":["Ring of the Serpent","NeowsBlessing","Golden Idol","Ninja Scroll","Omamori","Gremlin Horn","MutagenicStrength","The Courier","WingedGreaves","Pen Nib","Meat on the Bone","Orrery","FaceOfCleric","Boot"],"potions_floor_usage":[38,38],"damage_taken":[{"damage":0.0,"enemies":"2 Louse","floor":1.0,"turns":1.0},{"damage":0.0,"enemies":"Jaw Worm","floor":5.0,"turns":1.0},{"damage":0.0,"enemies":"Cultist","floor":12.0,"turns":1.0},{"damage":14.0,"enemies":"Gremlin Nob","floor":13.0,"turns":3.0},{"damage":9.0,"enemies":"Blue Slaver","floor":14.0,"turns":2.0},{"damage":18.0,"enemies":"The Guardian","floor":16.0,"turns":9.0},{"damage":6.0,"enemies":"Shell Parasite","floor":18.0,"turns":6.0},{"damage":7.0,"enemies":"Spheric Guardian","floor":19.0,"turns":6.0},{"damage":30.0,"enemies":"Snake Plant","floor":22.0,"turns":4.0},{"damage":4.0,"enemies":"Book of Stabbing","floor":24.0,"turns":5.0},{"damage":0.0,"enemies":"3 Cultists","floor":27.0,"turns":6.0},{"damage":22.0,"enemies":"Champ","floor":33.0,"turns":13.0},{"damage":11.0,"enemies":"Orb Walker","floor":35.0,"turns":4.0},{"damage":16.0,"enemies":"3 Shapes","floor":36.0,"turns":5.0},{"damage":15,"enemies":"Jaw Worm Horde","floor":38,"turns":5},{"damage":17,"enemies":"3 Darklings","floor":42,"turns":8},{"damage":32,"enemies":"4 Shapes","floor":45,"turns":3}],"seed_played":"6869373638158976383","potions_obtained":[{"floor":1.0,"key":"Poison Potion"},{"floor":12.0,"key":"Block Potion"},{"floor":16.0,"key":"Swift Potion"},{"floor":24.0,"key":"Dexterity Potion"},{"floor":27.0,"key":"GhostInAJar"},{"floor":35.0,"key":"PowerPotion"}],"is_trial":false,"path_per_floor":["M","?","?","$","M","R","$","?","T","R","$","M","E","M","R","B",null,"M","M","?","?","M","R","E","R","T","M","$","R","R","T","R","B",null,"M","M","$","M","?","R","R","M","T","R","M"],"character_chosen":"THE_SILENT","items_purchased":["Accuracy","Footwork","Cloak And Dagger","Reflex","Tools of the Trade","Pen Nib","Infinite Blades","Adrenaline","Burst"],"campfire_rested":1,"item_purchase_floors":[4,7,11,28,28,28,28,28,37],"current_hp_per_floor":[70,65,62,62,62,62,62,62,62,62,62,62,48,39,39,21,65,59,52,52,52,22,41,37,37,37,37,37,37,37,37,37,27,65,54,38,38,35,35,35,35,31,31,31,0],"gold":140,"neow_bonus":"THREE_ENEMY_KILL","is_prod":false,"is_daily":false,"chose_seed":false,"campfire_upgraded":10,"win_rate":0,"timestamp":1552080789,"path_taken":["M","?","?","$","M","R","$","?","T","R","?","?","E","M","R","BOSS","M","M","?","?","M","R","E","R","T","?","$","R","R","?","R","BOSS","M","M","$","?","?","R","R","M","T","R","?"],"build_version":"2019-01-23","purchased_purges":0,"victory":false,"max_hp_per_floor":[70,65,65,65,65,65,65,65,65,65,65,65,65,65,65,65,65,65,65,65,65,65,65,65,65,65,65,65,65,65,65,65,65,65,65,65,65,65,65,65,65,66,66,66,66],"card_choices":[{"not_picked":["Distraction","Predator"],"picked":"Noxious Fumes","floor":1.0},{"not_picked":["Slice","Underhanded Strike"],"picked":"Blade Dance","floor":5.0},{"not_picked":["Backflip","Crippling Poison","Dash"],"picked":"SKIP","floor":12.0},{"not_picked":["Expertise","Bane"],"picked":"Concentrate","floor":13.0},{"not_picked":["Deflect","Flying Knee"],"picked":"Acrobatics","floor":14.0},{"not_picked":["Adrenaline","Phantasmal Killer"],"picked":"After Image","floor":16.0},{"not_picked":["Bane","Expertise","Acrobatics"],"picked":"SKIP","floor":18.0},{"not_picked":["Outmaneuver","Catalyst","Underhanded Strike"],"picked":"SKIP","floor":19.0},{"not_picked":["Bane","Acrobatics"],"picked":"Deadly Poison","floor":22.0},{"not_picked":["Calculated Gamble","Backflip"],"picked":"Cloak And Dagger+1","floor":24.0},{"not_picked":["Concentrate+1","Leg Sweep"],"picked":"Footwork","floor":27.0},{"not_picked":["Unload","Bullet Time"],"picked":"Envenom","floor":33.0},{"not_picked":["Heel Hook","Footwork"],"picked":"Calculated Gamble+1","floor":34.0},{"not_picked":["Outmaneuver","Dodge and Roll+1"],"picked":"Well Laid Plans","floor":34.0},{"not_picked":["Poisoned Stab","Dagger Spray+1"],"picked":"Footwork","floor":34.0},{"not_picked":["PiercingWail","Deadly Poison"],"picked":"Tactician+1","floor":34.0},{"not_picked":["Setup+1","Sucker Punch"],"picked":"Deflect","floor":34.0},{"not_picked":["Terror+1","Bouncing Flask"],"picked":"Cloak And Dagger","floor":35.0},{"not_picked":["Bouncing Flask+1","Sucker Punch"],"picked":"Blade Dance","floor":36.0},{"not_picked":["Underhanded Strike","Flechettes"],"picked":"PiercingWail","floor":38},{"not_picked":["Blur+1","Dagger Spray+1"],"picked":"Cloak And Dagger+1","floor":42}],"player_experience":235589,"relics_obtained":[{"floor":9.0,"key":"Omamori"},{"floor":13.0,"key":"Gremlin Horn"},{"floor":24.0,"key":"The Courier"},{"floor":26.0,"key":"WingedGreaves"},{"floor":31.0,"key":"Meat on the Bone"},{"floor":43,"key":"Boot"}],"event_choices":[{"damage_healed":0.0,"max_hp_gain":0.0,"max_hp_loss":5.0,"gold_gain":0.0,"event_name":"Golden Idol","player_choice":"Lose Max HP","floor":2.0,"gold_loss":0.0,"damage_taken":0.0,"relics_obtained":["Golden Idol"]},{"damage_healed":0.0,"max_hp_gain":0.0,"max_hp_loss":0.0,"gold_gain":0.0,"event_name":"Scrap Ooze","player_choice":"Success","floor":3.0,"gold_loss":0.0,"damage_taken":3.0,"relics_obtained":["Ninja Scroll"]},{"damage_healed":0.0,"max_hp_gain":0.0,"max_hp_loss":0.0,"gold_gain":0.0,"event_name":"Dead Adventurer","player_choice":"Searched \u00270\u0027 times","floor":8.0,"gold_loss":0.0,"damage_taken":0.0},{"damage_healed":0.0,"max_hp_gain":0.0,"max_hp_loss":0.0,"gold_gain":0.0,"event_name":"Drug Dealer","player_choice":"Inject Mutagens","floor":20.0,"gold_loss":0.0,"damage_taken":0.0,"relics_obtained":["MutagenicStrength"]},{"damage_healed":0.0,"max_hp_gain":0.0,"max_hp_loss":0.0,"gold_gain":100.0,"event_name":"Golden Shrine","player_choice":"Pray","floor":21.0,"gold_loss":0.0,"damage_taken":0.0},{"damage_healed":0,"gold_gain":0,"player_choice":"Trade","damage_taken":0,"relics_obtained":["FaceOfCleric"],"max_hp_gain":0,"max_hp_loss":0,"event_name":"FaceTrader","floor":39,"gold_loss":0}],"is_beta":false,"boss_relics":[{"not_picked":["Lizard Tail","Fusion Hammer"],"picked":"Ring of the Serpent"},{"not_picked":["Calling Bell","Tiny House"],"picked":"Orrery"}],"items_purged_floors":[],"is_endless":false,"potions_floor_spawned":[1,12,16,24,27,35],"killed_by":"4 Shapes","ascension_level":0}