{"gold_per_floor":[109,30,180,190,64,64,64,94,164,164,183,210,210,244,244,317,317,333,187,202,202,202,202,230,250,250,284,299,317,317,12,12,87,87,101,117,79,92,92,120,137,137,162,172,207,52,68,68,68,68,68,68,16,48,48],"floor_reached":56,"playtime":2172,"items_purged":["Doubt"],"score":2029,"play_id":"a9ed6f26-9f2f-4faa-981f-78ceb338c632","local_time":"20190307162103","is_ascension_mode":true,"campfire_choices":[{"data":"Armaments","floor":6,"key":"SMITH"},{"data":"Bash","floor":10,"key":"SMITH"},{"data":"Disarm","floor":13,"key":"SMITH"},{"data":"Shockwave","floor":15,"key":"SMITH"},{"data":"Havoc","floor":23,"key":"SMITH"},{"data":"Battle Trance","floor":30,"key":"SMITH"},{"data":"Juggernaut","floor":32,"key":"SMITH"},{"floor":42,"key":"REST"},{"floor":49,"key":"RECALL"},{"data":"Demon Form","floor":52,"key":"SMITH"}],"neow_cost":"NONE","seed_source_timestamp":1565725373840000,"circlet_count":0,"master_deck":["AscendersBane","Bash+1","Evolve","Havoc+1","Impervious","Headbutt","Juggernaut+1","Pommel Strike+1","Disarm+1","Armaments+1","Shockwave+1","Impervious","Power Through","Shrug It Off","Ghostly Armor","Battle Trance+1","Fiend Fire+1","Feel No Pain+1","Body Slam","Demon Form+1","Flame Barrier+1","Fiend Fire+1","Fire Breathing+1","Feel No Pain","Warcry+1","Shrug It Off+1","Feel No Pain+1"],"relics":["Pandora\u0027s Box","Ancient Tea Set","Paper Frog","Question Card","Blood Vial","Du-Vu Doll","Velvet Choker","Lantern","Pantograph","Bag of Preparation","Art of War","Incense Burner","Astrolabe","Oddly Smooth Stone","Strawberry","Potion Belt","Whetstone"],"potions_floor_usage":[14,24,33,50,54,54,55,55],"damage_taken":[{"damage":0,"enemies":"Small Slimes","floor":1,"turns":2},{"damage":0,"enemies":"2 Louse","floor":4,"turns":2},{"damage":25,"enemies":"3 Sentries","floor":8,"turns":5},{"damage":0,"enemies":"Cultist","floor":11,"turns":2},{"damage":0,"enemies":"Lagavulin","floor":12,"turns":5},{"damage":21,"enemies":"Gremlin Nob","floor":14,"turns":4},{"damage":23,"enemies":"The Guardian","floor":16,"turns":9},{"damage":6,"enemies":"Spheric Guardian","floor":18,"turns":4},{"damage":5,"enemies":"2 Thieves","floor":20,"turns":4},{"damage":20,"enemies":"Gremlin Leader","floor":24,"turns":6},{"damage":0,"enemies":"Cultist and Chosen","floor":25,"turns":5},{"damage":16,"enemies":"Book of Stabbing","floor":27,"turns":6},{"damage":0,"enemies":"Snake Plant","floor":28,"turns":1},{"damage":0,"enemies":"Shelled Parasite and Fungi","floor":29,"turns":4},{"damage":11,"enemies":"Champ","floor":33,"turns":8},{"damage":0,"enemies":"Orb Walker","floor":35,"turns":1},{"damage":0,"enemies":"3 Darklings","floor":36,"turns":4},{"damage":0,"enemies":"Sphere and 2 Shapes","floor":38,"turns":4},{"damage":48,"enemies":"Reptomancer","floor":40,"turns":5},{"damage":0,"enemies":"Spire Growth","floor":41,"turns":4},{"damage":0,"enemies":"4 Shapes","floor":44,"turns":3},{"damage":6,"enemies":"Nemesis","floor":45,"turns":7},{"damage":25,"enemies":"Transient","floor":47,"turns":5},{"damage":4,"enemies":"Time Eater","floor":50,"turns":10},{"damage":0,"enemies":"Shield and Spear","floor":54,"turns":7},{"damage":47,"enemies":"The Heart","floor":55,"turns":9}],"seed_played":"-8380035610645478724","potions_obtained":[{"floor":1,"key":"Ancient Potion"},{"floor":8,"key":"SteroidPotion"},{"floor":12,"key":"Regen Potion"},{"floor":18,"key":"SkillPotion"},{"floor":25,"key":"Poison Potion"},{"floor":28,"key":"EssenceOfSteel"},{"floor":33,"key":"Fruit Juice"},{"floor":35,"key":"FearPotion"},{"floor":47,"key":"Regen Potion"},{"floor":54,"key":"Strength Potion"}],"is_trial":false,"path_per_floor":["M","$","?","M","$","R","?","E","T","R","M","E","R","E","R","B",null,"M","$","M","?","?","R","E","M","T","E","M","M","R","$","R","B",null,"M","M","$","M","?","E","M","R","T","M","E","$","M","?","R","B",null,"R","$","E","B",null],"character_chosen":"IRONCLAD","items_purchased":["Disarm","Armaments","Lantern","Incense Burner","Feel No Pain","Potion Belt","PowerPotion"],"campfire_rested":1,"item_purchase_floors":[2,5,19,31,37,46,53],"current_hp_per_floor":[68,68,68,68,68,68,68,43,43,43,43,43,43,36,36,15,60,56,56,53,53,85,85,65,67,67,53,55,57,57,57,57,78,87,89,90,90,90,85,37,39,64,64,66,69,69,46,46,46,84,90,90,90,92,45],"gold":48,"neow_bonus":"BOSS_RELIC","is_prod":false,"is_daily":false,"chose_seed":false,"campfire_upgraded":8,"win_rate":0,"timestamp":1551993663,"path_taken":["M","$","?","M","$","R","?","E","T","R","M","E","R","E","R","BOSS","M","$","M","?","?","R","E","M","T","E","?","M","R","$","R","BOSS","M","M","$","M","?","E","M","R","T","M","E","$","M","?","R","BOSS","R","$","E","BOSS"],"build_version":"2019-02-06","purchased_purges":1,"victory":true,"max_hp_per_floor":[75,75,75,75,75,75,75,75,75,75,75,75,75,75,75,75,75,75,75,75,75,85,85,85,85,85,85,85,85,85,85,85,90,90,90,90,90,90,85,85,85,85,85,85,92,92,92,92,92,92,92,92,92,92,92],"card_choices":[{"not_picked":["Infernal Blade","Second Wind"],"picked":"Pommel Strike","floor":1},{"not_picked":["Perfected Strike","Thunderclap","Heavy Blade"],"picked":"SKIP","floor":4},{"not_picked":["Fire Breathing","Thunderclap","Dropkick"],"picked":"SKIP","floor":8},{"not_picked":["Perfected Strike","Clothesline","Corruption","True Grit"],"picked":"SKIP","floor":11},{"not_picked":["Heavy Blade","Iron Wave","Fire Breathing"],"picked":"Shockwave","floor":12},{"not_picked":["Hemokinesis","Heavy Blade","Wild Strike","Brutality"],"picked":"SKIP","floor":14},{"not_picked":["Dark Embrace","Berserk","Demon Form"],"picked":"Impervious","floor":16},{"not_picked":["Dual Wield","Havoc","Flex","Warcry"],"picked":"SKIP","floor":18},{"not_picked":["Pommel Strike","Body Slam+1","Uppercut+1"],"picked":"Power Through","floor":20},{"not_picked":["Infernal Blade","Cleave","Heavy Blade"],"picked":"Ghostly Armor","floor":24},{"not_picked":["Shockwave","Spot Weakness","Cleave"],"picked":"Battle Trance","floor":25},{"not_picked":["Dropkick","Cleave+1","Shrug It Off"],"picked":"Fiend Fire","floor":27},{"not_picked":["Shrug It Off","Havoc","Rampage"],"picked":"Feel No Pain+1","floor":28},{"not_picked":["Clothesline","Metallicize","Feel No Pain"],"picked":"Body Slam","floor":29},{"not_picked":["Brutality","Impervious","Feed"],"picked":"Demon Form","floor":33},{"not_picked":["Uppercut","Infernal Blade","Reckless Charge+1","Pommel Strike+1"],"picked":"SKIP","floor":35},{"not_picked":["Ghostly Armor","Seeing Red","Havoc","Perfected Strike"],"picked":"SKIP","floor":36},{"not_picked":["Bloodletting+1","Iron Wave","Hemokinesis"],"picked":"Warcry+1","floor":38},{"not_picked":["Cleave","Infernal Blade+1","Twin Strike","Anger+1"],"picked":"SKIP","floor":40},{"not_picked":["Twin Strike","Thunderclap","Pommel Strike","Blood for Blood"],"picked":"SKIP","floor":41},{"not_picked":["Uppercut","Headbutt","Wild Strike"],"picked":"Shrug It Off+1","floor":44},{"not_picked":["Dropkick","Berserk","Dual Wield+1","Pommel Strike"],"picked":"SKIP","floor":45},{"not_picked":["Cleave","Anger+1","Pommel Strike","Thunderclap"],"picked":"SKIP","floor":47},{"not_picked":["Pommel Strike","Shockwave","Seeing Red"],"picked":"Feel No Pain+1","floor":54}],"player_experience":2116672,"relics_obtained":[{"floor":8,"key":"Paper Frog"},{"floor":9,"key":"Question Card"},{"floor":12,"key":"Blood Vial"},{"floor":14,"key":"Du-Vu Doll"},{"floor":24,"key":"Pantograph"},{"floor":26,"key":"Bag of Preparation"},{"floor":27,"key":"Art of War"},{"floor":40,"key":"Oddly Smooth Stone"},{"floor":45,"key":"Strawberry"},{"floor":54,"key":"Whetstone"}],"event_choices":[{"damage_healed":0,"gold_gain":150,"player_choice":"AGREE","damage_taken":0,"max_hp_gain":0,"max_hp_loss":0,"event_name":"Liars Game","floor":3,"gold_loss":0,"cards_obtained":["Doubt"]},{"damage_healed":0,"gold_gain":0,"player_choice":"Gave Potion","damage_taken":0,"relics_obtained":["Ancient Tea Set"],"max_hp_gain":0,"max_hp_loss":0,"event_name":"WeMeetAgain","floor":7,"gold_loss":0},{"damage_healed":0,"gold_gain":0,"player_choice":"Read","damage_taken":0,"max_hp_gain":0,"max_hp_loss":0,"event_name":"The Library","floor":21,"gold_loss":0,"cards_obtained":["Shrug It Off"]},{"cards_removed":["Dark Embrace"],"damage_healed":22,"gold_gain":0,"player_choice":"Offered Rare","damage_taken":0,"max_hp_gain":10,"max_hp_loss":0,"event_name":"Bonfire Elementals","floor":22,"gold_loss":0},{"damage_healed":0,"gold_gain":0,"player_choice":"Max HP","damage_taken":0,"max_hp_gain":0,"max_hp_loss":5,"event_name":"Winding Halls","floor":39,"gold_loss":0},{"damage_healed":0,"gold_gain":0,"player_choice":"Ignored","damage_taken":0,"max_hp_gain":0,"max_hp_loss":0,"event_name":"The Moai Head","floor":48,"gold_loss":0}],"is_beta":true,"boss_relics":[{"not_picked":["Fusion Hammer","Coffee Dripper"],"picked":"Velvet Choker"},{"not_picked":["Empty Cage","Runic Dome"],"picked":"Astrolabe"}],"items_purged_floors":[5],"is_endless":false,"potions_floor_spawned":[1,8,12,18,25,28,33,35,38,41,47,54],"ascension_level":15}