{"gold_per_floor":[365,117,117,134,59,90,107,107,187,202,235,235,254,254,254,382,382,403,424,459,316,337,337,376,390,390,390,515,515],"floor_reached":29,"playtime":2296,"items_purged":["Injury"],"score":253,"play_id":"7cf91f96-760b-4801-902c-60c6c8171234","local_time":"20190311193854","is_ascension_mode":false,"campfire_choices":[{"data":"Armaments","floor":8,"key":"SMITH"},{"data":"Infernal Blade","floor":12,"key":"SMITH"},{"floor":15,"key":"REST"},{"floor":23,"key":"REST"},{"floor":27,"key":"REST"}],"neow_cost":"TEN_PERCENT_HP_LOSS","seed_source_timestamp":879427415649899,"circlet_count":0,"master_deck":["Strike_R","Strike_R","Strike_R","Strike_R","Strike_R","Defend_R","Defend_R","Defend_R","Defend_R+1","Bash","Iron Wave","Iron Wave","Infernal Blade+1","Flame Barrier","Armaments+1","Infernal Blade+1","Inflame+1","Sword Boomerang","Feed","Anger","Whirlwind","Thunderclap","Clash","Shrug It Off","Pommel Strike","Infernal Blade","Intimidate+1","Fire Breathing+1","Cleave+1","Twin Strike+1","Inflame+1","Pommel Strike"],"relics":["Burning Blood","Shuriken","War Paint","Frozen Egg 2","Bag of Preparation","Golden Idol","Orrery","Red Mask","Peace Pipe","Juzu Bracelet","Charon\u0027s Ashes","Self Forming Clay"],"potions_floor_usage":[20,20,24],"damage_taken":[{"damage":5,"enemies":"Small Slimes","floor":1,"turns":5},{"damage":6,"enemies":"Cultist","floor":4,"turns":3},{"damage":16,"enemies":"Gremlin Nob","floor":6,"turns":5},{"damage":1,"enemies":"Jaw Worm","floor":7,"turns":3},{"damage":5,"enemies":"Looter","floor":10,"turns":3},{"damage":29,"enemies":"3 Sentries","floor":11,"turns":11},{"damage":0,"enemies":"Blue Slaver","floor":13,"turns":1},{"damage":20,"enemies":"Slime Boss","floor":16,"turns":7},{"damage":12,"enemies":"2 Thieves","floor":18,"turns":4},{"damage":5,"enemies":"Spheric Guardian","floor":19,"turns":3},{"damage":29,"enemies":"Masked Bandits","floor":20,"turns":5},{"damage":22,"enemies":"Shelled Parasite and Fungi","floor":22,"turns":6},{"damage":35,"enemies":"Slavers","floor":24,"turns":6},{"damage":25,"enemies":"Snake Plant","floor":25,"turns":5},{"damage":12,"enemies":"Colosseum Slavers","floor":28,"turns":4},{"damage":20,"enemies":"Colosseum Nobs","floor":28,"turns":4},{"damage":31,"enemies":"Gremlin Leader","floor":29,"turns":4}],"seed_played":"6695642223868233699","potions_obtained":[{"floor":6,"key":"Dexterity Potion"},{"floor":10,"key":"SpeedPotion"},{"floor":11,"key":"Regen Potion"},{"floor":24,"key":"Ancient Potion"}],"is_trial":false,"path_per_floor":["?","M","?","?","?"],"character_chosen":"IRONCLAD","items_purchased":["Shuriken","Infernal Blade","Fire Breathing+1"],"campfire_rested":3,"item_purchase_floors":[2,5,21],"current_hp_per_floor":[72,72,72,72,72,62,67,67,67,68,45,45,51,51,72,58,72,66,67,44,44,31,53,41,22,22,45,25,0],"gold":515,"neow_bonus":"TWO_FIFTY_GOLD","is_prod":false,"is_daily":false,"chose_seed":false,"campfire_upgraded":2,"win_rate":0.0,"timestamp":1552329534,"path_taken":["M","$","?","M","$","E","M","R","T","M","E","R","?","?","R","BOSS","M","M","?","$","M","R","E","M","T","R","?","E"],"build_version":"2019-01-23","purchased_purges":1,"victory":false,"max_hp_per_floor":[72,72,72,72,72,72,72,72,72,72,72,72,72,72,72,72,72,72,72,72,72,75,75,78,78,78,78,78,78],"card_choices":[{"not_picked":["True Grit","Thunderclap"],"picked":"Shrug It Off","floor":1},{"not_picked":["Disarm","Thunderclap"],"picked":"Iron Wave","floor":4},{"not_picked":["Uppercut","True Grit"],"picked":"Flame Barrier","floor":6},{"not_picked":["Combust","Iron Wave"],"picked":"Armaments","floor":7},{"not_picked":["Burning Pact","Clothesline"],"picked":"Infernal Blade","floor":10},{"not_picked":["Thunderclap","Brutality+1"],"picked":"Inflame+1","floor":11},{"not_picked":["Clash","Pummel"],"picked":"Sword Boomerang","floor":13},{"not_picked":["Impervious","Berserk+1"],"picked":"Feed","floor":16},{"not_picked":["Battle Trance","True Grit"],"picked":"Anger","floor":17},{"not_picked":["Shrug It Off","Feel No Pain+1"],"picked":"Whirlwind","floor":17},{"not_picked":["True Grit","Searing Blow"],"picked":"Thunderclap","floor":17},{"not_picked":["Feel No Pain+1","Clothesline"],"picked":"Clash","floor":17},{"not_picked":["Clothesline","Blood for Blood"],"picked":"Shrug It Off","floor":17},{"not_picked":["Entrench","Berserk+1"],"picked":"Pommel Strike","floor":18},{"not_picked":["Iron Wave","Thunderclap"],"picked":"Infernal Blade","floor":19},{"not_picked":["Thunderclap","True Grit+1"],"picked":"Intimidate+1","floor":20},{"not_picked":["Perfected Strike","Pommel Strike"],"picked":"Cleave+1","floor":22},{"not_picked":["Searing Blow","Flame Barrier"],"picked":"Twin Strike+1","floor":24},{"not_picked":["Pummel","Disarm"],"picked":"Inflame+1","floor":25},{"not_picked":["Sword Boomerang","Armaments"],"picked":"Pommel Strike","floor":28}],"player_experience":27791,"relics_obtained":[{"floor":6,"key":"War Paint"},{"floor":9,"key":"Frozen Egg 2"},{"floor":11,"key":"Bag of Preparation"},{"floor":20,"key":"Red Mask"},{"floor":24,"key":"Peace Pipe"},{"floor":26,"key":"Juzu Bracelet"},{"floor":28,"key":"Charon\u0027s Ashes"},{"floor":28,"key":"Self Forming Clay"}],"event_choices":[{"cards_removed":["Shrug It Off"],"damage_healed":0,"gold_gain":0,"player_choice":"Took Card","damage_taken":0,"max_hp_gain":0,"max_hp_loss":0,"event_name":"NoteForYourself","floor":3,"gold_loss":0,"cards_obtained":["Iron Wave"]},{"damage_healed":0,"gold_gain":0,"player_choice":"Take Wound","damage_taken":0,"relics_obtained":["Golden Idol"],"max_hp_gain":0,"max_hp_loss":0,"event_name":"Golden Idol","floor":14,"gold_loss":0,"cards_obtained":["Injury"]},{"damage_healed":0,"gold_gain":0,"player_choice":"Fought Bandits","damage_taken":0,"max_hp_gain":0,"max_hp_loss":0,"event_name":"Masked Bandits","floor":20,"gold_loss":0},{"damage_healed":0,"gold_gain":0,"player_choice":"Fight","damage_taken":0,"max_hp_gain":0,"max_hp_loss":0,"event_name":"Colosseum","floor":28,"gold_loss":0},{"damage_healed":0,"gold_gain":0,"player_choice":"Fought Nobs","damage_taken":0,"max_hp_gain":0,"max_hp_loss":0,"event_name":"Colosseum","floor":28,"gold_loss":0}],"is_beta":false,"boss_relics":[{"not_picked":["Tiny House","Cursed Key"],"picked":"Orrery"}],"items_purged_floors":[21],"is_endless":false,"potions_floor_spawned":[6,10,11,18,24,28],"killed_by":"Gremlin Leader","ascension_level":0}