{"gold_per_floor":[127,158,170,232,264,309,321],"floor_reached":7,"playtime":177,"items_purged":[],"score":89,"play_id":"fe8a697d-a145-4800-9cd3-e271e530ac43","local_time":"20190205112927","is_ascension_mode":true,"campfire_choices":[],"neow_cost":"NONE","seed_source_timestamp":2341610707091193,"circlet_count":0,"master_deck":["AscendersBane","Defend_G","Defend_G","Defend_G+1","Defend_G","Defend_G","Strike_G","Strike_G","Strike_G","Strike_G","Strike_G+1","Survivor","Neutralize","Deadly Poison","Flying Knee","Noxious Fumes","Cloak And Dagger"],"special_seed":0,"relics":["Ring of the Snake","MawBank","Shovel"],"potions_floor_usage":[],"damage_taken":[{"damage":7.0,"enemies":"Jaw Worm","floor":1.0,"turns":6.0},{"damage":0.0,"enemies":"Small Slimes","floor":2.0,"turns":3.0},{"damage":0.0,"enemies":"Cultist","floor":5.0,"turns":3.0},{"damage":31.0,"enemies":"Gremlin Nob","floor":6.0,"turns":5.0},{"damage":1,"enemies":"Gremlin Gang","floor":7,"turns":1}],"seed_played":"8514194893770123045","potions_obtained":[{"floor":5.0,"key":"GamblersBrew"}],"is_trial":false,"path_per_floor":["M","M","?","?","M","E","M"],"character_chosen":"THE_SILENT","items_purchased":[],"campfire_rested":0,"item_purchase_floors":[],"current_hp_per_floor":[52,52,32,32,32,1,0],"gold":321,"neow_bonus":"RANDOM_COMMON_RELIC","is_prod":false,"is_daily":false,"chose_seed":false,"campfire_upgraded":0,"win_rate":0,"timestamp":1549384167,"path_taken":["M","M","?","?","M","E","?"],"build_version":"2019-01-23","purchased_purges":0,"victory":false,"max_hp_per_floor":[66,66,66,66,66,66,66],"card_choices":[{"not_picked":["Flying Knee","Infinite Blades"],"picked":"Deadly Poison","floor":1.0},{"not_picked":["PiercingWail","Outmaneuver"],"picked":"Flying Knee","floor":2.0},{"not_picked":["Leg Sweep","Blur"],"picked":"Noxious Fumes","floor":5.0},{"not_picked":["Finisher","Prepared"],"picked":"Cloak And Dagger","floor":6.0}],"player_experience":1949991,"relics_obtained":[{"floor":6.0,"key":"Shovel"}],"event_choices":[{"damage_healed":0.0,"max_hp_gain":0.0,"max_hp_loss":0.0,"gold_gain":0.0,"event_name":"Shining Light","player_choice":"Entered Light","floor":3.0,"gold_loss":0.0,"damage_taken":20.0,"cards_upgraded":["Strike_G","Defend_G"]},{"damage_healed":0.0,"max_hp_gain":0.0,"max_hp_loss":0.0,"gold_gain":50.0,"event_name":"Golden Shrine","player_choice":"Pray","floor":4.0,"gold_loss":0.0,"damage_taken":0.0}],"is_beta":true,"boss_relics":[],"items_purged_floors":[],"is_endless":false,"potions_floor_spawned":[5],"killed_by":"Gremlin Gang","ascension_level":15}