{"gold_per_floor":[110,137,149,161,189,201,213,238,330,342,354,380,409,437,449,558,570,592,197,112,127,92,92,121,121,121,121,132,132,95,115,115,217,217,230,190,203,103,103,103,113,142,142,142,156,156,156,175,175,175],"floor_reached":50,"playtime":3462,"items_purged":["Shame","Strike_G"],"score":625,"play_id":"546ec6f3-5b65-4c1a-bd89-82c6b23cffbd","local_time":"20190306031301","is_ascension_mode":true,"campfire_choices":[{"data":"Neutralize","floor":6,"key":"SMITH"},{"data":"Finisher","floor":10,"key":"SMITH"},{"data":"Blade Dance","floor":15,"key":"SMITH"},{"data":"Accuracy","floor":23,"key":"SMITH"},{"floor":25,"key":"REST"},{"data":"Doubt","floor":29,"key":"PURGE"},{"data":"Doubt","floor":32,"key":"PURGE"},{"floor":40,"key":"REST"},{"data":"After Image","floor":44,"key":"SMITH"},{"floor":46,"key":"REST"},{"data":"Writhe","floor":49,"key":"PURGE"}],"neow_cost":"NONE","seed_source_timestamp":314040233824220,"circlet_count":0,"master_deck":["Defend_G","Defend_G","Defend_G","Defend_G","Defend_G","Strike_G","Strike_G","Strike_G","Survivor","Neutralize+1","Finisher+1","Dagger Throw","Blade Dance","Blade Dance+1","Escape Plan","Escape Plan+1","Blur","Blade Dance+1","Accuracy+1","Concentrate","Footwork","After Image+1","Tactician+1","Footwork","Calculated Gamble","Prepared+1","Parasite"],"relics":["Ring of the Snake","MawBank","Singing Bowl","Calling Bell","Ancient Tea Set","Question Card","Dead Branch","Matryoshka","Unceasing Top","Peace Pipe","Bottled Flame","Darkstone Periapt","WristBlade","Letter Opener","Mercury Hourglass","Frozen Egg 2","Orichalcum"],"potions_floor_usage":[16,24,24,33,33,45,50],"damage_taken":[{"damage":0,"enemies":"Cultist","floor":1,"turns":4},{"damage":1,"enemies":"Jaw Worm","floor":5,"turns":3},{"damage":1,"enemies":"Small Slimes","floor":8,"turns":3},{"damage":10,"enemies":"Gremlin Gang","floor":12,"turns":3},{"damage":3,"enemies":"Blue Slaver","floor":13,"turns":7},{"damage":5,"enemies":"Red Slaver","floor":14,"turns":2},{"damage":55,"enemies":"Slime Boss","floor":16,"turns":12},{"damage":10,"enemies":"3 Byrds","floor":18,"turns":4},{"damage":5,"enemies":"Chosen","floor":21,"turns":4},{"damage":19,"enemies":"Book of Stabbing","floor":24,"turns":4},{"damage":6,"enemies":"Shelled Parasite and Fungi","floor":28,"turns":4},{"damage":6,"enemies":"Sentry and Sphere","floor":31,"turns":3},{"damage":40,"enemies":"Automaton","floor":33,"turns":8},{"damage":21,"enemies":"3 Darklings","floor":35,"turns":5},{"damage":0,"enemies":"Orb Walker","floor":37,"turns":3},{"damage":9,"enemies":"Sphere and 2 Shapes","floor":41,"turns":3},{"damage":25,"enemies":"Giant Head","floor":42,"turns":7},{"damage":22,"enemies":"Jaw Worm Horde","floor":45,"turns":4},{"damage":22,"enemies":"Writhing Mass","floor":48,"turns":5},{"damage":68,"enemies":"Awakened One","floor":50,"turns":14}],"seed_played":"4393503751345015614","potions_obtained":[{"floor":1,"key":"Block Potion"},{"floor":11,"key":"SteroidPotion"},{"floor":11,"key":"LiquidBronze"},{"floor":14,"key":"Dexterity Potion"},{"floor":16,"key":"Strength Potion"},{"floor":18,"key":"PowerPotion"},{"floor":28,"key":"Strength Potion"},{"floor":36,"key":"FairyPotion"},{"floor":36,"key":"Dexterity Potion"},{"floor":36,"key":"Swift Potion"},{"floor":37,"key":"SteroidPotion"},{"floor":45,"key":"AttackPotion"}],"is_trial":false,"path_per_floor":["M","T","$","?","M","R","?","M","T","R","?","M","M","M","R","B",null,"M","$","?","M","$","R","E","R","T","?","M","R","$","M","R","B",null,"M","?","M","$","T","R","M","E","T","R","M","R","?","M","R","B"],"character_chosen":"THE_SILENT","items_purchased":["Matryoshka","Blur","Accuracy","Footwork"],"campfire_rested":3,"item_purchase_floors":[19,19,22,30],"current_hp_per_floor":[77,77,77,77,76,76,76,75,75,75,75,65,62,57,57,4,60,50,50,50,45,45,45,26,49,49,49,45,45,45,41,41,1,63,42,42,44,44,44,69,60,35,35,35,13,38,65,51,51,0],"gold":175,"neow_bonus":"TEN_PERCENT_HP_BONUS","is_prod":false,"is_daily":false,"chose_seed":false,"campfire_upgraded":5,"win_rate":0,"timestamp":1551838381,"path_taken":["M","?","$","?","?","R","?","?","T","R","?","?","M","M","R","BOSS","M","$","?","M","$","R","E","R","T","?","M","R","?","M","R","BOSS","M","?","M","$","?","R","M","E","T","R","M","R","?","M","R","BOSS"],"build_version":"2019-01-23","purchased_purges":2,"victory":false,"max_hp_per_floor":[77,77,77,77,77,77,77,77,77,77,77,77,77,77,77,79,79,79,79,79,79,79,79,79,79,79,79,81,81,81,83,83,83,83,83,83,85,85,85,85,85,85,85,85,85,85,91,99,99,99],"card_choices":[{"not_picked":["Flechettes","Choke"],"picked":"Finisher","floor":1},{"not_picked":["Underhanded Strike","Deflect"],"picked":"Dagger Throw","floor":5},{"not_picked":["Quick Slash","Underhanded Strike","Catalyst"],"picked":"SKIP","floor":8},{"not_picked":["Heel Hook","Flechettes"],"picked":"Blade Dance","floor":12},{"not_picked":["Backstab","Dagger Spray"],"picked":"Blade Dance","floor":13},{"not_picked":["Outmaneuver","Distraction"],"picked":"Escape Plan","floor":14},{"not_picked":["Doppelganger","Unload","Phantasmal Killer"],"picked":"Singing Bowl","floor":16},{"not_picked":["Outmaneuver+1","Dagger Spray","Dash+1"],"picked":"Escape Plan+1","floor":18},{"not_picked":["Deflect","Slice","Setup+1"],"picked":"Blade Dance+1","floor":21},{"not_picked":["Underhanded Strike","Deadly Poison","Quick Slash"],"picked":"Concentrate","floor":24},{"not_picked":["Deflect+1","Deadly Poison","Corpse Explosion","Sucker Punch+1"],"picked":"Singing Bowl","floor":28},{"not_picked":["Expertise","Endless Agony+1","Dagger Throw","Flechettes"],"picked":"Singing Bowl","floor":31},{"not_picked":["Unload","A Thousand Cuts","Burst"],"picked":"After Image","floor":33},{"not_picked":["Finisher","Quick Slash+1","Skewer"],"picked":"Tactician+1","floor":35},{"not_picked":["Cloak And Dagger","Sucker Punch","Dash+1","Flying Knee+1"],"picked":"Singing Bowl","floor":37},{"not_picked":["Endless Agony","Quick Slash+1","Blade Dance"],"picked":"Footwork","floor":41},{"not_picked":["PiercingWail","Bullet Time","Die Die Die"],"picked":"Calculated Gamble","floor":42},{"not_picked":["Masterful Stab+1","Underhanded Strike+1","Slice"],"picked":"Prepared+1","floor":45},{"not_picked":["Acrobatics+1","Poisoned Stab","Choke","Deflect"],"picked":"Singing Bowl","floor":48}],"player_experience":207434,"relics_obtained":[{"floor":2,"key":"MawBank"},{"floor":9,"key":"Singing Bowl"},{"floor":17,"key":"Ancient Tea Set"},{"floor":17,"key":"Question Card"},{"floor":17,"key":"Dead Branch"},{"floor":24,"key":"Peace Pipe"},{"floor":26,"key":"Bottled Flame"},{"floor":26,"key":"Darkstone Periapt"},{"floor":39,"key":"Letter Opener"},{"floor":39,"key":"Mercury Hourglass"},{"floor":42,"key":"Frozen Egg 2"},{"floor":43,"key":"Orichalcum"}],"event_choices":[{"damage_healed":0,"gold_gain":0,"player_choice":"Full Heal","damage_taken":0,"max_hp_gain":0,"max_hp_loss":0,"event_name":"Wheel of Change","floor":4,"gold_loss":0},{"cards_removed":["Strike_G"],"damage_healed":0,"gold_gain":0,"player_choice":"Purged","damage_taken":0,"max_hp_gain":0,"max_hp_loss":0,"event_name":"Purifier","floor":7,"gold_loss":0},{"damage_healed":0,"gold_gain":0,"player_choice":"Got Potions","damage_taken":0,"max_hp_gain":0,"max_hp_loss":0,"event_name":"Lab","floor":11,"gold_loss":0},{"damage_healed":0,"gold_gain":0,"player_choice":"Obtained Relic","damage_taken":0,"relics_obtained":["Unceasing Top"],"max_hp_gain":0,"max_hp_loss":0,"event_name":"Addict","floor":20,"gold_loss":85},{"damage_healed":0,"gold_gain":0,"player_choice":"Ignored","damage_taken":0,"max_hp_gain":0,"max_hp_loss":0,"event_name":"Ghosts","floor":27,"gold_loss":0},{"damage_healed":0,"gold_gain":0,"player_choice":"Bought 3 Potions","damage_taken":0,"max_hp_gain":0,"max_hp_loss":0,"event_name":"The Woman in Blue","floor":36,"gold_loss":0},{"damage_healed":21,"gold_gain":0,"player_choice":"Writhe","damage_taken":0,"max_hp_gain":0,"max_hp_loss":0,"event_name":"Winding Halls","floor":47,"gold_loss":0,"cards_obtained":["Writhe"]}],"is_beta":false,"boss_relics":[{"not_picked":["Runic Pyramid","Velvet Choker"],"picked":"Calling Bell"},{"not_picked":["White Beast Statue","HoveringKite"],"picked":"WristBlade"}],"items_purged_floors":[19,38],"is_endless":false,"potions_floor_spawned":[1,14,16,18,28,37,45],"killed_by":"Awakened One","ascension_level":5}