{"gold_per_floor":[111,122,297,177,177,177,188,61,61,61,76,76,89,105,105,200,200,217,234,234],"floor_reached":20,"playtime":752,"items_purged":["Pain","Doubt"],"score":166,"play_id":"1ca36014-8693-40fb-b2de-027fee9d3b10","local_time":"20190313001710","is_ascension_mode":false,"campfire_choices":[{"data":"True Grit","floor":6,"key":"SMITH"},{"floor":10,"key":"REST"},{"floor":15,"key":"REST"}],"neow_cost":"NONE","seed_source_timestamp":29165076627613,"circlet_count":0,"master_deck":["Strike_R","Strike_R","Strike_R","Strike_R","Strike_R","Defend_R","Defend_R","Defend_R","Defend_R","Bash+1","Regret","Shame","True Grit+1","Twin Strike","Flex","Pommel Strike","Wild Strike","Twin Strike","Twin Strike","Pommel Strike","Shrug It Off"],"relics":["Calling Bell","Pen Nib","Frozen Egg 2","Nunchaku","Dream Catcher","Runic Pyramid"],"potions_floor_usage":[16,16,16,19],"damage_taken":[{"damage":20,"enemies":"Jaw Worm","floor":1,"turns":4},{"damage":10,"enemies":"2 Louse","floor":2,"turns":2},{"damage":6,"enemies":"Cultist","floor":7,"turns":4},{"damage":14,"enemies":"Large Slime","floor":11,"turns":5},{"damage":2,"enemies":"Lots of Slimes","floor":13,"turns":4},{"damage":21,"enemies":"Exordium Thugs","floor":14,"turns":4},{"damage":34,"enemies":"The Guardian","floor":16,"turns":10},{"damage":29,"enemies":"Shell Parasite","floor":18,"turns":4},{"damage":38,"enemies":"3 Byrds","floor":19,"turns":5},{"damage":12,"enemies":"Sentry and Sphere","floor":20,"turns":3}],"seed_played":"-7230055005250057204","potions_obtained":[{"floor":11,"key":"EssenceOfSteel"},{"floor":13,"key":"Poison Potion"},{"floor":14,"key":"Poison Potion"},{"floor":16,"key":"BloodPotion"},{"floor":19,"key":"SmokeBomb"}],"is_trial":false,"path_per_floor":["M","M","?","$","?","R","M","$","T","R","M","?","M","M","R","B",null,"M","M","M"],"character_chosen":"IRONCLAD","items_purchased":["Flex","Pommel Strike"],"campfire_rested":2,"item_purchase_floors":[4,8],"current_hp_per_floor":[60,50,50,50,50,50,44,44,44,68,54,54,52,31,55,21,80,51,21,9],"gold":234,"neow_bonus":"BOSS_RELIC","is_prod":false,"is_daily":false,"chose_seed":false,"campfire_upgraded":1,"win_rate":0,"timestamp":1552403830,"path_taken":["M","M","?","$","?","R","M","$","T","R","?","?","M","M","R","BOSS","M","M","?"],"build_version":"2019-01-23","purchased_purges":2,"victory":false,"max_hp_per_floor":[80,80,80,80,80,80,80,80,80,80,80,80,80,80,80,80,80,80,80,80],"card_choices":[{"not_picked":["Heavy Blade","Sword Boomerang"],"picked":"True Grit","floor":1},{"not_picked":["Flex","Seeing Red"],"picked":"Twin Strike","floor":2},{"not_picked":["Rupture+1","True Grit","Combust+1"],"picked":"SKIP","floor":7},{"not_picked":["Battle Trance","Armaments"],"picked":"Wild Strike","floor":10},{"not_picked":["Cleave","Limit Break","Heavy Blade"],"picked":"SKIP","floor":11},{"not_picked":["Cleave","Body Slam"],"picked":"Twin Strike","floor":13},{"not_picked":["Whirlwind","Fire Breathing+1"],"picked":"Twin Strike","floor":14},{"not_picked":["Sentinel+1","Entrench"],"picked":"Pommel Strike","floor":18},{"not_picked":["Seeing Red","Warcry"],"picked":"Shrug It Off","floor":19}],"player_experience":337399,"relics_obtained":[{"floor":0,"key":"Pen Nib"},{"floor":0,"key":"Frozen Egg 2"},{"floor":0,"key":"Nunchaku"},{"floor":9,"key":"Dream Catcher"}],"event_choices":[{"damage_healed":0,"gold_gain":175,"player_choice":"AGREE","damage_taken":0,"max_hp_gain":0,"max_hp_loss":0,"event_name":"Liars Game","floor":3,"gold_loss":0,"cards_obtained":["Doubt"]},{"damage_healed":0,"gold_gain":0,"player_choice":"Bought 0 Potions","damage_taken":0,"max_hp_gain":0,"max_hp_loss":0,"event_name":"The Woman in Blue","floor":5,"gold_loss":0},{"damage_healed":0,"gold_gain":0,"player_choice":"Upgraded","damage_taken":0,"max_hp_gain":0,"max_hp_loss":0,"event_name":"Upgrade Shrine","floor":12,"gold_loss":0,"cards_upgraded":["Bash"]}],"is_beta":false,"boss_relics":[{"not_picked":["Philosopher\u0027s Stone","Astrolabe"],"picked":"Runic Pyramid"}],"items_purged_floors":[4,8],"is_endless":false,"potions_floor_spawned":[11,13,14,16,19],"killed_by":"Sentry and Sphere","ascension_level":0}