{"gold_per_floor":[116,191,210,38,53,83,95,127,139,151,189,201,223,235,247,259,369,381,403,415,427,294,313,313,344,344,344,344,3,37,51,69,79,79,184,184,200,200,218,233,108,108,125,125,151,151,151,151,151,179,197,197,197,197,197,73,99,99],"floor_reached":58,"playtime":2998,"items_purged":["BootSequence","Turbo","Pain"],"score":760,"play_id":"242d3a9d-bc9a-4e09-ac79-364f58eaae8b","local_time":"20190129190424","is_ascension_mode":false,"campfire_choices":[{"data":"Defragment","floor":12,"key":"SMITH"},{"data":"Hologram","floor":14,"key":"SMITH"},{"data":"Double Energy","floor":16,"key":"SMITH"},{"data":"Panacea","floor":24,"key":"SMITH"},{"floor":34,"key":"REST"},{"data":"Creative AI","floor":42,"key":"SMITH"},{"floor":47,"key":"RECALL"},{"floor":52,"key":"REST"},{"data":"Coolheaded","floor":55,"key":"SMITH"}],"neow_cost":"NONE","seed_source_timestamp":1761277525440728,"circlet_count":0,"master_deck":["Hologram+1","Conserve Battery","Sweeping Beam","Coolheaded+1","Compile Driver","Conserve Battery+1","BootSequence","Ball Lightning","Conserve Battery","Electrodynamics","Biased Cognition","Melter","Double Energy+1","Defragment+1","Panacea+1","Tempest","Steam","Auto Shields","Beam Cell","Meteor Strike","Hyperbeam","Steam","Beam Cell","BootSequence","Chaos","Biased Cognition","Skim","Capacitor","Heatsinks","Coolheaded+1","Biased Cognition","Reinforced Body","Aggregate","Melter","Creative AI+1","Steam+1","Streamline+1","Scrape","White Noise+1","Redo+1","Redo","Cold Snap+1"],"relics":["Cracked Core","MawBank","Nunchaku","Orrery","Bag of Marbles","Pear","Torii","DollysMirror","Ancient Tea Set","Philosopher\u0027s Stone","WarpedTongs","Oddly Smooth Stone","War Paint","Happy Flower"],"potions_floor_usage":[25,35,50,53,53,53,58,58],"damage_taken":[{"damage":0,"enemies":"Jaw Worm","floor":1,"turns":2},{"damage":0,"enemies":"Small Slimes","floor":3,"turns":2},{"damage":0,"enemies":"Cultist","floor":5,"turns":3},{"damage":0,"enemies":"Lagavulin","floor":6,"turns":5},{"damage":0,"enemies":"2 Fungi Beasts","floor":8,"turns":2},{"damage":11,"enemies":"3 Sentries","floor":11,"turns":3},{"damage":0,"enemies":"Looter","floor":13,"turns":2},{"damage":10,"enemies":"Hexaghost","floor":17,"turns":4},{"damage":0,"enemies":"3 Byrds","floor":19,"turns":3},{"damage":5,"enemies":"Shell Parasite","floor":23,"turns":4},{"damage":36,"enemies":"Book of Stabbing","floor":25,"turns":6},{"damage":2,"enemies":"Slavers","floor":30,"turns":4},{"damage":0,"enemies":"Centurion and Healer","floor":31,"turns":5},{"damage":2,"enemies":"Snecko","floor":32,"turns":5},{"damage":8,"enemies":"Snake Plant","floor":33,"turns":4},{"damage":28,"enemies":"Automaton","floor":35,"turns":9},{"damage":8,"enemies":"3 Shapes","floor":37,"turns":3},{"damage":16,"enemies":"Orb Walker","floor":39,"turns":3},{"damage":15,"enemies":"Jaw Worm Horde","floor":40,"turns":4},{"damage":0,"enemies":"Transient","floor":43,"turns":5},{"damage":1,"enemies":"Giant Head","floor":50,"turns":8},{"damage":1,"enemies":"Writhing Mass","floor":51,"turns":6},{"damage":43,"enemies":"Awakened One","floor":53,"turns":23},{"damage":52,"enemies":"Shield and Spear","floor":57,"turns":6},{"damage":33,"enemies":"The Heart","floor":58,"turns":3}],"seed_played":"5888955930271388540","potions_obtained":[{"floor":3,"key":"FocusPotion"},{"floor":11,"key":"FairyPotion"},{"floor":13,"key":"GamblersBrew"},{"floor":19,"key":"PowerPotion"},{"floor":25,"key":"Fruit Juice"},{"floor":32,"key":"Weak Potion"},{"floor":37,"key":"SkillPotion"},{"floor":40,"key":"Fire Potion"},{"floor":51,"key":"Poison Potion"}],"is_trial":false,"path_per_floor":["M","?","M","$","M","E","?","M","T","T","E","R","M","R","?","R","B",null,"M","?","?","$","M","R","E","?","T","T","$","E","M","M","M","R","B",null,"M","?","M","M","$","R","M","$","T","T","R","?","?","E","M","R","B",null,"R","$","E","B"],"character_chosen":"DEFECT","items_purchased":["Defragment","Panacea","Capacitor","Coolheaded","DollysMirror","SpeedPotion","FocusPotion"],"campfire_rested":2,"item_purchase_floors":[4,4,22,29,29,56,56],"current_hp_per_floor":[75,64,64,64,64,64,64,64,64,64,53,53,53,53,53,53,43,75,75,75,75,75,70,70,39,49,49,49,49,47,47,45,37,64,36,90,82,82,66,51,51,51,51,51,51,51,51,51,51,50,49,74,31,85,85,85,33,0],"gold":99,"neow_bonus":"ONE_RANDOM_RARE_CARD","is_prod":false,"is_daily":false,"chose_seed":false,"campfire_upgraded":6,"win_rate":0,"timestamp":1548806664,"path_taken":["M","?","M","$","M","E","?","M","T","E","R","M","R","?","R","BOSS","M","?","?","$","M","R","E","?","T","$","E","M","M","?","R","BOSS","M","?","M","M","$","R","M","?","T","R","?","?","E","M","R","BOSS","R","$","E","BOSS"],"build_version":"2019-01-23","purchased_purges":3,"victory":false,"max_hp_per_floor":[75,75,75,75,75,75,75,75,75,75,75,75,75,75,75,75,75,75,75,75,75,75,75,75,80,90,90,90,90,90,90,90,90,90,90,90,90,90,90,90,90,90,90,90,90,90,90,90,85,85,85,85,85,85,85,85,85,85],"card_choices":[{"not_picked":["Ball Lightning","Lockon"],"picked":"Melter","floor":1},{"not_picked":["Consume","Steam Power"],"picked":"Double Energy","floor":3},{"not_picked":["Genetic Algorithm","Sunder"],"picked":"Tempest","floor":5},{"not_picked":["Reinforced Body","Chill"],"picked":"Steam","floor":6},{"not_picked":["Ball Lightning","Core Surge","Rebound"],"picked":"SKIP","floor":8},{"not_picked":["Streamline","Hello World"],"picked":"Auto Shields","floor":11},{"not_picked":["Conserve Battery","Storm"],"picked":"Beam Cell","floor":13},{"not_picked":["Buffer","Electrodynamics"],"picked":"Hyperbeam","floor":17},{"not_picked":["Chill","Hologram"],"picked":"Steam","floor":18},{"not_picked":["Genetic Algorithm","Leap"],"picked":"Reprogram","floor":18},{"not_picked":["Fusion","Doom and Gloom"],"picked":"Sunder","floor":18},{"not_picked":["Stack","Go for the Eyes"],"picked":"Beam Cell","floor":18},{"not_picked":["Rebound","Sweeping Beam"],"picked":"BootSequence","floor":18},{"not_picked":["Cold Snap","Hologram"],"picked":"Chaos","floor":19},{"not_picked":["Leap+1","Sweeping Beam"],"picked":"Turbo","floor":23},{"not_picked":["Go for the Eyes+1","Stack"],"picked":"Heatsinks","floor":25},{"not_picked":["Seek","Storm"],"picked":"Streamline","floor":30},{"not_picked":["Undo","Compile Driver"],"picked":"Reinforced Body","floor":31},{"not_picked":["Sweeping Beam","Redo"],"picked":"Aggregate","floor":32},{"not_picked":["Stack","Consume"],"picked":"Melter","floor":33},{"not_picked":["Fission","Core Surge"],"picked":"Creative AI","floor":35},{"not_picked":["Cold Snap+1","Stack"],"picked":"Steam+1","floor":37},{"not_picked":["Force Field+1","Hologram"],"picked":"Streamline+1","floor":39},{"not_picked":["Force Field","Leap"],"picked":"Scrape","floor":40},{"not_picked":["Self Repair+1","Sweeping Beam"],"picked":"White Noise+1","floor":43},{"not_picked":["Chill","Beam Cell"],"picked":"Redo+1","floor":50},{"not_picked":["Fission","Leap"],"picked":"Redo","floor":51},{"not_picked":["Leap","Sweeping Beam"],"picked":"Cold Snap+1","floor":57}],"player_experience":1908044,"relics_obtained":[{"floor":6,"key":"MawBank"},{"floor":11,"key":"Nunchaku"},{"floor":25,"key":"Bag of Marbles"},{"floor":27,"key":"Torii"},{"floor":30,"key":"Ancient Tea Set"},{"floor":45,"key":"Oddly Smooth Stone"},{"floor":50,"key":"War Paint"},{"floor":57,"key":"Happy Flower"}],"event_choices":[{"damage_healed":0,"gold_gain":75,"player_choice":"Gather Gold","damage_taken":11,"max_hp_gain":0,"max_hp_loss":0,"event_name":"World of Goop","floor":2,"gold_loss":0},{"damage_healed":0,"gold_gain":0,"player_choice":"Leave","damage_taken":0,"max_hp_gain":0,"max_hp_loss":0,"event_name":"The Cleric","floor":7,"gold_loss":0},{"damage_healed":0,"gold_gain":0,"player_choice":"1 cards matched","damage_taken":0,"max_hp_gain":0,"max_hp_loss":0,"event_name":"Match and Keep!","floor":15,"gold_loss":0,"cards_obtained":["Meteor Strike"]},{"damage_healed":0,"gold_gain":0,"player_choice":"Read","damage_taken":0,"max_hp_gain":0,"max_hp_loss":0,"event_name":"The Library","floor":20,"gold_loss":0,"cards_obtained":["Biased Cognition"]},{"damage_healed":0,"gold_gain":0,"cards_transformed":["Reprogram","Sunder"],"player_choice":"Became Test Subject","damage_taken":0,"max_hp_gain":0,"max_hp_loss":0,"event_name":"Drug Dealer","floor":21,"gold_loss":0,"cards_obtained":["Skim","BootSequence"]},{"damage_healed":0,"gold_gain":0,"player_choice":"Gave Potion","damage_taken":0,"relics_obtained":["Pear"],"max_hp_gain":0,"max_hp_loss":0,"event_name":"WeMeetAgain","floor":26,"gold_loss":0},{"damage_healed":0,"gold_gain":0,"player_choice":"Rummage","damage_taken":0,"relics_obtained":["WarpedTongs"],"max_hp_gain":0,"max_hp_loss":0,"event_name":"Accursed Blacksmith","floor":38,"gold_loss":0,"cards_obtained":["Pain"]},{"cards_removed":["Streamline"],"damage_healed":0,"gold_gain":0,"player_choice":"Removed Attack","damage_taken":0,"max_hp_gain":0,"max_hp_loss":0,"event_name":"Falling","floor":48,"gold_loss":0},{"damage_healed":0,"gold_gain":0,"player_choice":"Max HP","damage_taken":0,"max_hp_gain":0,"max_hp_loss":5,"event_name":"Winding Halls","floor":49,"gold_loss":0}],"is_beta":true,"boss_relics":[{"not_picked":["Lizard Tail","Snecko Eye"],"picked":"Orrery"},{"not_picked":["Tiny House","White Beast Statue"],"picked":"Philosopher\u0027s Stone"}],"items_purged_floors":[22,29,41],"is_endless":false,"potions_floor_spawned":[3,11,13,19,23,25,32,37,40,43,51],"killed_by":"The Heart","ascension_level":0}