{"path_per_floor":["M","?","M","?","?","E","M","E","T","M","R","M","M","E","R","B",null,"M","?","M","$","?","E","M","M","T","M","?","R"],"character_chosen":"IRONCLAD","items_purchased":["Molten Egg 2","Sever Soul"],"gold_per_floor":[110,110,128,128,128,157,176,203,203,223,223,240,257,289,289,385,385,397,397,409,22,22,47,58,68,68,83,83,83],"floor_reached":30,"campfire_rested":1,"playtime":2063,"current_hp_per_floor":[77,61,63,63,63,65,65,61,61,58,58,64,70,77,77,42,76,63,47,42,42,42,27,18,11,11,16,16,42],"items_purged":["Decay"],"gold":83,"score":420,"play_id":"d7f07ba1-fc3f-46ea-94b6-0da2ad62e9b9","is_prod":false,"is_daily":false,"is_ascension_mode":true,"campfire_upgraded":2,"path_taken":["M","?","M","?","?","E","M","E","T","M","R","M","?","E","R","BOSS","M","?","M","$","?","E","M","?","T","M","?","R","M"],"build_version":"2018-02-12-PROD1","purchased_purges":1,"victory":false,"master_deck":["Strike_R","Strike_R","Strike_R","Strike_R","Strike_R","Defend_R","Defend_R+1","Defend_R+1","Bash","Flex","Metallicize","Barricade","Clash","True Grit+1","Uppercut+1","Spot Weakness","Clash","Inflame","Brutality","Ghostly Armor","Clash","Seeing Red","True Grit","Clash","Warcry","Sever Soul+1","Sever Soul+1","Heavy Blade+1","Rupture+1","Armaments","Writhe","Feel No Pain+1"],"max_hp_per_floor":[80,80,80,80,80,80,80,80,80,80,80,80,80,87,87,87,87,87,87,87,87,87,87,87,87,87,87,87,87],"relics":["Burning Blood","Ancient Tea Set","Lantern","Red Skull","Anchor","Strawberry","Orrery","Nilry\u0027s Codex","Molten Egg 2","Blood Vial","Dream Catcher","Bronze Scales"],"card_choices":[{"not_picked":["Headbutt","Dropkick"],"picked":"Flex"},{"not_picked":["Flex","Headbutt"],"picked":"Metallicize"},{"not_picked":["Blood for Blood","Twin Strike"],"picked":"Barricade"},{"not_picked":["Iron Wave","Headbutt"],"picked":"Clash"},{"not_picked":["Burning Pact","Perfected Strike"],"picked":"True Grit"},{"not_picked":["Heavy Blade","Wild Strike"],"picked":"Uppercut"},{"not_picked":["Double Tap","Fire Breathing"],"picked":"Spot Weakness"},{"not_picked":["Heavy Blade","Body Slam"],"picked":"Clash"},{"not_picked":["Flex","Heavy Blade"],"picked":"Inflame"},{"not_picked":["Fiend Fire","Juggernaut"],"picked":"Brutality"},{"not_picked":["Rage","Havoc"],"picked":"Ghostly Armor"},{"not_picked":["Dual Wield","Thunderclap"],"picked":"Clash"},{"not_picked":["Fire Breathing","Wild Strike"],"picked":"Seeing Red"},{"not_picked":["Carnage","Twin Strike"],"picked":"True Grit"},{"not_picked":["Metallicize","Reckless Charge"],"picked":"Clash"},{"not_picked":["Pummel","Intimidate"],"picked":"Warcry"},{"not_picked":["Hemokinesis","Burning Pact"],"picked":"Sever Soul"},{"not_picked":["Combust","Anger"],"picked":"Heavy Blade"},{"not_picked":["Blood for Blood","Combust"],"picked":"Rupture"},{"not_picked":["Body Slam","Exhume"],"picked":"Armaments"},{"not_picked":["Second Wind","Sword Boomerang"],"picked":"Feel No Pain"}],"player_experience":162994,"potions_floor_usage":[6,6,16,23,25],"damage_taken":[{"damage":1,"enemies":"Cultist","floor":1,"turns":4},{"damage":4,"enemies":"Jaw Worm","floor":3,"turns":3},{"damage":4,"enemies":"Gremlin Nob","floor":6,"turns":3},{"damage":6,"enemies":"Blue Slaver","floor":7,"turns":6},{"damage":10,"enemies":"Lagavulin","floor":8,"turns":10},{"damage":9,"enemies":"Gremlin Gang","floor":10,"turns":7},{"damage":0,"enemies":"2 Fungi Beasts","floor":12,"turns":4},{"damage":0,"enemies":"Looter","floor":13,"turns":2},{"damage":6,"enemies":"3 Sentries","floor":14,"turns":7},{"damage":41,"enemies":"The Guardian","floor":16,"turns":8},{"damage":19,"enemies":"Shell Parasite","floor":18,"turns":6},{"damage":11,"enemies":"Chosen","floor":20,"turns":8},{"damage":30,"enemies":"Slavers","floor":23,"turns":5},{"damage":17,"enemies":"Snake Plant","floor":24,"turns":4},{"damage":15,"enemies":"Slaver and Parasite","floor":25,"turns":3},{"damage":3,"enemies":"Snecko","floor":27,"turns":4},{"damage":62,"enemies":"Cultist and Chosen","floor":30,"turns":4}],"event_choices":[{"event_name":"Shining Light","player_choice":"Entered Light","floor":2,"damage_taken":0},{"event_name":"Wheel of Change","player_choice":"Curse","floor":4,"damage_taken":0},{"event_name":"The Lab","player_choice":"Got Potions","floor":5,"damage_taken":0},{"event_name":"Cursed Tome","player_choice":"Obtained Book","floor":19,"damage_taken":0},{"event_name":"Bonfire Elementals","player_choice":"BASIC","floor":22,"damage_taken":0},{"event_name":"The Mausoleum","player_choice":"Yes","floor":28,"damage_taken":0}],"boss_relics":[{"not_picked":["Tiny House","Mark of Pain"],"picked":"Orrery"}],"potions_floor_spawned":[6,7,8,14,20,24],"seed_played":"7720349109370891346","killed_by":"Cultist and Chosen","ascension_level":9,"is_trial":false}