{"gold_per_floor":[11,27,27,45,64,64,99,99,147,162,189,207,207,207,207,306,306,320,320,338,211,230,230,155,155,155,70,70,70,86,113,113,113],"floor_reached":33,"playtime":1791,"items_purged":["Strike_R"],"score":344,"play_id":"84a432ef-4646-4b04-a013-bc80fa12a4a7","local_time":"20190313162330","is_ascension_mode":true,"campfire_choices":[{"data":"Armaments","floor":6,"key":"SMITH"},{"data":"Flame Barrier","floor":8,"key":"SMITH"},{"data":"Body Slam","floor":13,"key":"SMITH"},{"data":"Whirlwind","floor":15,"key":"SMITH"},{"data":"Body Slam","floor":23,"key":"SMITH"},{"data":"Pommel Strike","floor":25,"key":"SMITH"},{"data":"Bash","floor":28,"key":"SMITH"},{"data":"Battle Trance","floor":32,"key":"SMITH"}],"neow_cost":"NO_GOLD","seed_source_timestamp":15968824557200,"circlet_count":0,"master_deck":["Strike_R","Strike_R","Strike_R","Defend_R","Defend_R+1","Defend_R+1","Defend_R","Bash+1","Headbutt","Ghostly Armor","Flame Barrier+1","Armaments+1","Iron Wave","Whirlwind+1","Pommel Strike+1","Body Slam+1","Parasite","Impervious","Battle Trance+1","Body Slam+1"],"relics":["Burning Blood","Ginger","Pear","Bag of Preparation","Vajra","Eternal Feather","Pantograph","Ancient Tea Set","War Paint"],"potions_floor_usage":[7,10,11,20,20,22],"damage_taken":[{"damage":6,"enemies":"Cultist","floor":1,"turns":4},{"damage":9,"enemies":"Jaw Worm","floor":2,"turns":5},{"damage":2,"enemies":"2 Louse","floor":4,"turns":3},{"damage":11,"enemies":"Blue Slaver","floor":5,"turns":4},{"damage":31,"enemies":"3 Sentries","floor":7,"turns":9},{"damage":5,"enemies":"Gremlin Gang","floor":10,"turns":3},{"damage":23,"enemies":"Gremlin Nob","floor":11,"turns":4},{"damage":14,"enemies":"Exordium Thugs","floor":12,"turns":5},{"damage":23,"enemies":"Hexaghost","floor":16,"turns":9},{"damage":24,"enemies":"2 Thieves","floor":18,"turns":4},{"damage":16,"enemies":"Spheric Guardian","floor":20,"turns":4},{"damage":18,"enemies":"Snecko","floor":22,"turns":10},{"damage":0,"enemies":"Centurion and Healer","floor":30,"turns":7},{"damage":136,"enemies":"Automaton","floor":33,"turns":12}],"seed_played":"5493959740027350842","potions_obtained":[{"floor":2,"key":"SkillPotion"},{"floor":4,"key":"LiquidBronze"},{"floor":10,"key":"Energy Potion"},{"floor":12,"key":"SpeedPotion"},{"floor":18,"key":"Regen Potion"},{"floor":19,"key":"EssenceOfSteel"},{"floor":19,"key":"Fruit Juice"},{"floor":30,"key":"LiquidBronze"}],"is_trial":false,"path_per_floor":["M","M","$","M","M","R","E","R","T","M","E","M","R","?","R","B",null,"M","?","M","$","M","R","?","R","T","?","R","$","M","T","R","B"],"character_chosen":"IRONCLAD","items_purchased":["PowerPotion"],"campfire_rested":0,"item_purchase_floors":[21],"current_hp_per_floor":[80,77,77,80,75,75,60,60,60,61,44,36,36,58,58,41,78,60,60,67,67,55,67,67,79,79,79,91,91,95,95,95,0],"gold":113,"neow_bonus":"ONE_RARE_RELIC","is_prod":false,"is_daily":false,"chose_seed":false,"campfire_upgraded":8,"win_rate":0,"timestamp":1552519410,"path_taken":["M","M","$","M","M","R","E","R","T","M","E","M","R","?","R","BOSS","M","?","M","$","?","R","?","R","T","?","R","?","?","?","R","BOSS"],"build_version":"2019-01-23","purchased_purges":1,"victory":false,"max_hp_per_floor":[80,80,80,80,80,80,90,90,90,90,90,90,90,90,90,90,90,90,90,95,95,95,95,95,95,95,95,95,95,95,95,95,95],"card_choices":[{"not_picked":["Shrug It Off","Thunderclap"],"picked":"Headbutt","floor":1},{"not_picked":["Clash","Carnage"],"picked":"Ghostly Armor","floor":2},{"not_picked":["Bloodletting","Rupture"],"picked":"Flame Barrier","floor":4},{"not_picked":["Disarm","Intimidate"],"picked":"Armaments","floor":5},{"not_picked":["Ghostly Armor","Thunderclap"],"picked":"Iron Wave","floor":7},{"not_picked":["True Grit","Headbutt"],"picked":"Whirlwind","floor":10},{"not_picked":["Searing Blow","Clash"],"picked":"Pommel Strike","floor":11},{"not_picked":["Fiend Fire","Searing Blow"],"picked":"Body Slam","floor":12},{"not_picked":["Offering","Reaper"],"picked":"Impervious","floor":16},{"not_picked":["Sever Soul","Body Slam"],"picked":"Battle Trance","floor":18},{"not_picked":["Headbutt+1","Sword Boomerang+1"],"picked":"Body Slam","floor":20},{"not_picked":["Havoc+1","Rage+1","Pummel"],"picked":"SKIP","floor":22},{"not_picked":["Flex","Whirlwind","Headbutt"],"picked":"SKIP","floor":30}],"player_experience":423557,"relics_obtained":[{"floor":7,"key":"Pear"},{"floor":9,"key":"Bag of Preparation"},{"floor":11,"key":"Vajra"},{"floor":26,"key":"Pantograph"},{"floor":31,"key":"War Paint"}],"event_choices":[{"damage_healed":22,"gold_gain":0,"player_choice":"Healed and dodged fight","damage_taken":0,"max_hp_gain":0,"max_hp_loss":0,"event_name":"Mushrooms","floor":14,"gold_loss":0,"cards_obtained":["Parasite"]},{"damage_healed":0,"gold_gain":0,"player_choice":"Got Potions","damage_taken":0,"max_hp_gain":0,"max_hp_loss":0,"event_name":"Lab","floor":19,"gold_loss":0},{"cards_removed":["Strike_R"],"damage_healed":0,"gold_gain":0,"player_choice":"Gave Gold","damage_taken":0,"max_hp_gain":0,"max_hp_loss":0,"event_name":"Beggar","floor":24,"gold_loss":75},{"damage_healed":0,"gold_gain":0,"player_choice":"Obtained Relic","damage_taken":0,"relics_obtained":["Ancient Tea Set"],"max_hp_gain":0,"max_hp_loss":0,"event_name":"Addict","floor":27,"gold_loss":85}],"is_beta":false,"boss_relics":[{"not_picked":["Runic Pyramid","Mark of Pain"],"picked":"Eternal Feather"}],"items_purged_floors":[21],"is_endless":false,"potions_floor_spawned":[2,4,10,12,18,30],"killed_by":"Automaton","ascension_level":5}