{"path_per_floor":["M","$","M","M","$","R","?","R","T","M","M","R","$","T","R","B",null,"M","?","M","$","?","R","?","?","T","R","E","M","M","M","R","B",null,"M","$","?","?","$","M","M","R","T","M","M","M","?","M","R","B"],"character_chosen":"IRONCLAD","items_purchased":["Oddly Smooth Stone","Inflame","Metallicize","Metallicize","Shuriken"],"gold_per_floor":[215,61,79,89,8,8,8,8,8,19,36,36,36,82,82,183,183,193,108,118,82,82,82,82,82,106,106,140,155,173,184,184,280,280,296,10,0,0,0,17,31,31,56,73,87,99,99,117,117,117],"floor_reached":51,"campfire_rested":1,"playtime":3560,"current_hp_per_floor":[63,63,69,75,75,75,75,75,75,58,58,58,58,58,58,34,69,72,72,71,71,71,71,56,56,56,56,52,57,55,54,54,11,79,86,86,86,86,86,87,52,52,52,51,57,55,85,80,116,38],"items_purged":[],"gold":117,"score":743,"play_id":"74d0ca0a-2952-466f-ad7f-8118600e78b3","is_prod":false,"is_daily":false,"is_ascension_mode":true,"campfire_upgraded":8,"path_taken":["M","?","M","?","$","R","?","R","T","M","M","R","$","?","R","BOSS","M","?","M","$","?","R","?","?","T","R","E","?","?","M","R","BOSS","M","$","?","?","?","M","M","R","T","?","M","M","?","?","R","BOSS"],"build_version":"2018-02-12-PROD1","purchased_purges":0,"victory":true,"master_deck":["Strike_R","Strike_R+1","Strike_R","Defend_R","Defend_R","Defend_R","Defend_R","Bash+1","Metallicize+1","Warcry+1","Exhume+1","Inflame+1","Carnage+1","Shockwave+1","Warcry+1","Impervious","Shrug It Off","Metallicize+1","Feed+1","Pommel Strike+1","Berserk+1","Metallicize+1","Warcry","Pommel Strike+1","Clash+1","Infernal Blade+1","Writhe","Uppercut+1","Armaments+1"],"max_hp_per_floor":[80,80,80,80,80,80,80,80,80,80,80,80,80,80,80,80,80,80,80,80,80,80,80,85,85,85,85,85,85,91,97,97,101,101,109,109,109,109,109,113,117,117,117,117,117,121,121,121,121,121],"relics":["Burning Blood","Oddly Smooth Stone","Torii","War Paint","Cursed Key","Omamori","Orichalcum","Whetstone","Philosopher\u0027s Stone","Shuriken","Red Mask","Dream Catcher"],"card_choices":[{"not_picked":["Dual Wield","Wild Strike"],"picked":"Metallicize"},{"not_picked":["Fire Breathing","Uppercut"],"picked":"Warcry"},{"not_picked":["Pummel","Warcry"],"picked":"Exhume"},{"not_picked":["Havoc","Thunderclap"],"picked":"Shockwave"},{"not_picked":["Disarm","Twin Strike"],"picked":"Warcry"},{"not_picked":["Barricade","Reaper"],"picked":"Impervious"},{"not_picked":["True Grit","Havoc"],"picked":"Shrug It Off"},{"not_picked":["Feel No Pain","Burning Pact"],"picked":"Feed"},{"not_picked":["Headbutt","Feel No Pain"],"picked":"Pommel Strike"},{"not_picked":["Impervious","Dark Embrace"],"picked":"Berserk"},{"not_picked":["Perfected Strike","Clothesline"],"picked":"Warcry"},{"not_picked":["Shrug It Off","Body Slam"],"picked":"Pommel Strike"},{"not_picked":["Combust","Reaper"],"picked":"Clash"},{"not_picked":["Dual Wield","Pommel Strike"],"picked":"Infernal Blade"},{"not_picked":["Thunderclap","Warcry"],"picked":"Uppercut"},{"not_picked":["Warcry","Reckless Charge"],"picked":"Armaments"}],"player_experience":148852,"potions_floor_usage":[28,44,44,50,50,50],"damage_taken":[{"damage":15,"enemies":"Blue Slaver","floor":1,"turns":8},{"damage":0,"enemies":"Cultist","floor":3,"turns":6},{"damage":0,"enemies":"2 Louse","floor":4,"turns":3},{"damage":23,"enemies":"Exordium Thugs","floor":10,"turns":7},{"damage":6,"enemies":"2 Fungi Beasts","floor":11,"turns":3},{"damage":30,"enemies":"The Guardian","floor":16,"turns":8},{"damage":3,"enemies":"3 Byrds","floor":18,"turns":8},{"damage":7,"enemies":"2 Thieves","floor":20,"turns":4},{"damage":10,"enemies":"Gremlin Leader","floor":28,"turns":8},{"damage":1,"enemies":"Snecko","floor":29,"turns":5},{"damage":14,"enemies":"Cultist and Chosen","floor":30,"turns":6},{"damage":13,"enemies":"Slaver and Parasite","floor":31,"turns":7},{"damage":53,"enemies":"Collector","floor":33,"turns":10},{"damage":7,"enemies":"3 Shapes","floor":35,"turns":9},{"damage":9,"enemies":"Orb Walker","floor":40,"turns":7},{"damage":45,"enemies":"Sphere and 2 Shapes","floor":41,"turns":7},{"damage":7,"enemies":"3 Darklings","floor":44,"turns":7},{"damage":0,"enemies":"Maw","floor":45,"turns":6},{"damage":12,"enemies":"4 Shapes","floor":46,"turns":5},{"damage":11,"enemies":"3 Darklings","floor":48,"turns":6},{"damage":84,"enemies":"Time Eater","floor":50,"turns":14}],"event_choices":[{"event_name":"Transmorgrifier","player_choice":"Transform","floor":7,"damage_taken":0},{"event_name":"Addict","player_choice":"Obtained Relic","floor":19,"damage_taken":0},{"event_name":"Bonfire Elementals","player_choice":"BASIC","floor":22,"damage_taken":0},{"event_name":"Forgotten Altar","player_choice":"Shed Blood","floor":24,"damage_taken":0},{"event_name":"The Woman in Blue","player_choice":"Bought 0 Potions","floor":25,"damage_taken":0},{"event_name":"Tomb of Lord Red Mask","player_choice":"Paid","floor":37,"damage_taken":0},{"event_name":"Upgrade Shrine","player_choice":"Upgraded","floor":38,"damage_taken":0},{"event_name":"Winding Halls","player_choice":"Writhe","floor":47,"damage_taken":0}],"boss_relics":[{"not_picked":["Black Blood","Mark of Pain"],"picked":"Cursed Key"},{"not_picked":["White Beast Statue","Runic Cube"],"picked":"Philosopher\u0027s Stone"}],"potions_floor_spawned":[1,4,20,28,29,33,40,44,46,48],"seed_played":"-7270589266569503772","ascension_level":8,"is_trial":false}