{"gold_per_floor":[117,47,57,57,9,9,74,74,74,89,118,23,23,55,55,130,130,141,13,23,23,93,124,49,49,49,49,82,42,55,55],"floor_reached":31,"playtime":864,"items_purged":["Strike_G"],"score":502,"play_id":"853b4e63-a205-4835-a071-8dc478aff1f1","local_time":"20190221212445","is_ascension_mode":true,"campfire_choices":[{"data":"Skewer","floor":6.0,"key":"SMITH"},{"data":"Bouncing Flask","floor":8.0,"key":"SMITH"},{"floor":13.0,"key":"REST"},{"data":"Neutralize","floor":15.0,"key":"SMITH"},{"floor":25,"key":"REST"},{"data":"Noxious Fumes","floor":27,"key":"SMITH"}],"neow_cost":"NONE","seed_source_timestamp":0,"circlet_count":0,"master_deck":["AscendersBane","Defend_G","Defend_G","Defend_G","Defend_G","Defend_G","Strike_G","Strike_G","Strike_G","Survivor","Neutralize+1","Skewer+1","Bouncing Flask+1","Footwork","Caltrops","Dagger Throw","PiercingWail","Footwork","Dash","Night Terror","Noxious Fumes+1","Acrobatics","Parasite","Shame","Envenom"],"special_seed":0,"relics":["Velvet Choker","Tiny Chest","Gremlin Horn","Ninja Scroll","Cursed Key","Mercury Hourglass","Lantern","Incense Burner","Nunchaku"],"potions_floor_usage":[23,30,31,31,31,31],"damage_taken":[{"damage":5.0,"enemies":"Jaw Worm","floor":1.0,"turns":5.0},{"damage":1.0,"enemies":"Cultist","floor":3.0,"turns":3.0},{"damage":19.0,"enemies":"Lagavulin","floor":7.0,"turns":9.0},{"damage":0.0,"enemies":"Small Slimes","floor":10.0,"turns":3.0},{"damage":22.0,"enemies":"Gremlin Nob","floor":11.0,"turns":6.0},{"damage":11.0,"enemies":"3 Sentries","floor":14.0,"turns":6.0},{"damage":12.0,"enemies":"Hexaghost","floor":16.0,"turns":9.0},{"damage":0.0,"enemies":"Chosen","floor":18.0,"turns":3.0},{"damage":3.0,"enemies":"Spheric Guardian","floor":20.0,"turns":4.0},{"damage":32,"enemies":"Slavers","floor":23,"turns":6},{"damage":27,"enemies":"Book of Stabbing","floor":28,"turns":5},{"damage":0,"enemies":"Chosen and Byrds","floor":30,"turns":4},{"damage":14,"enemies":"Snake Plant","floor":31,"turns":1}],"seed_played":"-2359360219726739178","potions_obtained":[{"floor":7.0,"key":"SteroidPotion"},{"floor":11.0,"key":"PowerPotion"},{"floor":16.0,"key":"Regen Potion"},{"floor":29,"key":"PowerPotion"},{"floor":29,"key":"EntropicBrew"},{"floor":30,"key":"Regen Potion"}],"is_trial":false,"path_per_floor":["M","$","M","?","$","R","E","R","T","M","E","$","R","E","R","B",null,"M","$","M","?","T","E","$","R","T","R","E","?","M","M"],"character_chosen":"THE_SILENT","items_purchased":["Skewer","Weak Potion","PiercingWail","Footwork","Noxious Fumes","Acrobatics"],"campfire_rested":2,"item_purchase_floors":[2,5,12,12,19,19],"current_hp_per_floor":[54,54,53,53,53,53,34,34,34,34,12,12,31,20,20,8,52,52,52,49,31,31,14,14,35,35,35,8,8,8,0],"gold":55,"neow_bonus":"BOSS_RELIC","is_prod":false,"is_daily":false,"chose_seed":false,"campfire_upgraded":4,"win_rate":0,"timestamp":1550802285,"path_taken":["M","$","M","?","?","R","E","R","T","M","E","$","R","E","R","BOSS","M","$","M","?","?","E","$","R","T","R","E","?","M","?"],"build_version":"2019-02-06","purchased_purges":1,"victory":false,"max_hp_per_floor":[66,66,66,66,66,66,66,66,66,66,66,66,66,66,66,66,66,66,66,66,71,71,71,71,71,71,71,71,71,71,71],"card_choices":[{"not_picked":["Flying Knee","Acrobatics","Sucker Punch"],"picked":"SKIP","floor":1.0},{"not_picked":["Backflip","Escape Plan"],"picked":"Bouncing Flask","floor":3.0},{"not_picked":["Accuracy","Prepared","Underhanded Strike"],"picked":"SKIP","floor":7.0},{"not_picked":["Bane","Cloak And Dagger"],"picked":"Caltrops","floor":10.0},{"not_picked":["Endless Agony","Underhanded Strike"],"picked":"Dagger Throw","floor":11.0},{"not_picked":["Skewer","Outmaneuver"],"picked":"Dash","floor":14.0},{"not_picked":["Doppelganger","Storm of Steel"],"picked":"Night Terror","floor":16.0},{"not_picked":["Deflect+1","Heel Hook","Caltrops"],"picked":"SKIP","floor":18.0},{"not_picked":["Dagger Throw","Underhanded Strike","Poisoned Stab"],"picked":"SKIP","floor":20.0},{"not_picked":["Endless Agony","Dagger Spray","Dagger Throw+1"],"picked":"SKIP","floor":23},{"not_picked":["Finisher","Escape Plan+1"],"picked":"Envenom","floor":28},{"not_picked":["Underhanded Strike","Quick Slash","Dodge and Roll"],"picked":"SKIP","floor":30}],"player_experience":2008706,"relics_obtained":[{"floor":7.0,"key":"Tiny Chest"},{"floor":11.0,"key":"Gremlin Horn"},{"floor":14.0,"key":"Ninja Scroll"},{"floor":22.0,"key":"Mercury Hourglass"},{"floor":23,"key":"Lantern"},{"floor":26,"key":"Incense Burner"},{"floor":28,"key":"Nunchaku"}],"event_choices":[{"damage_healed":0.0,"max_hp_gain":0.0,"max_hp_loss":0.0,"gold_gain":0.0,"cards_transformed":["Strike_G"],"event_name":"Transmorgrifier","player_choice":"Transformed","floor":4.0,"gold_loss":0.0,"damage_taken":0.0,"cards_obtained":["Footwork"]},{"damage_healed":0.0,"max_hp_gain":5.0,"max_hp_loss":0.0,"gold_gain":0.0,"event_name":"Forgotten Altar","player_choice":"Shed Blood","floor":21.0,"gold_loss":0.0,"damage_taken":23.0},{"damage_healed":0,"gold_gain":0,"player_choice":"Bought 3 Potions","damage_taken":0,"max_hp_gain":0,"max_hp_loss":0,"event_name":"The Woman in Blue","floor":29,"gold_loss":0}],"is_beta":true,"boss_relics":[{"not_picked":["Empty Cage","Fusion Hammer"],"picked":"Cursed Key"}],"items_purged_floors":[24],"is_endless":false,"potions_floor_spawned":[7,11,16,30],"killed_by":"Snake Plant","ascension_level":15}