{"gold_per_floor":[116,132,146,146,160,160,170,170,170,125,157,176,201,276,276,353,353,366,384,394,270,283,283,308,308,331,364,381,409,409,444,444,515,515,526,546,557,569,569,599,599,628,699,232,232,257,307,318,318,318,318,318,17,42,42],"floor_reached":56,"playtime":2775,"items_purged":["Strike_R","Strike_R"],"score":2079,"play_id":"71e42a66-50d3-4b95-aae3-f12458a8658a","local_time":"20190214203723","is_ascension_mode":true,"campfire_choices":[{"data":"Bash","floor":6.0,"key":"SMITH"},{"data":"Shrug It Off","floor":8.0,"key":"SMITH"},{"floor":15.0,"key":"REST"},{"floor":23.0,"key":"REST"},{"data":"True Grit","floor":25.0,"key":"SMITH"},{"floor":30.0,"key":"REST"},{"data":"Shockwave","floor":32.0,"key":"SMITH"},{"floor":41.0,"key":"RECALL"},{"floor":45.0,"key":"REST"},{"floor":49,"key":"REST"},{"floor":52,"key":"REST"}],"neow_cost":"NONE","seed_source_timestamp":31066560842890,"circlet_count":0,"master_deck":["AscendersBane","Defend_R","Defend_R","Defend_R+1","Defend_R","Bash+1","Spot Weakness","Shrug It Off+1","Clothesline","Shockwave+1","Iron Wave","Demon Form+1","Feed","Clothesline","Carnage+1","True Grit+1","Flame Barrier+1","Shockwave","Disarm+1","Impervious","Dual Wield+1","Havoc+1","Battle Trance+1","Shrug It Off+1","Feel No Pain+1","Offering","Flame Barrier+1","Feel No Pain+1","Reaper"],"special_seed":0,"relics":["Snecko Eye","Kunai","Frozen Egg 2","Ornamental Fan","Sozu","Dodecahedron","Happy Flower","War Paint","The Courier","Turnip","Astrolabe","Bronze Scales","Dream Catcher","Singing Bowl","Sundial","Oddly Smooth Stone","Bird Faced Urn","Orichalcum","Lantern","Blood Vial"],"potions_floor_usage":[],"damage_taken":[{"damage":1.0,"enemies":"Cultist","floor":1.0,"turns":3.0},{"damage":0.0,"enemies":"2 Louse","floor":2.0,"turns":2.0},{"damage":4.0,"enemies":"Small Slimes","floor":3.0,"turns":5.0},{"damage":5.0,"enemies":"Blue Slaver","floor":5.0,"turns":5.0},{"damage":0.0,"enemies":"Exordium Wildlife","floor":7.0,"turns":3.0},{"damage":0.0,"enemies":"Looter","floor":10.0,"turns":5.0},{"damage":15.0,"enemies":"3 Sentries","floor":11.0,"turns":5.0},{"damage":6.0,"enemies":"3 Louse","floor":12.0,"turns":4.0},{"damage":12.0,"enemies":"Gremlin Nob","floor":13.0,"turns":3.0},{"damage":9.0,"enemies":"The Guardian","floor":16.0,"turns":5.0},{"damage":11.0,"enemies":"2 Thieves","floor":18.0,"turns":4.0},{"damage":11.0,"enemies":"Shell Parasite","floor":19.0,"turns":3.0},{"damage":3.0,"enemies":"Cultist and Chosen","floor":20.0,"turns":4.0},{"damage":14.0,"enemies":"Snecko","floor":22.0,"turns":4.0},{"damage":21.0,"enemies":"Slavers","floor":24.0,"turns":3.0},{"damage":8.0,"enemies":"Book of Stabbing","floor":27.0,"turns":3.0},{"damage":6.0,"enemies":"3 Cultists","floor":28.0,"turns":4.0},{"damage":12.0,"enemies":"Gremlin Leader","floor":29.0,"turns":6.0},{"damage":15.0,"enemies":"Book of Stabbing","floor":31.0,"turns":4.0},{"damage":3.0,"enemies":"Champ","floor":33.0,"turns":11.0},{"damage":0.0,"enemies":"3 Darklings","floor":35.0,"turns":5.0},{"damage":10.0,"enemies":"3 Shapes","floor":36.0,"turns":7.0},{"damage":15.0,"enemies":"Spire Growth","floor":37.0,"turns":6.0},{"damage":0.0,"enemies":"3 Darklings","floor":38.0,"turns":8.0},{"damage":23.0,"enemies":"Reptomancer","floor":40.0,"turns":8.0},{"damage":7.0,"enemies":"Giant Head","floor":42.0,"turns":9.0},{"damage":41.0,"enemies":"Reptomancer","floor":46.0,"turns":7.0},{"damage":34,"enemies":"2 Orb Walkers","floor":47,"turns":7},{"damage":6,"enemies":"Sphere and 2 Shapes","floor":48,"turns":5},{"damage":33,"enemies":"Time Eater","floor":50,"turns":14},{"damage":65,"enemies":"Shield and Spear","floor":54,"turns":9},{"damage":84,"enemies":"The Heart","floor":55,"turns":11}],"seed_played":"1182795816940676159","potions_obtained":[{"floor":1.0,"key":"LiquidBronze"},{"floor":5.0,"key":"SteroidPotion"},{"floor":13.0,"key":"Dexterity Potion"}],"is_trial":false,"path_per_floor":["M","M","M","?","M","R","M","R","T","M","E","M","E","?","R","B",null,"M","M","M","$","M","R","E","R","T","E","M","E","R","E","R","B",null,"M","M","M","M","?","E","R","E","T","$","R","E","?","M","R","B",null,"R","$","E","B",null],"character_chosen":"IRONCLAD","items_purchased":["True Grit","Singing Bowl","Sundial","Feel No Pain+1","Orichalcum","Lantern"],"campfire_rested":6,"item_purchase_floors":[21,44,44,53,53,53],"current_hp_per_floor":[67,67,63,68,63,63,63,63,63,63,48,42,30,19,43,34,69,61,53,53,53,42,69,51,51,51,46,43,34,65,53,53,53,96,99,92,80,83,83,63,63,59,59,59,99,61,32,41,87,61,131,154,154,92,47],"gold":42,"neow_bonus":"BOSS_RELIC","is_prod":false,"is_daily":false,"chose_seed":false,"campfire_upgraded":4,"win_rate":0,"timestamp":1550194643,"path_taken":["M","?","M","?","M","R","M","R","T","M","E","M","E","?","R","BOSS","M","M","M","$","M","R","E","R","T","E","M","E","R","E","R","BOSS","M","M","M","M","?","E","R","E","T","$","R","E","?","M","R","BOSS","R","$","E","BOSS"],"build_version":"2019-02-06","purchased_purges":2,"victory":true,"max_hp_per_floor":[75,75,75,80,80,80,80,80,80,80,80,80,80,80,80,80,80,83,86,89,89,92,92,95,95,95,98,101,104,104,107,107,110,110,113,116,119,122,122,125,125,128,128,128,130,133,138,149,151,154,154,154,154,157,160],"card_choices":[{"not_picked":["Intimidate","Wild Strike"],"picked":"Spot Weakness","floor":1.0},{"not_picked":["Thunderclap","Body Slam","Spot Weakness"],"picked":"SKIP","floor":2.0},{"not_picked":["Heavy Blade","Combust"],"picked":"Shrug It Off","floor":3.0},{"not_picked":["Havoc","Dual Wield","Armaments"],"picked":"SKIP","floor":5.0},{"not_picked":["Havoc","Dual Wield","Armaments"],"picked":"SKIP","floor":5.0},{"not_picked":["Thunderclap","Flex"],"picked":"Twin Strike","floor":7.0},{"not_picked":["Body Slam","Flex"],"picked":"Clothesline","floor":10.0},{"not_picked":["Heavy Blade","Cleave"],"picked":"Shockwave","floor":11.0},{"not_picked":["Flex","Cleave"],"picked":"Iron Wave","floor":12.0},{"not_picked":["Spot Weakness","Uppercut"],"picked":"Demon Form+1","floor":13.0},{"not_picked":["Double Tap","Offering"],"picked":"Feed","floor":16.0},{"not_picked":["Intimidate","Clash"],"picked":"Clothesline","floor":18.0},{"not_picked":["Hemokinesis","Pummel+1"],"picked":"Carnage+1","floor":19.0},{"not_picked":["Sword Boomerang","Havoc+1","Flex"],"picked":"SKIP","floor":20.0},{"not_picked":["Pummel","Iron Wave","Searing Blow"],"picked":"SKIP","floor":22.0},{"not_picked":["Juggernaut+1","Sword Boomerang+1"],"picked":"Flame Barrier","floor":24.0},{"not_picked":["Pommel Strike","Warcry","Heavy Blade"],"picked":"SKIP","floor":27.0},{"not_picked":["Twin Strike","Shockwave","Sentinel"],"picked":"SKIP","floor":28.0},{"not_picked":["Twin Strike","Sentinel"],"picked":"Shockwave","floor":28.0},{"not_picked":["Body Slam","Headbutt","Perfected Strike"],"picked":"SKIP","floor":29.0},{"not_picked":["Pommel Strike","Double Tap"],"picked":"Disarm+1","floor":31.0},{"not_picked":["Exhume","Berserk+1"],"picked":"Impervious","floor":33.0},{"not_picked":["Entrench","Headbutt"],"picked":"Shrug It Off+1","floor":35.0},{"not_picked":["Pommel Strike","Reckless Charge","Anger"],"picked":"SKIP","floor":36.0},{"not_picked":["Blood for Blood+1","Cleave","Power Through"],"picked":"SKIP","floor":37.0},{"not_picked":["Heavy Blade","Hemokinesis","Clash"],"picked":"SKIP","floor":38.0},{"not_picked":["Warcry","Clothesline+1"],"picked":"Feel No Pain+1","floor":40.0},{"not_picked":["Flex+1","Headbutt","Wild Strike"],"picked":"SKIP","floor":42.0},{"not_picked":["Bloodletting+1","Havoc","Anger"],"picked":"Singing Bowl","floor":45.0},{"not_picked":["Body Slam","Searing Blow"],"picked":"Offering","floor":46.0},{"not_picked":["Clash","Intimidate","Infernal Blade"],"picked":"Singing Bowl","floor":47},{"not_picked":["Clothesline+1","Armaments","Shrug It Off"],"picked":"Singing Bowl","floor":48},{"not_picked":["Wild Strike","Headbutt+1","True Grit"],"picked":"Singing Bowl","floor":49},{"not_picked":["Thunderclap","Reckless Charge"],"picked":"Flame Barrier+1","floor":52},{"not_picked":["Flex+1","Perfected Strike"],"picked":"Reaper","floor":54}],"player_experience":1964179,"relics_obtained":[{"floor":9.0,"key":"Kunai"},{"floor":11.0,"key":"Frozen Egg 2"},{"floor":13.0,"key":"Ornamental Fan"},{"floor":24.0,"key":"Dodecahedron"},{"floor":26.0,"key":"Happy Flower"},{"floor":27.0,"key":"War Paint"},{"floor":29.0,"key":"The Courier"},{"floor":31.0,"key":"Turnip"},{"floor":40.0,"key":"Bronze Scales"},{"floor":42.0,"key":"Dream Catcher"},{"floor":46.0,"key":"Oddly Smooth Stone"},{"floor":47,"key":"Bird Faced Urn"},{"floor":54,"key":"Blood Vial"}],"event_choices":[{"damage_healed":0.0,"max_hp_gain":5.0,"max_hp_loss":0.0,"gold_gain":0.0,"event_name":"Big Fish","player_choice":"Donut","floor":4.0,"gold_loss":0.0,"damage_taken":0.0},{"damage_healed":0.0,"max_hp_gain":0.0,"max_hp_loss":0.0,"gold_gain":75.0,"event_name":"World of Goop","player_choice":"Gather Gold","floor":14.0,"gold_loss":0.0,"damage_taken":11.0},{"cards_removed":["Twin Strike"],"damage_healed":0.0,"max_hp_gain":0.0,"max_hp_loss":0.0,"gold_gain":0.0,"event_name":"Falling","player_choice":"Removed Attack","floor":39.0,"gold_loss":0.0,"damage_taken":0.0},{"damage_healed":0,"gold_gain":0,"player_choice":"Fight","damage_taken":0,"max_hp_gain":0,"max_hp_loss":0,"event_name":"Mysterious Sphere","floor":47,"gold_loss":0}],"is_beta":true,"boss_relics":[{"not_picked":["Tiny House","Ectoplasm"],"picked":"Sozu"},{"not_picked":["Calling Bell","Coffee Dripper"],"picked":"Astrolabe"}],"items_purged_floors":[21,44],"is_endless":false,"potions_floor_spawned":[1,5,7,12,13,18,24,27,28,31,38,42,47,48,54],"ascension_level":15}