{"path_per_floor":["M","M","?","M","?","E","R","E","T","R","E","$","E","$","R","B",null,"M","$","M","?","?","R","M","R","T","M","M","?","M","M","R","B",null,"M","M","M","$","M","R"],"character_chosen":"IRONCLAD","items_purchased":["Metallicize","Whirlwind","Flex","Battle Trance","Seeing Red","Exhume","Meat on the Bone"],"gold_per_floor":[116,129,129,146,146,172,172,206,282,282,307,15,40,40,40,144,144,161,127,145,145,145,145,160,160,184,201,220,135,150,169,169,265,265,285,297,316,3,17,17],"floor_reached":41,"campfire_rested":4,"playtime":2421,"current_hp_per_floor":[62,63,63,68,68,58,58,11,11,35,26,26,10,10,34,7,62,45,45,33,33,33,33,22,46,46,33,21,21,21,17,41,15,64,58,32,46,46,27,27],"items_purged":["Defend_R"],"gold":17,"score":541,"play_id":"94d0cbc0-2ba2-4e32-a464-3294fabc627c","is_prod":false,"is_daily":false,"is_ascension_mode":true,"campfire_upgraded":3,"path_taken":["M","?","?","M","?","E","R","E","T","R","E","?","E","$","R","BOSS","M","$","M","?","?","R","M","R","T","M","?","?","M","M","R","BOSS","M","M","M","$","M","R","M"],"build_version":"2018-02-12-PROD1","purchased_purges":1,"victory":false,"master_deck":["Strike_R","Defend_R","Defend_R","Defend_R","Bash","Armaments+1","Heavy Blade","Bloodletting","Flex","Pommel Strike","Metallicize","Whirlwind+1","Flex","Battle Trance","Thunderclap","Limit Break","Ghostly Armor","Seeing Red+1","Iron Wave","Inflame","Flex+1","Berserk","Seeing Red+1","Pummel+1","Dark Embrace+1","Exhume+1","Armaments+1"],"max_hp_per_floor":[80,80,80,80,80,80,80,80,80,80,80,80,80,80,80,80,80,80,80,80,80,80,80,80,80,80,80,80,80,80,80,80,80,80,80,80,80,80,80,80],"relics":["Burning Blood","Dodecahedron","Mercury Hourglass","Blue Candle","Ice Cream","Letter Opener","Lizard Tail","Bronze Scales","Peace Pipe","Astrolabe","Meat on the Bone"],"card_choices":[{"not_picked":["Flex","Sword Boomerang"],"picked":"Armaments"},{"not_picked":["True Grit","Intimidate"],"picked":"Heavy Blade"},{"not_picked":["Clothesline","Second Wind"],"picked":"Bloodletting"},{"not_picked":["Uppercut","Demon Form"],"picked":"Flex"},{"not_picked":["Rupture","Headbutt"],"picked":"Pommel Strike"},{"not_picked":["Wild Strike","Carnage"],"picked":"Thunderclap"},{"not_picked":["Fiend Fire","Demon Form"],"picked":"Limit Break"},{"not_picked":["Heavy Blade","Clothesline"],"picked":"Ghostly Armor"},{"not_picked":["Sever Soul","Havoc"],"picked":"Iron Wave"},{"not_picked":["Infernal Blade","Cleave"],"picked":"Inflame"},{"not_picked":["Seeing Red","Headbutt"],"picked":"Flex"},{"not_picked":["Juggernaut","Brutality"],"picked":"Berserk"},{"not_picked":["Twin Strike","Flex"],"picked":"Armaments"}],"player_experience":156127,"potions_floor_usage":[6,6,8,16,16,18,31,33,33],"damage_taken":[{"damage":16,"enemies":"Blue Slaver","floor":1,"turns":5},{"damage":5,"enemies":"2 Louse","floor":2,"turns":4},{"damage":1,"enemies":"Cultist","floor":4,"turns":3},{"damage":16,"enemies":"Gremlin Nob","floor":6,"turns":3},{"damage":53,"enemies":"Lagavulin","floor":8,"turns":7},{"damage":15,"enemies":"3 Sentries","floor":11,"turns":7},{"damage":22,"enemies":"Gremlin Nob","floor":13,"turns":3},{"damage":33,"enemies":"Slime Boss","floor":16,"turns":7},{"damage":23,"enemies":"2 Thieves","floor":18,"turns":3},{"damage":18,"enemies":"Spheric Guardian","floor":20,"turns":4},{"damage":17,"enemies":"Slaver and Parasite","floor":24,"turns":3},{"damage":19,"enemies":"Snake Plant","floor":27,"turns":2},{"damage":18,"enemies":"Centurion and Healer","floor":28,"turns":5},{"damage":6,"enemies":"Sentry and Sphere","floor":30,"turns":3},{"damage":10,"enemies":"Snake Plant","floor":31,"turns":2},{"damage":32,"enemies":"Collector","floor":33,"turns":9},{"damage":12,"enemies":"3 Shapes","floor":35,"turns":4},{"damage":32,"enemies":"Orb Walker","floor":36,"turns":4},{"damage":39,"enemies":"3 Darklings","floor":37,"turns":4},{"damage":37,"enemies":"4 Shapes","floor":39,"turns":7},{"damage":27,"enemies":"Maw","floor":41,"turns":2}],"event_choices":[{"event_name":"Purifier","player_choice":"One Purge","floor":3,"damage_taken":0},{"event_name":"The Lab","player_choice":"Got Potions","floor":5,"damage_taken":0},{"event_name":"Vampires","player_choice":"Ignored","floor":21,"damage_taken":0},{"event_name":"Upgrade Shrine","player_choice":"Upgraded","floor":22,"damage_taken":0},{"event_name":"Addict","player_choice":"Obtained Relic","floor":29,"damage_taken":0}],"boss_relics":[{"not_picked":["Philosopher\u0027s Stone","Eternal Feather"],"picked":"Lizard Tail"},{"not_picked":["Mark of Pain","Snecko Eye"],"picked":"Astrolabe"}],"potions_floor_spawned":[2,8,13,16,27,30,31,36],"seed_played":"4184192867266019633","killed_by":"Maw","ascension_level":9,"is_trial":false}