{"path_per_floor":["M","?","T","M","M","E","?","M","T","?","M","$","?","M","R"],"character_chosen":"THE_SILENT","items_purchased":["Dodge and Roll","Ninja Scroll","Poisoned Stab"],"gold_per_floor":[109,109,109,128,144,176,176,190,243,418,438,44,44,65,65],"floor_reached":16,"campfire_rested":1,"playtime":1183,"current_hp_per_floor":[78,78,78,75,70,21,21,12,12,12,5,5,5,5,30],"items_purged":["Doubt"],"gold":65,"score":106,"play_id":"670cb19f-b9df-4b86-8236-18138f038f36","is_prod":false,"is_daily":false,"is_ascension_mode":true,"campfire_upgraded":0,"path_taken":["M","?","?","M","?","E","?","M","T","?","M","?","?","?","R","BOSS"],"build_version":"2018-02-12-PROD1","purchased_purges":1,"victory":false,"master_deck":["Defend_G","Defend_G+1","Defend_G","Defend_G+1","Defend_G","Strike_G","Strike_G","Strike_G","Strike_G","Strike_G","Survivor","Neutralize","Poisoned Stab","Acrobatics","After Image","Outmaneuver","Deadly Poison","Dodge and Roll","Poisoned Stab","Backflip"],"max_hp_per_floor":[84,84,84,84,84,84,84,84,84,84,84,84,84,84,84],"relics":["Ring of the Snake","War Paint","Snake Skull","Golden Idol","Anchor","Ninja Scroll","Spirit Poop"],"card_choices":[{"not_picked":["Prepared","Underhanded Strike"],"picked":"Poisoned Stab"},{"not_picked":["Quick Slash","Leg Sweep"],"picked":"Acrobatics"},{"not_picked":["Flying Knee","Eviscerate"],"picked":"After Image"},{"not_picked":["Flying Knee","Dagger Spray"],"picked":"Outmaneuver"},{"not_picked":["Leg Sweep","Infinite Blades"],"picked":"Deadly Poison"},{"not_picked":["Infinite Blades","Slice"],"picked":"Backflip"}],"player_experience":153173,"potions_floor_usage":[16,16],"damage_taken":[{"damage":6,"enemies":"Cultist","floor":1,"turns":5},{"damage":3,"enemies":"Small Slimes","floor":4,"turns":3},{"damage":5,"enemies":"Blue Slaver","floor":5,"turns":4},{"damage":49,"enemies":"Lagavulin","floor":6,"turns":9},{"damage":9,"enemies":"3 Louse","floor":8,"turns":5},{"damage":7,"enemies":"Lots of Slimes","floor":11,"turns":8},{"damage":0,"enemies":"Large Slime","floor":14,"turns":5},{"damage":35,"enemies":"Slime Boss","floor":16,"turns":11}],"event_choices":[{"event_name":"Living Wall","player_choice":"Forget","floor":2,"damage_taken":0},{"event_name":"Golden Idol","player_choice":"Take Wound","floor":7,"damage_taken":0},{"event_name":"Liars Game","player_choice":"agreed","floor":10,"damage_taken":0},{"event_name":"Bonfire Elementals","player_choice":"CURSE","floor":13,"damage_taken":0}],"boss_relics":[],"potions_floor_spawned":[6,8],"seed_played":"-4253049143514553097","killed_by":"Slime Boss","ascension_level":1,"is_trial":false}