{"path_per_floor":["M","?","?","T","M","R","E","R","T","M","?","$","M","M","R","B",null,"M","M","M","M","$","R","E","?","T","M","?","E","R","E","R"],"character_chosen":"IRONCLAD","items_purchased":["Whirlwind","Letter Opener","Secret Technique"],"gold_per_floor":[119,119,119,170,190,190,229,229,229,248,323,1,22,37,37,156,156,171,185,199,213,24,24,58,58,58,79,39,72,72,113,113],"floor_reached":33,"campfire_rested":2,"playtime":2763,"current_hp_per_floor":[80,73,53,53,54,54,8,32,46,63,52,52,57,63,63,65,94,75,57,38,23,23,51,45,45,45,59,59,42,42,44,44],"items_purged":[],"gold":113,"play_id":"13f0a6dc-9c0d-4840-bc6b-29047eba62ab","is_prod":false,"is_daily":false,"is_ascension_mode":false,"campfire_upgraded":4,"path_taken":["M","?","?","?","M","R","E","R","T","M","?","$","M","M","R","BOSS","M","M","M","M","$","R","E","?","T","M","?","E","R","E","R","BOSS"],"build_version":"2018-01-25-PROD3","purchased_purges":0,"victory":false,"master_deck":["Strike_R","Strike_R","Strike_R","Strike_R","Strike_R","Defend_R","Defend_R","Defend_R","Defend_R","Bash","Spot Weakness","Flame Barrier+1","Infernal Blade+1","Shrug It Off","Whirlwind","Bloodletting","Limit Break+1","Pommel Strike","Shrug It Off","Battle Trance+1","Thunderclap","Secret Technique","Bloodletting","Cleave+1","Body Slam+1","Heavy Blade+1"],"max_hp_per_floor":[80,80,80,80,80,80,80,80,94,94,94,94,94,94,94,94,94,94,94,94,94,94,94,94,94,94,94,94,94,94,94,94],"relics":["Burning Blood","Pantograph","Golden Idol","Pen Nib","Meat on the Bone","Mango","Letter Opener","Black Star","Blood Vial","Omamori","Anchor","Mummified Hand","Dodecahedron","Orichalcum","Juzu Bracelet"],"card_choices":[{"not_picked":["Heavy Blade","Corruption"],"picked":"Spot Weakness"},{"not_picked":["Armaments","Disarm"],"picked":"Flame Barrier"},{"not_picked":["Metallicize","Clothesline"],"picked":"Infernal Blade"},{"not_picked":["Perfected Strike","Clothesline"],"picked":"Shrug It Off"},{"not_picked":["Bludgeon","Clothesline"],"picked":"Bloodletting"},{"not_picked":["Brutality","Barricade"],"picked":"Limit Break"},{"not_picked":["Feel No Pain","True Grit"],"picked":"Pommel Strike"},{"not_picked":["Fire Breathing","Anger"],"picked":"Shrug It Off"},{"not_picked":["Clash","Headbutt"],"picked":"Battle Trance"},{"not_picked":["Cleave","Pummel"],"picked":"Thunderclap"},{"not_picked":["Cleave","Burning Pact"],"picked":"Bloodletting"},{"not_picked":["Armaments","Reaper"],"picked":"Cleave"},{"not_picked":["Cleave","Clash"],"picked":"Body Slam"},{"not_picked":["Clothesline","Battle Trance"],"picked":"Heavy Blade"}],"player_experience":22245,"potions_floor_usage":[29,33,33],"damage_taken":[{"damage":2,"enemies":"2 Louse","floor":1,"turns":4},{"damage":5,"enemies":"Jaw Worm","floor":5,"turns":5},{"damage":52,"enemies":"Gremlin Nob","floor":7,"turns":6},{"damage":1,"enemies":"Cultist","floor":10,"turns":3},{"damage":1,"enemies":"3 Louse","floor":13,"turns":4},{"damage":0,"enemies":"Exordium Wildlife","floor":14,"turns":4},{"damage":29,"enemies":"Slime Boss","floor":16,"turns":11},{"damage":25,"enemies":"Spheric Guardian","floor":18,"turns":4},{"damage":24,"enemies":"Chosen","floor":19,"turns":7},{"damage":37,"enemies":"Centurion and Healer","floor":20,"turns":8},{"damage":33,"enemies":"Sentry and Sphere","floor":21,"turns":7},{"damage":24,"enemies":"Gremlin Leader","floor":24,"turns":6},{"damage":6,"enemies":"Snake Plant","floor":27,"turns":4},{"damage":37,"enemies":"Book of Stabbing","floor":29,"turns":6},{"damage":18,"enemies":"Slavers","floor":31,"turns":3},{"damage":79,"enemies":"Collector","floor":33,"turns":7}],"event_choices":[{"event_name":"Scrap Ooze","player_choice":"success","floor":2,"damage_taken":7},{"event_name":"Golden Idol","player_choice":"Take Damage","floor":3,"damage_taken":0},{"event_name":"World of Goop","player_choice":"Gather Gold","floor":11,"damage_taken":0},{"event_name":"Drug Dealer","player_choice":"Ignored","floor":25,"damage_taken":0},{"event_name":"The Woman in Blue","player_choice":"Bought 3 Potions","floor":28,"damage_taken":0}],"boss_relics":[{"not_picked":["Mark of Pain","Astrolabe"],"picked":"Black Star"}],"potions_floor_spawned":[5,10,13,18,19,24],"seed_played":"5536474320470659275","killed_by":"Collector","ascension_level":0,"is_trial":false}