{"gold_per_floor":[117,117,127,141,141,173,173,200,247,247],"floor_reached":10,"playtime":248,"items_purged":[],"score":133,"play_id":"62bdf211-5d77-46e3-b32e-143975958fc7","local_time":"20190123110247","is_ascension_mode":true,"campfire_choices":[{"data":"Defragment","floor":7.0,"key":"SMITH"}],"neow_cost":"NONE","seed_source_timestamp":1216622767965054,"circlet_count":0,"master_deck":["AscendersBane","Strike_B","Strike_B","Strike_B","Strike_B","Defend_B","Defend_B","Defend_B","Defend_B","Zap","Dualcast","Steam","Defragment+1","Sweeping Beam","Compile Driver"],"special_seed":0,"relics":["Cracked Core","Strawberry","The Courier","Anchor","Oddly Smooth Stone"],"potions_floor_usage":[10],"damage_taken":[{"damage":11.0,"enemies":"Small Slimes","floor":1.0,"turns":4.0},{"damage":1.0,"enemies":"Cultist","floor":3.0,"turns":4.0},{"damage":0.0,"enemies":"2 Louse","floor":4.0,"turns":3.0},{"damage":5.0,"enemies":"3 Sentries","floor":6.0,"turns":3.0},{"damage":33.0,"enemies":"Gremlin Nob","floor":8.0,"turns":4.0},{"damage":29,"enemies":"3 Sentries","floor":10,"turns":6}],"seed_played":"-2903031879665328093","potions_obtained":[{"floor":1.0,"key":"PowerPotion"},{"floor":2.0,"key":"Fruit Juice"},{"floor":2.0,"key":"AttackPotion"},{"floor":6.0,"key":"Ancient Potion"},{"floor":8.0,"key":"PowerPotion"}],"is_trial":false,"path_per_floor":["?"],"character_chosen":"DEFECT","items_purchased":[],"campfire_rested":0,"item_purchase_floors":[],"current_hp_per_floor":[60,65,64,64,64,59,59,26,26,0],"gold":247,"neow_bonus":"RANDOM_COMMON_RELIC","is_prod":false,"is_daily":false,"chose_seed":false,"campfire_upgraded":1,"win_rate":0,"timestamp":1548259367,"path_taken":["M","?","M","M","$","E","R","E","T","E"],"build_version":"2019-01-22","purchased_purges":0,"victory":false,"max_hp_per_floor":[78,83,83,83,83,83,83,83,83,83],"card_choices":[{"not_picked":["Scrape","Leap"],"picked":"Steam","floor":1.0},{"not_picked":["Coolheaded","Capacitor"],"picked":"Defragment","floor":3.0},{"not_picked":["Barrage","Aggregate"],"picked":"Sweeping Beam","floor":4.0},{"not_picked":["Amplify","Heatsinks"],"picked":"Compile Driver","floor":6.0},{"not_picked":["Blizzard","Steam","Rebound"],"picked":"SKIP","floor":8.0}],"player_experience":1872052,"relics_obtained":[{"floor":6.0,"key":"The Courier"},{"floor":8.0,"key":"Anchor"},{"floor":9.0,"key":"Oddly Smooth Stone"}],"event_choices":[{"damage_healed":0.0,"max_hp_gain":0.0,"max_hp_loss":0.0,"gold_gain":0.0,"event_name":"Lab","player_choice":"Got Potions","floor":2.0,"gold_loss":0.0,"damage_taken":0.0}],"is_beta":true,"boss_relics":[],"items_purged_floors":[],"is_endless":false,"potions_floor_spawned":[1,4,6,8],"killed_by":"3 Sentries","ascension_level":15}