{"gold_per_floor":[118,293,293,34,44,71,83,83,154,2,14,29,43,53,53,150,150,170,180,200,213,213,213,227,227,227,238,238,272,287,287,287,388,388,404,454,454,454,468,468,491,491,515,531,531,543,543,561,561,561],"floor_reached":50,"playtime":3571,"items_purged":[],"score":495,"play_id":"e8f91557-376a-4754-ac17-925d79e61c8a","local_time":"20190314180310","is_ascension_mode":false,"campfire_choices":[{"data":"Power Through","floor":8.0,"key":"SMITH"},{"data":"Flex","floor":15.0,"key":"SMITH"},{"data":"Barricade","floor":23.0,"key":"SMITH"},{"floor":25.0,"key":"REST"},{"floor":32.0,"key":"REST"},{"data":"1","floor":40.0,"key":"LIFT"},{"data":"2","floor":42.0,"key":"LIFT"},{"data":"3","floor":45.0,"key":"LIFT"},{"data":"Flame Barrier","floor":47.0,"key":"SMITH"},{"data":"Inflame","floor":49.0,"key":"SMITH"}],"neow_cost":"NONE","seed_source_timestamp":2064634783532,"circlet_count":0,"master_deck":["Strike_R","Strike_R","Strike_R","Strike_R","Strike_R","Defend_R","Defend_R","Defend_R","Defend_R","Bash","Anger","Anger","Shrug It Off","Power Through+1","Flex+1","Inflame+1","Thunderclap","Flame Barrier+1","Barricade+1","Shrug It Off+1","Inflame+1","Pommel Strike+1","Flex","Feed","Cleave+1","Battle Trance","RitualDagger","Flame Barrier","Dual Wield","Reaper","Rampage+1","Writhe","Twin Strike+1","Parasite"],"special_seed":0,"relics":["Burning Blood","NeowsBlessing","Gremlin Horn","Orichalcum","Letter Opener","Bag of Marbles","Eternal Feather","Mercury Hourglass","Girya","Mark of Pain","Torii","Red Skull","Bag of Preparation"],"potions_floor_usage":[50,50],"damage_taken":[{"damage":0.0,"enemies":"Jaw Worm","floor":1.0,"turns":1.0},{"damage":0.0,"enemies":"Cultist","floor":5.0,"turns":1.0},{"damage":0.0,"enemies":"3 Sentries","floor":6.0,"turns":1.0},{"damage":5.0,"enemies":"Small Slimes","floor":7.0,"turns":2.0},{"damage":7.0,"enemies":"Exordium Thugs","floor":11.0,"turns":4.0},{"damage":4.0,"enemies":"Blue Slaver","floor":12.0,"turns":2.0},{"damage":9.0,"enemies":"Looter","floor":13.0,"turns":3.0},{"damage":0.0,"enemies":"Exordium Thugs","floor":14.0,"turns":3.0},{"damage":7.0,"enemies":"Slime Boss","floor":16.0,"turns":11.0},{"damage":4.0,"enemies":"3 Byrds","floor":18.0,"turns":5.0},{"damage":20.0,"enemies":"Spheric Guardian","floor":19.0,"turns":5.0},{"damage":32.0,"enemies":"Cultist and Chosen","floor":20.0,"turns":7.0},{"damage":20.0,"enemies":"Snake Plant","floor":21.0,"turns":5.0},{"damage":24.0,"enemies":"Snecko","floor":24.0,"turns":9.0},{"damage":15.0,"enemies":"Shelled Parasite and Fungi","floor":27.0,"turns":5.0},{"damage":44.0,"enemies":"Book of Stabbing","floor":29.0,"turns":8.0},{"damage":11.0,"enemies":"Sentry and Sphere","floor":30.0,"turns":4.0},{"damage":45.0,"enemies":"Champ","floor":33.0,"turns":16.0},{"damage":12.0,"enemies":"Orb Walker","floor":35.0,"turns":4.0},{"damage":62.0,"enemies":"2 Orb Walkers","floor":36.0,"turns":7.0},{"damage":0.0,"enemies":"3 Darklings","floor":38.0,"turns":2.0},{"damage":10.0,"enemies":"Sphere and 2 Shapes","floor":39.0,"turns":5.0},{"damage":9.0,"enemies":"Transient","floor":44.0,"turns":5.0},{"damage":30.0,"enemies":"Writhing Mass","floor":46.0,"turns":6.0},{"damage":0.0,"enemies":"3 Darklings","floor":48.0,"turns":2.0},{"damage":100,"enemies":"Time Eater","floor":50,"turns":10}],"seed_played":"4330372112037526971","potions_obtained":[{"floor":7.0,"key":"Poison Potion"},{"floor":11.0,"key":"GamblersBrew"},{"floor":12.0,"key":"SkillPotion"},{"floor":14.0,"key":"EntropicBrew"},{"floor":18.0,"key":"Regen Potion"},{"floor":21.0,"key":"SpeedPotion"},{"floor":27.0,"key":"Strength Potion"},{"floor":35.0,"key":"Weak Potion"},{"floor":36.0,"key":"SmokeBomb"},{"floor":44.0,"key":"Poison Potion"},{"floor":46.0,"key":"Strength Potion"}],"is_trial":false,"path_per_floor":["?","?","$","M","?","?","M","?","?","?","T","M"],"character_chosen":"IRONCLAD","items_purchased":["Gremlin Horn","Bag of Marbles"],"campfire_rested":2,"item_purchase_floors":[4,10],"current_hp_per_floor":[80,80,73,73,79,80,80,80,80,80,79,80,77,80,80,79,80,80,66,53,39,39,51,36,75,75,66,60,22,17,8,47,8,83,77,28,49,55,74,86,86,86,86,83,86,77,86,86,86,0],"gold":561,"neow_bonus":"THREE_ENEMY_KILL","is_prod":false,"is_daily":false,"chose_seed":false,"campfire_upgraded":5,"win_rate":0.0,"timestamp":1552582990,"path_taken":["M","?","?","?","M","E","M","R","T","$","?","M","M","M","R","BOSS","M","M","M","M","?","R","M","R","T","M","?","E","?","?","R","BOSS","M","?","?","M","M","R","?","R","T","M","R","?","R","M","R","BOSS"],"build_version":"2019-01-23","purchased_purges":0,"victory":false,"max_hp_per_floor":[80,80,80,80,80,80,80,80,80,80,80,80,80,80,80,80,80,80,80,80,80,80,80,83,83,83,83,83,83,83,83,83,83,83,83,83,83,83,86,86,86,86,86,86,86,86,86,86,86,86],"card_choices":[{"not_picked":["Clash","Entrench"],"picked":"Anger","floor":1.0},{"not_picked":["Flex","Feel No Pain"],"picked":"Anger","floor":5.0},{"not_picked":["Clothesline","Armaments"],"picked":"Shrug It Off","floor":6.0},{"not_picked":["Body Slam","Perfected Strike"],"picked":"Power Through","floor":7.0},{"not_picked":["Blood for Blood","Havoc"],"picked":"Flex","floor":11.0},{"not_picked":["Hemokinesis","Fire Breathing"],"picked":"Inflame","floor":12.0},{"not_picked":["Searing Blow","Inflame"],"picked":"Thunderclap","floor":13.0},{"not_picked":["Warcry","Fiend Fire"],"picked":"Flame Barrier","floor":14.0},{"not_picked":["Offering","Juggernaut"],"picked":"Barricade","floor":16.0},{"not_picked":["Warcry","Headbutt"],"picked":"Shrug It Off+1","floor":18.0},{"not_picked":["Pommel Strike","Thunderclap"],"picked":"Inflame+1","floor":19.0},{"not_picked":["Carnage","True Grit"],"picked":"Pommel Strike+1","floor":20.0},{"not_picked":["Twin Strike","Body Slam+1"],"picked":"Flex","floor":21.0},{"not_picked":["Seeing Red","Havoc+1"],"picked":"Cleave+1","floor":24.0},{"not_picked":["Pummel","Headbutt"],"picked":"Battle Trance","floor":27.0},{"not_picked":["Anger","Wild Strike+1"],"picked":"Flame Barrier","floor":29.0},{"not_picked":["Clash+1","Flex"],"picked":"Dual Wield","floor":30.0},{"not_picked":["Demon Form","Exhume"],"picked":"Reaper","floor":33.0},{"not_picked":["Anger+1","Bloodletting"],"picked":"Rampage+1","floor":35.0},{"not_picked":["Sword Boomerang+1","Corruption+1","Shrug It Off+1"],"picked":"SKIP","floor":39.0},{"not_picked":["Armaments+1","Warcry+1"],"picked":"Twin Strike+1","floor":44.0},{"not_picked":["Blood for Blood","Armaments+1","Battle Trance"],"picked":"SKIP","floor":46.0},{"not_picked":["Hemokinesis","Shrug It Off","Thunderclap"],"picked":"SKIP","floor":48.0}],"player_experience":70929,"relics_obtained":[{"floor":6.0,"key":"Orichalcum"},{"floor":9.0,"key":"Letter Opener"},{"floor":26.0,"key":"Mercury Hourglass"},{"floor":29.0,"key":"Girya"},{"floor":36.0,"key":"Torii"},{"floor":41.0,"key":"Red Skull"},{"floor":43.0,"key":"Bag of Preparation"}],"event_choices":[{"damage_healed":0.0,"max_hp_gain":0.0,"max_hp_loss":0.0,"gold_gain":175.0,"event_name":"Liars Game","player_choice":"AGREE","floor":2.0,"gold_loss":0.0,"damage_taken":0.0,"cards_obtained":["Doubt"]},{"cards_removed":["Doubt"],"damage_healed":0.0,"max_hp_gain":0.0,"max_hp_loss":0.0,"gold_gain":0.0,"event_name":"Golden Wing","player_choice":"Card Removal","floor":3.0,"gold_loss":0.0,"damage_taken":7.0},{"damage_healed":0.0,"max_hp_gain":0.0,"max_hp_loss":0.0,"gold_gain":0.0,"event_name":"The Library","player_choice":"Read","floor":22.0,"gold_loss":0.0,"damage_taken":0.0,"cards_obtained":["Feed"]},{"damage_healed":0.0,"max_hp_gain":0.0,"max_hp_loss":0.0,"gold_gain":0.0,"event_name":"Nest","player_choice":"Joined the Cult","floor":28.0,"gold_loss":0.0,"damage_taken":6.0,"cards_obtained":["RitualDagger"]},{"damage_healed":0.0,"max_hp_gain":0.0,"max_hp_loss":0.0,"gold_gain":0.0,"event_name":"Cursed Tome","player_choice":"Stopped","floor":31.0,"gold_loss":0.0,"damage_taken":9.0},{"damage_healed":0.0,"max_hp_gain":0.0,"max_hp_loss":0.0,"gold_gain":0.0,"event_name":"Mysterious Sphere","player_choice":"Fight","floor":36.0,"gold_loss":0.0,"damage_taken":0.0},{"damage_healed":21.0,"max_hp_gain":0.0,"max_hp_loss":0.0,"gold_gain":0.0,"event_name":"Winding Halls","player_choice":"Writhe","floor":37.0,"gold_loss":0.0,"damage_taken":0.0,"cards_obtained":["Writhe"]}],"is_beta":false,"boss_relics":[{"not_picked":["Sozu","Empty Cage"],"picked":"Eternal Feather"},{"not_picked":["Black Star","Calling Bell"],"picked":"Mark of Pain"}],"items_purged_floors":[],"is_endless":false,"potions_floor_spawned":[7,11,12,14,18,21,27,35,36,44,46],"killed_by":"Time Eater","ascension_level":0}