{"gold_per_floor":[10,10,27,99,109,141,159,159,159,159,172,9,21,21,21,121,121,136,151,164,164,180,212,212,230,230,57,69,83,83,83,83,83],"floor_reached":33,"playtime":2308,"items_purged":[],"score":271,"play_id":"8d04665e-71e8-4169-beb2-c8914f881bb0","local_time":"20190314114618","is_ascension_mode":false,"campfire_choices":[{"floor":10,"key":"REST"},{"floor":15,"key":"REST"},{"floor":24,"key":"REST"},{"floor":32,"key":"REST"}],"neow_cost":"NO_GOLD","seed_source_timestamp":58848049727133,"circlet_count":0,"master_deck":["Strike_B","Strike_B","Strike_B","Defend_B","Defend_B","Defend_B","Defend_B","Zap","Dualcast","Electrodynamics+1","Streamline","FTL+1","Melter","Darkness+1","Ball Lightning","Doom and Gloom+1","Defragment","Chaos+1","Go for the Eyes","Redo+1","Darkness+1","Creative AI","Storm","Melter","Self Repair","Go for the Eyes","Self Repair","Coolheaded+1","Rebound","Rainbow+1","Sunder","Heatsinks+1","Decay"],"relics":["Cracked Core","Toxic Egg 2","Matryoshka","Nuclear Battery","Whetstone","Orichalcum","Question Card"],"potions_floor_usage":[6,16,23,23,23,28,29],"damage_taken":[{"damage":0,"enemies":"Small Slimes","floor":1,"turns":2},{"damage":13,"enemies":"2 Louse","floor":3,"turns":2},{"damage":6,"enemies":"Cultist","floor":5,"turns":3},{"damage":9,"enemies":"3 Sentries","floor":6,"turns":2},{"damage":13,"enemies":"Exordium Wildlife","floor":7,"turns":2},{"damage":13,"enemies":"Red Slaver","floor":11,"turns":2},{"damage":2,"enemies":"Looter","floor":13,"turns":2},{"damage":29,"enemies":"The Guardian","floor":16,"turns":5},{"damage":5,"enemies":"3 Byrds","floor":18,"turns":2},{"damage":7,"enemies":"Spheric Guardian","floor":19,"turns":3},{"damage":3,"enemies":"3 Cultists","floor":20,"turns":4},{"damage":4,"enemies":"Sentry and Sphere","floor":22,"turns":3},{"damage":55,"enemies":"Gremlin Leader","floor":23,"turns":5},{"damage":25,"enemies":"Snecko","floor":25,"turns":4},{"damage":8,"enemies":"Snake Plant","floor":28,"turns":3},{"damage":9,"enemies":"Centurion and Healer","floor":29,"turns":4},{"damage":58,"enemies":"Collector","floor":33,"turns":5}],"seed_played":"-1001160702242539672","potions_obtained":[{"floor":3,"key":"AttackPotion"},{"floor":7,"key":"Strength Potion"},{"floor":11,"key":"SteroidPotion"},{"floor":13,"key":"PowerPotion"},{"floor":19,"key":"Dexterity Potion"},{"floor":21,"key":"Dexterity Potion"},{"floor":25,"key":"EssenceOfSteel"},{"floor":28,"key":"Poison Potion"}],"is_trial":false,"path_per_floor":["M","?","M","?","M","E","M","?","T","R","M","$","M","?","R","B",null,"M","M","M","?","M","E","R","M","T","$","M","M","?","?","R","B"],"character_chosen":"DEFECT","items_purchased":["Defragment","Chaos+1","Go for the Eyes","Rebound","Rainbow+1"],"campfire_rested":4,"item_purchase_floors":[12,12,12,27,27],"current_hp_per_floor":[75,75,62,62,56,47,34,34,34,56,43,43,41,41,63,34,75,70,63,60,60,56,8,30,19,19,19,11,9,9,34,56,0],"gold":83,"neow_bonus":"THREE_RARE_CARDS","is_prod":false,"is_daily":false,"chose_seed":false,"campfire_upgraded":0,"win_rate":0.0,"timestamp":1552589178,"path_taken":["M","?","M","?","M","E","M","?","T","R","M","$","M","?","R","BOSS","M","M","?","?","M","E","R","?","T","$","M","M","?","?","R","BOSS"],"build_version":"2019-01-23","purchased_purges":0,"victory":false,"max_hp_per_floor":[75,75,75,75,75,75,75,75,75,75,75,75,75,75,75,75,75,75,75,75,75,75,75,75,75,75,75,75,75,75,75,75,75],"card_choices":[{"not_picked":["All For One","Echo Form"],"picked":"Electrodynamics","floor":0},{"not_picked":["Conserve Battery","Gash"],"picked":"Streamline","floor":1},{"not_picked":["Leap","Fusion"],"picked":"FTL","floor":3},{"not_picked":["Fusion","Go for the Eyes"],"picked":"Melter","floor":5},{"not_picked":["Stack","FTL"],"picked":"Darkness","floor":6},{"not_picked":["Recycle+1","Leap+1"],"picked":"Ball Lightning","floor":7},{"not_picked":["Steam+1","Beam Cell"],"picked":"Doom and Gloom","floor":11},{"not_picked":["Sweeping Beam","Leap+1"],"picked":"Redo+1","floor":13},{"not_picked":["Electrodynamics","Fission+1"],"picked":"Creative AI","floor":16},{"not_picked":["Beam Cell","Go for the Eyes"],"picked":"Storm","floor":18},{"not_picked":["Turbo+1","Streamline+1"],"picked":"Melter","floor":19},{"not_picked":["Redo+1","Go for the Eyes"],"picked":"Self Repair","floor":20},{"not_picked":["Melter","Gash+1"],"picked":"Go for the Eyes","floor":22},{"not_picked":["Storm","Chaos+1"],"picked":"Self Repair","floor":23},{"not_picked":["Chaos+1","Sweeping Beam"],"picked":"Coolheaded+1","floor":25},{"not_picked":["Turbo+1","Hologram+1","Cold Snap"],"picked":"Sunder","floor":28},{"not_picked":["Steam+1","Barrage+1","Darkness+1"],"picked":"Heatsinks+1","floor":29}],"player_experience":69817,"relics_obtained":[{"floor":6,"key":"Toxic Egg 2"},{"floor":9,"key":"Matryoshka"},{"floor":23,"key":"Whetstone"},{"floor":26,"key":"Orichalcum"},{"floor":26,"key":"Question Card"}],"event_choices":[{"damage_healed":0,"gold_gain":0,"player_choice":"Leave","damage_taken":0,"max_hp_gain":0,"max_hp_loss":0,"event_name":"The Cleric","floor":2,"gold_loss":0},{"damage_healed":0,"gold_gain":72,"player_choice":"Gained Gold","damage_taken":0,"max_hp_gain":0,"max_hp_loss":0,"event_name":"Golden Wing","floor":4,"gold_loss":0},{"damage_healed":0,"gold_gain":0,"player_choice":"Grow","damage_taken":0,"max_hp_gain":0,"max_hp_loss":0,"event_name":"Living Wall","floor":8,"gold_loss":0,"cards_upgraded":["Electrodynamics"]},{"damage_healed":0,"gold_gain":0,"cards_transformed":["Strike_B"],"player_choice":"Transformed","damage_taken":0,"max_hp_gain":0,"max_hp_loss":0,"event_name":"Transmorgrifier","floor":14,"gold_loss":0,"cards_obtained":["Darkness"]},{"damage_healed":0,"gold_gain":0,"player_choice":"Got Potions","damage_taken":0,"max_hp_gain":0,"max_hp_loss":0,"event_name":"Lab","floor":21,"gold_loss":0},{"damage_healed":0,"gold_gain":0,"player_choice":"Smashed Altar","damage_taken":0,"max_hp_gain":0,"max_hp_loss":0,"event_name":"Forgotten Altar","floor":30,"gold_loss":0,"cards_obtained":["Decay"]},{"damage_healed":25,"gold_gain":0,"player_choice":"Heal","damage_taken":0,"max_hp_gain":0,"max_hp_loss":0,"event_name":"The Library","floor":31,"gold_loss":0}],"is_beta":false,"boss_relics":[{"not_picked":["Cursed Key","Coffee Dripper"],"picked":"Nuclear Battery"}],"items_purged_floors":[],"is_endless":false,"potions_floor_spawned":[3,7,11,13,19,25,28],"killed_by":"Collector","ascension_level":0}