{"gold_per_floor":[118,118,136,61,61,61,95,95,118,118,149,149,163,183,183,183],"floor_reached":16,"playtime":980,"items_purged":[],"score":216,"play_id":"65c317e6-6c91-405a-ac21-d475612e9c38","local_time":"20190313143702","is_ascension_mode":true,"campfire_choices":[{"data":"Quick Slash","floor":6,"key":"SMITH"},{"floor":10,"key":"REST"},{"floor":12,"key":"REST"},{"data":"Skewer","floor":15,"key":"SMITH"}],"neow_cost":"NONE","seed_source_timestamp":83239588343300,"circlet_count":0,"master_deck":["AscendersBane","Defend_G","Defend_G","Defend_G","Defend_G","Defend_G","Strike_G","Strike_G","Strike_G","Strike_G","Survivor","Neutralize+1","Quick Slash+1","Infinite Blades","Backflip","Skewer+1"],"relics":["Ring of the Snake","Bird Faced Urn","Orichalcum"],"potions_floor_usage":[7,16],"damage_taken":[{"damage":0,"enemies":"Small Slimes","floor":1,"turns":3},{"damage":2,"enemies":"Jaw Worm","floor":3,"turns":5},{"damage":28,"enemies":"Lagavulin","floor":7,"turns":7},{"damage":23,"enemies":"3 Sentries","floor":11,"turns":16},{"damage":0,"enemies":"Cultist","floor":13,"turns":3},{"damage":5,"enemies":"Lots of Slimes","floor":14,"turns":6},{"damage":42,"enemies":"Hexaghost","floor":16,"turns":11}],"seed_played":"-7267497429793886510","potions_obtained":[{"floor":1,"key":"SteroidPotion"},{"floor":11,"key":"AttackPotion"},{"floor":13,"key":"SneckoOil"}],"is_trial":false,"path_per_floor":["M","?","M","?","?","R","E","?","T","R","E","R","M","M","R","B"],"character_chosen":"THE_SILENT","items_purchased":[],"campfire_rested":2,"item_purchase_floors":[],"current_hp_per_floor":[59,59,57,57,57,57,29,20,20,39,18,37,39,36,36,0],"gold":183,"neow_bonus":"THREE_CARDS","is_prod":false,"is_daily":false,"chose_seed":false,"campfire_upgraded":2,"win_rate":0,"timestamp":1552502222,"path_taken":["M","?","M","?","?","R","E","?","T","R","E","R","M","?","R","BOSS"],"build_version":"2019-01-23","purchased_purges":0,"victory":false,"max_hp_per_floor":[66,66,66,66,66,66,66,66,66,66,66,66,66,66,66,66],"card_choices":[{"not_picked":["Accuracy","Deflect"],"picked":"Quick Slash","floor":0},{"not_picked":["Setup","Acrobatics","Catalyst"],"picked":"SKIP","floor":1},{"not_picked":["Deflect","Slice"],"picked":"Infinite Blades","floor":3},{"not_picked":["Dodge and Roll","Accuracy"],"picked":"Backflip","floor":7},{"not_picked":["Catalyst","Tools of the Trade","Bane"],"picked":"SKIP","floor":11},{"not_picked":["Quick Slash","Bane","Distraction"],"picked":"SKIP","floor":13},{"not_picked":["Sucker Punch","Backflip"],"picked":"Skewer","floor":14}],"player_experience":1316466,"relics_obtained":[{"floor":7,"key":"Bird Faced Urn"},{"floor":9,"key":"Orichalcum"}],"event_choices":[{"damage_healed":0,"gold_gain":0,"player_choice":"Ignored","damage_taken":0,"max_hp_gain":0,"max_hp_loss":0,"event_name":"Liars Game","floor":2,"gold_loss":0},{"cards_removed":["Strike_G"],"damage_healed":0,"gold_gain":0,"player_choice":"Card Removal","damage_taken":0,"max_hp_gain":0,"max_hp_loss":0,"event_name":"The Cleric","floor":4,"gold_loss":75},{"damage_healed":0,"gold_gain":0,"player_choice":"Grow","damage_taken":0,"max_hp_gain":0,"max_hp_loss":0,"event_name":"Living Wall","floor":5,"gold_loss":0,"cards_upgraded":["Neutralize"]},{"damage_healed":0,"gold_gain":0,"player_choice":"Damaged","damage_taken":9,"max_hp_gain":0,"max_hp_loss":0,"event_name":"Wheel of Change","floor":8,"gold_loss":0}],"is_beta":false,"boss_relics":[],"items_purged_floors":[],"is_endless":false,"potions_floor_spawned":[1,11,13],"killed_by":"Hexaghost","ascension_level":20}