{"path_per_floor":["M","?","?","?","M","R","M","M","T","R","E","$","R","M","R","B",null,"M","$","M","?","M","R","M","?","T","M","R","?"],"character_chosen":"IRONCLAD","items_purchased":["Shrug It Off","Membership Card","Gremlin Horn"],"gold_per_floor":[211,211,211,211,230,230,253,267,337,337,668,548,548,571,571,694,694,718,319,337,337,353,353,378,378,403,421,421,421],"floor_reached":30,"campfire_rested":2,"playtime":1419,"current_hp_per_floor":[77,57,57,57,57,57,49,42,42,42,34,34,58,59,59,27,67,44,44,32,32,18,18,8,8,8,7,31,15],"items_purged":["Regret"],"gold":421,"score":334,"play_id":"ed3a6774-a0b9-40f4-a6ce-12de9253d6e5","is_prod":false,"is_daily":false,"is_ascension_mode":true,"campfire_upgraded":3,"path_taken":["M","?","?","?","M","R","M","M","T","R","E","$","R","M","R","BOSS","M","$","M","?","M","R","M","?","T","M","R","?","?"],"build_version":"2018-02-12-PROD1","purchased_purges":1,"victory":false,"master_deck":["Strike_R","Strike_R","Strike_R","Strike_R","Defend_R","Defend_R","Defend_R","Defend_R","Bash+1","Pommel Strike","Iron Wave","Headbutt","Inflame+1","Bloodletting","Shrug It Off","Battle Trance","Offering","Armaments+1","Whirlwind","Flex"],"max_hp_per_floor":[80,80,80,80,80,80,80,80,80,80,80,80,80,80,80,80,80,80,80,80,80,80,80,80,80,80,80,80,80],"relics":["Burning Blood","Golden Idol","Peace Pipe","Orichalcum","Mercury Hourglass","Old Coin","Runic Pyramid","Membership Card","Gremlin Horn","Dream Catcher","Enchiridion"],"card_choices":[{"not_picked":["Clothesline","Barricade"],"picked":"Pommel Strike"},{"not_picked":["Anger","Pommel Strike"],"picked":"Iron Wave"},{"not_picked":["Reckless Charge","Perfected Strike"],"picked":"Headbutt"},{"not_picked":["Intimidate","Shrug It Off"],"picked":"Inflame"},{"not_picked":["True Grit","Clothesline"],"picked":"Bloodletting"},{"not_picked":["Hemokinesis","Wild Strike"],"picked":"Battle Trance"},{"not_picked":["Feed","Immolate"],"picked":"Offering"},{"not_picked":["True Grit","Power Through"],"picked":"Armaments"},{"not_picked":["True Grit","Havoc"],"picked":"Whirlwind"},{"not_picked":["Body Slam","True Grit"],"picked":"Flex"}],"player_experience":158548,"potions_floor_usage":[22,24,24],"damage_taken":[{"damage":1,"enemies":"Cultist","floor":1,"turns":4},{"damage":6,"enemies":"Jaw Worm","floor":5,"turns":4},{"damage":14,"enemies":"Blue Slaver","floor":7,"turns":5},{"damage":13,"enemies":"Looter","floor":8,"turns":4},{"damage":14,"enemies":"Gremlin Nob","floor":11,"turns":3},{"damage":5,"enemies":"Gremlin Gang","floor":14,"turns":4},{"damage":38,"enemies":"Slime Boss","floor":16,"turns":9},{"damage":29,"enemies":"2 Thieves","floor":18,"turns":4},{"damage":18,"enemies":"Shell Parasite","floor":20,"turns":3},{"damage":20,"enemies":"Snecko","floor":22,"turns":4},{"damage":16,"enemies":"Cultist and Chosen","floor":24,"turns":6},{"damage":7,"enemies":"Chosen and Byrds","floor":27,"turns":5},{"damage":18,"enemies":"Snake Plant","floor":30,"turns":2}],"event_choices":[{"event_name":"Golden Idol","player_choice":"Take Damage","floor":2,"damage_taken":0},{"event_name":"Accursed Blacksmith","player_choice":"Rummage","floor":3,"damage_taken":0},{"event_name":"Big Fish","player_choice":"Box","floor":4,"damage_taken":0},{"event_name":"Vampires","player_choice":"Ignored","floor":21,"damage_taken":0},{"event_name":"Drug Dealer","player_choice":"Ignored","floor":25,"damage_taken":0},{"event_name":"Cursed Tome","player_choice":"Obtained Book","floor":29,"damage_taken":0}],"boss_relics":[{"not_picked":["Snecko Eye","Black Blood"],"picked":"Runic Pyramid"}],"potions_floor_spawned":[5,7,11,14,16,18],"seed_played":"7129947753529335596","killed_by":"Snake Plant","ascension_level":9,"is_trial":false}