{"gold_per_floor":[117,136,154,154,169,169,198,198],"floor_reached":8,"playtime":531,"items_purged":[],"score":58,"play_id":"cd5cdf8c-4c02-4f5c-8e8e-d4b0e5c95987","local_time":"20190313230615","is_ascension_mode":false,"campfire_choices":[{"data":"Magnetism","floor":6,"key":"SMITH"}],"neow_cost":"TEN_PERCENT_HP_LOSS","seed_source_timestamp":15026133530281,"circlet_count":0,"master_deck":["Strike_B","Strike_B","Strike_B","Defend_B","Defend_B","Defend_B","Defend_B","Zap","Dualcast","Master of Strategy","Magnetism+1","Genetic Algorithm","Beam Cell","Cold Snap","Self Repair","Fusion","Go for the Eyes"],"relics":["Cracked Core","Happy Flower"],"potions_floor_usage":[7,7,8],"damage_taken":[{"damage":6,"enemies":"Cultist","floor":1,"turns":4},{"damage":0,"enemies":"2 Louse","floor":2,"turns":2},{"damage":10,"enemies":"Small Slimes","floor":3,"turns":2},{"damage":22,"enemies":"3 Louse","floor":5,"turns":3},{"damage":34,"enemies":"Gremlin Nob","floor":7,"turns":5},{"damage":12,"enemies":"Blue Slaver","floor":8,"turns":1}],"seed_played":"-731765945129344218","potions_obtained":[{"floor":2,"key":"SpeedPotion"},{"floor":3,"key":"Strength Potion"},{"floor":7,"key":"SkillPotion"}],"is_trial":false,"path_per_floor":["M","M","M","?","M","R","E","M"],"character_chosen":"DEFECT","items_purchased":[],"campfire_rested":0,"item_purchase_floors":[],"current_hp_per_floor":[62,62,52,52,37,37,10,0],"gold":198,"neow_bonus":"RANDOM_COLORLESS_2","is_prod":false,"is_daily":false,"chose_seed":false,"campfire_upgraded":1,"win_rate":0.0,"timestamp":1552543575,"path_taken":["M","M","?","?","?","R","E","M"],"build_version":"2019-01-23","purchased_purges":0,"victory":false,"max_hp_per_floor":[68,68,68,68,68,68,68,68],"card_choices":[{"not_picked":["BootSequence","Reprogram"],"picked":"Genetic Algorithm","floor":1},{"not_picked":["Tempest","Stack"],"picked":"Beam Cell","floor":2},{"not_picked":["Tempest","Barrage"],"picked":"Cold Snap","floor":3},{"not_picked":["Steam","Cold Snap"],"picked":"Fusion","floor":5},{"not_picked":["Stack","Streamline"],"picked":"Go for the Eyes","floor":7}],"player_experience":63087,"relics_obtained":[{"floor":7,"key":"Happy Flower"}],"event_choices":[{"damage_healed":0,"gold_gain":0,"cards_transformed":["Strike_B"],"player_choice":"Transformed","damage_taken":0,"max_hp_gain":0,"max_hp_loss":0,"event_name":"Transmorgrifier","floor":4,"gold_loss":0,"cards_obtained":["Self Repair"]}],"is_beta":false,"boss_relics":[],"items_purged_floors":[],"is_endless":false,"potions_floor_spawned":[2,3,7],"killed_by":"Blue Slaver","ascension_level":0}