{"gold_per_floor":[109,123,48,65,85,85,120,120,120,148,148,168,180,207,207,281,281,294,305,305,205,215,245,120,120,420,335,355,390,407,417,417,494,544,561,561,561,575,588,615,615,646,646,646,349,404,439,456,456,456,456,456,39,68,68],"floor_reached":56,"playtime":2187,"items_purged":["Strike_R","Strike_R","Strike_R","Strike_R","Parasite"],"score":2164,"play_id":"b52044b8-544c-41cb-a7d2-05d6f96bc8f3","local_time":"20190302143213","is_ascension_mode":true,"campfire_choices":[{"data":"Armaments","floor":6,"key":"SMITH"},{"data":"1","floor":11,"key":"LIFT"},{"data":"2","floor":15,"key":"LIFT"},{"data":"True Grit","floor":25,"key":"SMITH"},{"floor":32,"key":"RECALL"},{"data":"3","floor":41,"key":"LIFT"},{"floor":44,"key":"REST"},{"data":"Demon Form","floor":49,"key":"SMITH"},{"data":"Whirlwind","floor":52,"key":"SMITH"}],"neow_cost":"NONE","seed_source_timestamp":1127158229730716,"circlet_count":0,"master_deck":["AscendersBane","Defend_R","Defend_R","Defend_R","Defend_R","Bash","Shockwave","Uppercut","Armaments+1","Inflame","Whirlwind+1","Immolate","True Grit+1","Bludgeon","Shrug It Off+1","Heavy Blade+1","Demon Form+1","Demon Form+1","Barricade","Feel No Pain","PanicButton"],"relics":["Snecko Eye","Singing Bowl","Bird Faced Urn","Girya","Orichalcum","Velvet Choker","Nilry\u0027s Codex","Oddly Smooth Stone","Old Coin","PreservedInsect","Calipers","Tiny House","Regal Pillow","Incense Burner","Centennial Puzzle","StoneCalendar","Juzu Bracelet","Pen Nib"],"potions_floor_usage":[7,10,10,23,31,46,49,55,55],"damage_taken":[{"damage":4,"enemies":"2 Louse","floor":1,"turns":2},{"damage":0,"enemies":"Small Slimes","floor":2,"turns":3},{"damage":4,"enemies":"Jaw Worm","floor":4,"turns":3},{"damage":4,"enemies":"Exordium Wildlife","floor":5,"turns":3},{"damage":5,"enemies":"3 Sentries","floor":7,"turns":4},{"damage":10,"enemies":"Lagavulin","floor":10,"turns":8},{"damage":9,"enemies":"Red Slaver","floor":12,"turns":5},{"damage":6,"enemies":"2 Fungi Beasts","floor":13,"turns":3},{"damage":28,"enemies":"Gremlin Nob","floor":14,"turns":5},{"damage":28,"enemies":"Hexaghost","floor":16,"turns":10},{"damage":3,"enemies":"Shell Parasite","floor":18,"turns":3},{"damage":0,"enemies":"Spheric Guardian","floor":19,"turns":3},{"damage":0,"enemies":"Cultist and Chosen","floor":22,"turns":4},{"damage":19,"enemies":"Book of Stabbing","floor":23,"turns":4},{"damage":0,"enemies":"Snecko","floor":28,"turns":3},{"damage":12,"enemies":"Gremlin Leader","floor":29,"turns":4},{"damage":0,"enemies":"Centurion and Healer","floor":30,"turns":2},{"damage":0,"enemies":"Snake Plant","floor":31,"turns":2},{"damage":24,"enemies":"Champ","floor":33,"turns":8},{"damage":11,"enemies":"3 Shapes","floor":35,"turns":7},{"damage":9,"enemies":"3 Darklings","floor":38,"turns":3},{"damage":6,"enemies":"Spire Growth","floor":39,"turns":3},{"damage":14,"enemies":"Nemesis","floor":40,"turns":7},{"damage":7,"enemies":"Giant Head","floor":42,"turns":5},{"damage":14,"enemies":"2 Orb Walkers","floor":46,"turns":4},{"damage":0,"enemies":"Nemesis","floor":47,"turns":3},{"damage":0,"enemies":"Writhing Mass","floor":48,"turns":5},{"damage":32,"enemies":"Time Eater","floor":50,"turns":6},{"damage":23,"enemies":"Shield and Spear","floor":54,"turns":5},{"damage":83,"enemies":"The Heart","floor":55,"turns":7}],"seed_played":"1328056206053562356","potions_obtained":[{"floor":1,"key":"AttackPotion"},{"floor":2,"key":"SteroidPotion"},{"floor":7,"key":"Regen Potion"},{"floor":12,"key":"Weak Potion"},{"floor":14,"key":"FairyPotion"},{"floor":16,"key":"Fire Potion"},{"floor":30,"key":"Fruit Juice"},{"floor":31,"key":"SkillPotion"},{"floor":35,"key":"Fruit Juice"},{"floor":47,"key":"SpeedPotion"}],"is_trial":false,"path_per_floor":["M","M","$","M","M","R","E","?","T","E","R","M","M","E","R","B",null,"M","M","?","$","M","E","$","R","T","?","M","E","M","M","R","B",null,"M","?","?","M","M","E","R","E","T","R","$","?","E","M","R","B",null,"R","$","E","B",null],"character_chosen":"IRONCLAD","items_purchased":["Centennial Puzzle","Feel No Pain","PanicButton","Regen Potion"],"campfire_rested":1,"item_purchase_floors":[45,53,53,53],"current_hp_per_floor":[64,64,64,60,56,56,51,51,51,62,62,57,59,36,36,14,77,82,82,61,61,66,52,52,52,52,52,58,50,53,60,60,50,122,127,127,127,122,122,116,116,117,117,153,153,141,149,159,164,134,157,157,157,146,90],"gold":68,"neow_bonus":"BOSS_RELIC","is_prod":false,"is_daily":false,"chose_seed":false,"campfire_upgraded":4,"win_rate":0,"timestamp":1551555133,"path_taken":["M","M","$","M","M","R","E","?","T","E","R","M","M","E","R","BOSS","M","M","?","$","M","E","$","R","T","?","M","E","M","M","R","BOSS","M","?","?","?","M","E","R","E","T","R","?","?","E","M","R","BOSS","R","$","E","BOSS"],"build_version":"2019-02-06","purchased_purges":5,"victory":true,"max_hp_per_floor":[75,75,75,75,75,75,75,75,75,81,81,85,91,94,94,98,98,104,104,104,104,109,112,112,112,112,112,116,120,123,130,130,136,143,149,149,149,151,153,153,153,153,153,153,153,155,157,159,164,164,164,164,161,163,163],"card_choices":[{"not_picked":["Evolve","Warcry"],"picked":"Shockwave","floor":1},{"not_picked":["Metallicize","Rampage"],"picked":"Uppercut","floor":2},{"not_picked":["Flex","Cleave","Wild Strike"],"picked":"SKIP","floor":4},{"not_picked":["Wild Strike","Entrench"],"picked":"Armaments","floor":5},{"not_picked":["Feel No Pain","Dual Wield"],"picked":"Feed","floor":7},{"not_picked":["Brutality","Rage","Spot Weakness"],"picked":"Singing Bowl","floor":10},{"not_picked":["Reckless Charge","Sword Boomerang"],"picked":"Inflame","floor":12},{"not_picked":["Seeing Red","Intimidate","Anger"],"picked":"Singing Bowl","floor":13},{"not_picked":["Twin Strike","Heavy Blade"],"picked":"Whirlwind","floor":14},{"not_picked":["Juggernaut","Exhume"],"picked":"Immolate","floor":16},{"not_picked":["Reckless Charge+1","Shockwave","Havoc"],"picked":"Singing Bowl","floor":18},{"not_picked":["Pummel","Dual Wield"],"picked":"True Grit","floor":19},{"not_picked":["Twin Strike","Whirlwind","Infernal Blade"],"picked":"Singing Bowl","floor":22},{"not_picked":["Intimidate","Pommel Strike"],"picked":"Bludgeon","floor":23},{"not_picked":["Iron Wave","Clash"],"picked":"Shrug It Off+1","floor":28},{"not_picked":["Clothesline+1","Reckless Charge"],"picked":"Heavy Blade+1","floor":29},{"not_picked":["Thunderclap","Body Slam"],"picked":"Demon Form","floor":30},{"not_picked":["True Grit","Heavy Blade","Power Through"],"picked":"Singing Bowl","floor":31},{"not_picked":["Fiend Fire","Bludgeon","Limit Break"],"picked":"Singing Bowl","floor":33},{"not_picked":["Fire Breathing+1","Seeing Red","Pummel+1"],"picked":"Singing Bowl","floor":34},{"not_picked":["Entrench+1","Fire Breathing","Cleave"],"picked":"Singing Bowl","floor":35},{"not_picked":["Flex","Second Wind","Carnage+1"],"picked":"Singing Bowl","floor":38},{"not_picked":["Warcry","Second Wind","Clothesline"],"picked":"Singing Bowl","floor":39},{"not_picked":["Power Through","True Grit"],"picked":"Demon Form","floor":40},{"not_picked":["Ghostly Armor","Flex"],"picked":"Barricade","floor":42},{"not_picked":["Cleave+1","Clash","Body Slam"],"picked":"Singing Bowl","floor":46},{"not_picked":["Limit Break","Warcry","Searing Blow+1"],"picked":"Singing Bowl","floor":47},{"not_picked":["Flex+1","Heavy Blade","Reckless Charge"],"picked":"Singing Bowl","floor":48},{"not_picked":["Intimidate+1","Spot Weakness","Uppercut"],"picked":"Singing Bowl","floor":54}],"player_experience":2062980,"relics_obtained":[{"floor":7,"key":"Singing Bowl"},{"floor":9,"key":"Bird Faced Urn"},{"floor":10,"key":"Girya"},{"floor":14,"key":"Orichalcum"},{"floor":20,"key":"Nilry\u0027s Codex"},{"floor":23,"key":"Oddly Smooth Stone"},{"floor":26,"key":"Old Coin"},{"floor":29,"key":"Calipers"},{"floor":40,"key":"Regal Pillow"},{"floor":42,"key":"Incense Burner"},{"floor":46,"key":"StoneCalendar"},{"floor":47,"key":"Juzu Bracelet"},{"floor":54,"key":"Pen Nib"}],"event_choices":[{"cards_removed":["Strike_R"],"damage_healed":0,"gold_gain":0,"player_choice":"Forget","damage_taken":0,"max_hp_gain":0,"max_hp_loss":0,"event_name":"Living Wall","floor":8,"gold_loss":0},{"damage_healed":0,"gold_gain":0,"player_choice":"Obtained Book","damage_taken":21,"max_hp_gain":0,"max_hp_loss":0,"event_name":"Cursed Tome","floor":20,"gold_loss":0},{"damage_healed":0,"gold_gain":0,"player_choice":"Obtained Relic","damage_taken":0,"relics_obtained":["PreservedInsect"],"max_hp_gain":0,"max_hp_loss":0,"event_name":"Addict","floor":27,"gold_loss":85},{"cards_removed":["Feed"],"damage_healed":0,"gold_gain":0,"player_choice":"Removed Attack","damage_taken":0,"max_hp_gain":0,"max_hp_loss":0,"event_name":"Falling","floor":36,"gold_loss":0},{"damage_healed":0,"gold_gain":0,"player_choice":"Ignored","damage_taken":0,"max_hp_gain":0,"max_hp_loss":0,"event_name":"Tomb of Lord Red Mask","floor":37,"gold_loss":0},{"damage_healed":0,"gold_gain":0,"player_choice":"Fight","damage_taken":0,"max_hp_gain":0,"max_hp_loss":0,"event_name":"Mysterious Sphere","floor":46,"gold_loss":0}],"is_beta":true,"boss_relics":[{"not_picked":["Mark of Pain","Ectoplasm"],"picked":"Velvet Choker"},{"not_picked":["Sozu","Fusion Hammer"],"picked":"Tiny House"}],"items_purged_floors":[3,21,24,45,53],"is_endless":false,"potions_floor_spawned":[1,2,7,12,14,16,19,30,31,35,47,48],"ascension_level":15}