{"gold_per_floor":[115,290,72,72,82,82,99,99,99,114,134,134,162,181,181,277,277,291,291,310,310,323,323,334,334,410,410,410,197,213,227,227,325,325,340,352,352,366,380,380,255,265,265,80,95,95,111,21,21,21],"floor_reached":51,"playtime":2528,"items_purged":["Doubt","Venomology","Strike_G","Strike_G"],"score":774,"play_id":"657f5289-502d-4034-be27-af01c4faa18d","local_time":"20190313012212","is_ascension_mode":true,"campfire_choices":[{"data":"Neutralize","floor":6,"key":"SMITH"},{"data":"Dagger Spray","floor":8,"key":"SMITH"},{"data":"Dash","floor":12,"key":"SMITH"},{"data":"PiercingWail","floor":15,"key":"SMITH"},{"data":"Survivor","floor":23,"key":"SMITH"},{"floor":25,"key":"REST"},{"data":"Dagger Throw","floor":27,"key":"SMITH"},{"floor":32,"key":"REST"},{"data":"Footwork","floor":40,"key":"SMITH"},{"floor":49,"key":"REST"}],"neow_cost":"NONE","seed_source_timestamp":123506248079032,"circlet_count":0,"master_deck":["Defend_G","Defend_G+1","Defend_G","Defend_G","Defend_G","Survivor+1","Neutralize+1","Backstab","Flying Knee","Dash+1","Dagger Spray+1","Dagger Throw+1","PiercingWail+1","Well Laid Plans","Dash","Leg Sweep+1","Backflip+1","A Thousand Cuts","Deflect+1","Footwork+1","Noxious Fumes","Flash of Steel","Footwork"],"relics":["Ring of the Snake","Bronze Scales","Bottled Lightning","Orichalcum","Sozu","Sundial","Shuriken","Eternal Feather","Oddly Smooth Stone"],"potions_floor_usage":[13,13,16],"damage_taken":[{"damage":0,"enemies":"2 Louse","floor":1,"turns":2},{"damage":0,"enemies":"Cultist","floor":5,"turns":3},{"damage":0,"enemies":"Small Slimes","floor":7,"turns":2},{"damage":0,"enemies":"Exordium Wildlife","floor":10,"turns":2},{"damage":0,"enemies":"3 Louse","floor":11,"turns":2},{"damage":2,"enemies":"Lagavulin","floor":13,"turns":4},{"damage":0,"enemies":"Blue Slaver","floor":14,"turns":2},{"damage":34,"enemies":"Slime Boss","floor":16,"turns":11},{"damage":4,"enemies":"3 Byrds","floor":18,"turns":3},{"damage":3,"enemies":"Chosen","floor":20,"turns":5},{"damage":17,"enemies":"Snecko","floor":22,"turns":6},{"damage":6,"enemies":"Centurion and Healer","floor":24,"turns":8},{"damage":13,"enemies":"Shelled Parasite and Fungi","floor":30,"turns":5},{"damage":0,"enemies":"Snake Plant","floor":31,"turns":5},{"damage":51,"enemies":"Automaton","floor":33,"turns":11},{"damage":0,"enemies":"Orb Walker","floor":35,"turns":4},{"damage":4,"enemies":"3 Shapes","floor":36,"turns":5},{"damage":16,"enemies":"Sphere and 2 Shapes","floor":38,"turns":6},{"damage":27,"enemies":"4 Shapes","floor":39,"turns":8},{"damage":0,"enemies":"3 Darklings","floor":42,"turns":6},{"damage":0,"enemies":"Maw","floor":45,"turns":9},{"damage":9,"enemies":"Sphere and 2 Shapes","floor":47,"turns":5},{"damage":31,"enemies":"Awakened One","floor":50,"turns":17}],"seed_played":"4166927261666375172","potions_obtained":[{"floor":5,"key":"SteroidPotion"},{"floor":7,"key":"GamblersBrew"},{"floor":10,"key":"SteroidPotion"},{"floor":11,"key":"LiquidBronze"}],"is_trial":false,"path_per_floor":["M","?","$","?","M","R","M","R","T","M","M","R","E","M","R","B",null,"M","?","M","?","M","R","M","R","T","R","T","$","M","M","R","B",null,"M","M","?","M","M","R","$","M","T","$","M","?","M","?","R","B",null],"character_chosen":"THE_SILENT","items_purchased":["Bronze Scales","Well Laid Plans","Dash","Noxious Fumes"],"campfire_rested":3,"item_purchase_floors":[3,29,29,44],"current_hp_per_floor":[70,70,70,70,70,70,70,70,70,70,70,70,68,68,68,34,70,66,66,63,63,46,46,40,61,61,61,61,61,48,48,69,18,70,70,66,66,50,23,35,35,35,35,35,35,35,26,26,57,26],"gold":21,"neow_bonus":"TRANSFORM_CARD","is_prod":false,"is_daily":false,"chose_seed":false,"campfire_upgraded":7,"win_rate":0,"timestamp":1552465332,"path_taken":["M","?","$","?","M","R","M","R","T","M","M","R","E","?","R","BOSS","M","?","?","?","M","R","M","R","T","R","?","$","M","M","R","BOSS","M","M","?","M","M","R","$","M","T","$","M","?","M","?","R","BOSS"],"build_version":"2019-01-23","purchased_purges":4,"victory":true,"max_hp_per_floor":[70,70,70,70,70,70,70,70,70,70,70,70,70,70,70,70,70,70,70,70,70,70,70,70,70,70,70,70,70,70,70,70,70,70,70,70,66,66,66,66,66,66,66,66,66,66,66,66,66,66],"card_choices":[{"not_picked":["Cloak And Dagger","Poisoned Stab"],"picked":"Flying Knee","floor":1},{"not_picked":["Flechettes","Tactician"],"picked":"Dash","floor":5},{"not_picked":["Bane","Catalyst"],"picked":"Dagger Spray","floor":7},{"not_picked":["Expertise","Wraith Form v2"],"picked":"Dagger Throw","floor":10},{"not_picked":["Flechettes","Accuracy","Acrobatics"],"picked":"SKIP","floor":11},{"not_picked":["Heel Hook","Prepared","Deadly Poison"],"picked":"SKIP","floor":13},{"not_picked":["Distraction","Outmaneuver"],"picked":"PiercingWail","floor":14},{"not_picked":["Unload","Night Terror"],"picked":"Venomology","floor":16},{"not_picked":["Infinite Blades","Endless Agony","Caltrops"],"picked":"SKIP","floor":18},{"not_picked":["Flying Knee","Skewer","Cloak And Dagger"],"picked":"SKIP","floor":20},{"not_picked":["Acrobatics","Masterful Stab+1","Prepared"],"picked":"SKIP","floor":22},{"not_picked":["Bane","Prepared","All Out Attack"],"picked":"SKIP","floor":24},{"not_picked":["PiercingWail+1","Backflip+1"],"picked":"Leg Sweep+1","floor":30},{"not_picked":["Dagger Throw+1","Poisoned Stab+1"],"picked":"Backflip+1","floor":31},{"not_picked":["Envenom","Phantasmal Killer"],"picked":"A Thousand Cuts","floor":33},{"not_picked":["Underhanded Strike+1","Leg Sweep","Dagger Throw"],"picked":"SKIP","floor":35},{"not_picked":["Reflex+1","Bane"],"picked":"Deflect+1","floor":36},{"not_picked":["Underhanded Strike+1","Backflip+1","Prepared+1"],"picked":"SKIP","floor":38},{"not_picked":["Tactician+1","Outmaneuver+1"],"picked":"Footwork","floor":39},{"not_picked":["Crippling Poison","Leg Sweep","Acrobatics"],"picked":"SKIP","floor":42},{"not_picked":["Noxious Fumes","Cloak And Dagger","Dagger Spray+1"],"picked":"SKIP","floor":45},{"not_picked":["Thinking Ahead","Panache"],"picked":"Flash of Steel","floor":46},{"not_picked":["Noxious Fumes","Reflex"],"picked":"Footwork","floor":47}],"player_experience":414149,"relics_obtained":[{"floor":9,"key":"Bottled Lightning"},{"floor":13,"key":"Orichalcum"},{"floor":26,"key":"Sundial"},{"floor":28,"key":"Shuriken"},{"floor":43,"key":"Oddly Smooth Stone"}],"event_choices":[{"damage_healed":0,"gold_gain":175,"player_choice":"AGREE","damage_taken":0,"max_hp_gain":0,"max_hp_loss":0,"event_name":"Liars Game","floor":2,"gold_loss":0,"cards_obtained":["Doubt"]},{"cards_removed":["Strike_G"],"damage_healed":0,"gold_gain":0,"player_choice":"Purged","damage_taken":0,"max_hp_gain":0,"max_hp_loss":0,"event_name":"Purifier","floor":4,"gold_loss":0},{"damage_healed":0,"gold_gain":0,"player_choice":"Got Potions","damage_taken":0,"max_hp_gain":0,"max_hp_loss":0,"event_name":"Lab","floor":19,"gold_loss":0},{"damage_healed":0,"gold_gain":0,"player_choice":"Ignored","damage_taken":0,"max_hp_gain":0,"max_hp_loss":0,"event_name":"Ghosts","floor":21,"gold_loss":0},{"damage_healed":0,"gold_gain":0,"player_choice":"Max HP","damage_taken":0,"max_hp_gain":0,"max_hp_loss":4,"event_name":"Winding Halls","floor":37,"gold_loss":0},{"damage_healed":0,"gold_gain":0,"player_choice":"Memory 1","damage_taken":0,"max_hp_gain":0,"max_hp_loss":0,"event_name":"SensoryStone","floor":46,"gold_loss":0},{"cards_removed":["Strike_G"],"damage_healed":0,"gold_gain":0,"player_choice":"Upgrade and Remove","damage_taken":0,"max_hp_gain":0,"max_hp_loss":0,"event_name":"Designer","floor":48,"gold_loss":90,"cards_upgraded":["Defend_G"]}],"is_beta":false,"boss_relics":[{"not_picked":["WristBlade","Black Star"],"picked":"Sozu"},{"not_picked":["White Beast Statue","Lizard Tail"],"picked":"Eternal Feather"}],"items_purged_floors":[3,29,41,44],"is_endless":false,"potions_floor_spawned":[5,7,10,11,20,24,31,33,36,39,47],"ascension_level":4}