{"gold_per_floor":[109,109,184,29,49,77,77,77,147,182,182,207,207,236,236,312,312,329,254,234,184,203,203,153,166,166,183,202,202,252,270,270,345,345,357,357,370,389,399,424,436,470,497,497,497,497,532,543,543,543,543,543,75,103,103],"floor_reached":56,"playtime":2678,"items_purged":["Strike_B","Pain"],"score":2115,"play_id":"699ce906-1c86-48ed-924e-b63ae374b60d","local_time":"20190131142903","is_ascension_mode":true,"campfire_choices":[{"data":"Defragment","floor":8.0,"key":"SMITH"},{"data":"Loop","floor":11.0,"key":"SMITH"},{"floor":13.0,"key":"REST"},{"data":"Blizzard","floor":15.0,"key":"SMITH"},{"data":"Seek","floor":23.0,"key":"SMITH"},{"data":"Conserve Battery","floor":29.0,"key":"SMITH"},{"data":"Glacier","floor":32.0,"key":"SMITH"},{"floor":44.0,"key":"RECALL"},{"floor":49.0,"key":"REST"},{"floor":52.0,"key":"REST"}],"neow_cost":"NONE","seed_source_timestamp":1917764332025691,"circlet_count":0,"master_deck":["AscendersBane","Defend_B","Defend_B","Defend_B","Defend_B+1","Zap+1","Dualcast","Loop+1","Defragment+1","Doom and Gloom","Echo Form","Glacier+1","Self Repair","Ball Lightning","Blizzard+1","Seek+1","Redo+1","Creative AI+1","Rainbow+1","Go for the Eyes+1","Conserve Battery+1","Skim+1","Lockon+1","Fission+1","Chill","Coolheaded","Core Surge","Buffer","Capacitor"],"special_seed":0,"relics":["Cracked Core","NeowsBlessing","Symbiotic Virus","Thread and Needle","Odd Mushroom","Sundial","Astrolabe","Pear","Fusion Hammer","Incense Burner","PreservedInsect","Orichalcum","WarpedTongs","Happy Flower","Bag of Marbles","Pen Nib","War Paint"],"potions_floor_usage":[54,55],"damage_taken":[{"damage":0.0,"enemies":"Small Slimes","floor":1.0,"turns":1.0},{"damage":0.0,"enemies":"Jaw Worm","floor":5.0,"turns":1.0},{"damage":0.0,"enemies":"Gremlin Nob","floor":6.0,"turns":1.0},{"damage":22.0,"enemies":"3 Sentries","floor":10.0,"turns":6.0},{"damage":11.0,"enemies":"The Mushroom Lair","floor":12.0,"turns":4.0},{"damage":8.0,"enemies":"Gremlin Nob","floor":14.0,"turns":5.0},{"damage":29.0,"enemies":"Hexaghost","floor":16.0,"turns":6.0},{"damage":0.0,"enemies":"Shell Parasite","floor":18.0,"turns":7.0},{"damage":1.0,"enemies":"2 Thieves","floor":20.0,"turns":5.0},{"damage":8.0,"enemies":"Snake Plant","floor":22.0,"turns":5.0},{"damage":0.0,"enemies":"Centurion and Healer","floor":25.0,"turns":6.0},{"damage":12.0,"enemies":"Chosen and Byrds","floor":27.0,"turns":8.0},{"damage":9.0,"enemies":"Snecko","floor":28.0,"turns":5.0},{"damage":8.0,"enemies":"Cultist and Chosen","floor":31.0,"turns":6.0},{"damage":19.0,"enemies":"Collector","floor":33.0,"turns":11.0},{"damage":0.0,"enemies":"3 Shapes","floor":35.0,"turns":6.0},{"damage":0.0,"enemies":"Orb Walker","floor":37.0,"turns":4.0},{"damage":10.0,"enemies":"3 Darklings","floor":38.0,"turns":6.0},{"damage":0.0,"enemies":"Maw","floor":39.0,"turns":8.0},{"damage":25.0,"enemies":"Reptomancer","floor":40.0,"turns":9.0},{"damage":11.0,"enemies":"Spire Growth","floor":41.0,"turns":7.0},{"damage":0.0,"enemies":"Giant Head","floor":42.0,"turns":10.0},{"damage":16.0,"enemies":"Reptomancer","floor":47.0,"turns":4.0},{"damage":16.0,"enemies":"Transient","floor":48.0,"turns":5.0},{"damage":33.0,"enemies":"Time Eater","floor":50.0,"turns":19.0},{"damage":30,"enemies":"Shield and Spear","floor":54,"turns":6},{"damage":35,"enemies":"The Heart","floor":55,"turns":14}],"seed_played":"5380582287501281615","potions_obtained":[{"floor":5.0,"key":"Poison Potion"},{"floor":10.0,"key":"SkillPotion"},{"floor":12.0,"key":"FearPotion"},{"floor":20.0,"key":"Block Potion"},{"floor":39.0,"key":"PowerPotion"},{"floor":41.0,"key":"PowerPotion"}],"is_trial":false,"path_per_floor":["M","?","?","$","M","E","?","R","T","E","R","?","R","E","R","B",null,"M","$","M","?","M","R","$","M","T","M","M","R","?","M","R","B",null,"M","?","M","M","M","E","M","E","T","R","?","?","E","M","R","B",null,"R","$","E","B",null],"character_chosen":"DEFECT","items_purchased":["Defragment","Doom and Gloom","Conserve Battery","Capacitor","Bag of Marbles","Pen Nib"],"campfire_rested":3,"item_purchase_floors":[4,4,24,53,53,53],"current_hp_per_floor":[64,64,53,53,53,53,53,53,53,31,31,27,48,54,54,25,60,71,71,71,71,70,70,70,70,80,81,72,72,72,64,64,52,74,81,81,81,71,78,67,70,77,77,77,77,77,61,52,76,53,74,81,81,58,23],"gold":103,"neow_bonus":"THREE_ENEMY_KILL","is_prod":false,"is_daily":false,"chose_seed":false,"campfire_upgraded":6,"win_rate":0,"timestamp":1548962943,"path_taken":["M","?","?","$","M","E","?","R","T","E","R","?","R","E","R","BOSS","M","$","M","?","M","R","$","?","T","M","M","R","?","M","R","BOSS","M","?","M","M","M","E","M","E","T","R","?","?","E","M","R","BOSS","R","$","E","BOSS"],"build_version":"2019-01-23","purchased_purges":2,"victory":true,"max_hp_per_floor":[71,71,71,71,71,71,71,71,71,71,71,71,71,71,71,71,71,71,71,71,71,71,71,71,71,81,81,81,81,81,81,81,81,81,81,81,81,81,81,81,81,81,81,81,81,81,81,81,81,81,81,81,81,81,81],"card_choices":[{"not_picked":["Redo","Go for the Eyes"],"picked":"Loop","floor":1.0},{"not_picked":["Auto Shields","Streamline"],"picked":"Echo Form","floor":5.0},{"not_picked":["Cold Snap","Go for the Eyes"],"picked":"Glacier","floor":6.0},{"not_picked":["Leap","Glacier"],"picked":"Self Repair","floor":10.0},{"not_picked":["Streamline","Barrage"],"picked":"Ball Lightning","floor":12.0},{"not_picked":["Cold Snap","Force Field"],"picked":"Blizzard","floor":14.0},{"not_picked":["Multi-Cast","Biased Cognition"],"picked":"Seek","floor":16.0},{"not_picked":["Loop","Beam Cell","Leap"],"picked":"SKIP","floor":18.0},{"not_picked":["Sunder","Sweeping Beam","Leap"],"picked":"SKIP","floor":20.0},{"not_picked":["Rip and Tear","Self Repair"],"picked":"Go for the Eyes+1","floor":22.0},{"not_picked":["Steam","Fusion"],"picked":"Skim+1","floor":25.0},{"not_picked":["Beam Cell","Conserve Battery"],"picked":"Lockon+1","floor":27.0},{"not_picked":["Streamline","Heatsinks","Leap"],"picked":"SKIP","floor":28.0},{"not_picked":["Gash+1","Compile Driver","Conserve Battery"],"picked":"SKIP","floor":31.0},{"not_picked":["All For One","Meteor Strike"],"picked":"Fission","floor":33.0},{"not_picked":["Leap","Rebound"],"picked":"Chill","floor":35.0},{"not_picked":["Steam","Recycle"],"picked":"Coolheaded","floor":37.0},{"not_picked":["Self Repair+1","Compile Driver"],"picked":"Defragment","floor":38.0},{"not_picked":["Hologram+1","Storm","Rebound"],"picked":"SKIP","floor":39.0},{"not_picked":["Barrage+1","Undo"],"picked":"Core Surge","floor":40.0},{"not_picked":["Hologram","FTL","Hello World"],"picked":"SKIP","floor":41.0},{"not_picked":["Sweeping Beam","Static Discharge","Barrage"],"picked":"SKIP","floor":42.0},{"not_picked":["Barrage","Doom and Gloom+1","Loop"],"picked":"SKIP","floor":47.0},{"not_picked":["Heatsinks+1","Gash"],"picked":"Buffer","floor":48.0},{"not_picked":["Leap+1","Turbo","Hologram"],"picked":"SKIP","floor":54}],"player_experience":1917609,"relics_obtained":[{"floor":6.0,"key":"Symbiotic Virus"},{"floor":10.0,"key":"Thread and Needle"},{"floor":12.0,"key":"Odd Mushroom"},{"floor":14.0,"key":"Sundial"},{"floor":26.0,"key":"Pear"},{"floor":40.0,"key":"Incense Burner"},{"floor":42.0,"key":"PreservedInsect"},{"floor":43.0,"key":"Orichalcum"},{"floor":47.0,"key":"Happy Flower"},{"floor":54,"key":"War Paint"}],"event_choices":[{"damage_healed":0.0,"max_hp_gain":0.0,"max_hp_loss":0.0,"gold_gain":0.0,"event_name":"Living Wall","player_choice":"Grow","floor":2.0,"gold_loss":0.0,"damage_taken":0.0,"cards_upgraded":["Zap"]},{"damage_healed":0.0,"max_hp_gain":0.0,"max_hp_loss":0.0,"gold_gain":75.0,"event_name":"World of Goop","player_choice":"Gather Gold","floor":3.0,"gold_loss":0.0,"damage_taken":11.0},{"damage_healed":0.0,"max_hp_gain":0.0,"max_hp_loss":0.0,"gold_gain":0.0,"event_name":"Golden Idol","player_choice":"Ignored","floor":7.0,"gold_loss":0.0,"damage_taken":0.0},{"damage_healed":0.0,"max_hp_gain":0.0,"max_hp_loss":0.0,"gold_gain":0.0,"event_name":"Mushrooms","player_choice":"Fought Mushrooms","floor":12.0,"gold_loss":0.0,"damage_taken":0.0},{"damage_healed":0.0,"max_hp_gain":0.0,"max_hp_loss":0.0,"gold_gain":0.0,"event_name":"The Joust","player_choice":"Bet on Owner","floor":21.0,"gold_loss":50.0,"damage_taken":0.0},{"damage_healed":0.0,"max_hp_gain":0.0,"max_hp_loss":0.0,"gold_gain":50.0,"event_name":"Nest","player_choice":"Stole From Cult","floor":30.0,"gold_loss":0.0,"damage_taken":0.0},{"damage_healed":0.0,"max_hp_gain":0.0,"max_hp_loss":0.0,"gold_gain":0.0,"event_name":"Tomb of Lord Red Mask","player_choice":"Ignored","floor":36.0,"gold_loss":0.0,"damage_taken":0.0},{"cards_removed":["Defragment"],"damage_healed":0.0,"max_hp_gain":0.0,"max_hp_loss":0.0,"gold_gain":0.0,"event_name":"Falling","player_choice":"Removed Power","floor":45.0,"gold_loss":0.0,"damage_taken":0.0},{"damage_healed":0.0,"max_hp_gain":0.0,"max_hp_loss":0.0,"gold_gain":0.0,"event_name":"Accursed Blacksmith","player_choice":"Rummage","floor":46.0,"gold_loss":0.0,"damage_taken":0.0,"relics_obtained":["WarpedTongs"],"cards_obtained":["Pain"]}],"is_beta":true,"boss_relics":[{"not_picked":["Coffee Dripper","Tiny House"],"picked":"Astrolabe"},{"not_picked":["Orrery","Busted Crown"],"picked":"Fusion Hammer"}],"items_purged_floors":[19,53],"is_endless":false,"potions_floor_spawned":[5,10,12,14,20,22,27,33,39,41,48],"ascension_level":15}