{"gold_per_floor":[115,4,4,4,15,15,15,15,15,32,32,32,32,52,52,153,153,166,91,91,91,91,91,125,125,152,162,162],"floor_reached":28,"playtime":869,"items_purged":["Strike_B"],"score":247,"play_id":"2e4c2bf5-00b8-4feb-a0fb-b2eeec9e31b2","local_time":"20190313024808","is_ascension_mode":false,"campfire_choices":[{"data":"Gash","floor":6.0,"key":"SMITH"},{"data":"Gash","floor":8.0,"key":"SMITH"},{"data":"Defend_B","floor":15.0,"key":"PURGE"},{"data":"All For One","floor":23.0,"key":"SMITH"}],"neow_cost":"NONE","seed_source_timestamp":37977233255896,"circlet_count":0,"master_deck":["Strike_B","Defend_B","Defend_B","Zap+1","Dualcast+1","Gash+1","Reprogram","Gash+1","Gash","All For One+1","Gash","Leap","Go for the Eyes","Scrape","Leap","Turbo","Beam Cell+1","Beam Cell"],"special_seed":0,"relics":["Philosopher\u0027s Stone","Bottled Lightning","Peace Pipe","War Paint","Nloth\u0027s Gift","Vajra"],"potions_floor_usage":[],"damage_taken":[{"damage":7.0,"enemies":"Jaw Worm","floor":1.0,"turns":3.0},{"damage":0.0,"enemies":"2 Louse","floor":5.0,"turns":3.0},{"damage":8.0,"enemies":"Small Slimes","floor":10.0,"turns":2.0},{"damage":3.0,"enemies":"Blue Slaver","floor":14.0,"turns":3.0},{"damage":42.0,"enemies":"Hexaghost","floor":16.0,"turns":6.0},{"damage":15.0,"enemies":"3 Byrds","floor":18.0,"turns":3.0},{"damage":15.0,"enemies":"Colosseum Slavers","floor":20.0,"turns":3.0},{"damage":29.0,"enemies":"Gremlin Leader","floor":24.0,"turns":3.0},{"damage":0.0,"enemies":"Spheric Guardian","floor":27.0,"turns":2.0},{"damage":16,"enemies":"Snecko","floor":28,"turns":2}],"seed_played":"6792906690275143119","potions_obtained":[{"floor":5.0,"key":"Swift Potion"},{"floor":14.0,"key":"PowerPotion"}],"is_trial":false,"path_per_floor":["M","$","?","$","M","R","?","R","T","M","$","$","?","M","R","B",null,"M","?","?","?","$","R","E","?","T","M","M"],"character_chosen":"DEFECT","items_purchased":["Reprogram"],"campfire_rested":0,"item_purchase_floors":[2],"current_hp_per_floor":[68,68,68,68,68,68,61,61,61,53,53,53,46,43,43,1,75,60,60,45,45,45,45,16,16,16,16,0],"gold":162,"neow_bonus":"BOSS_RELIC","is_prod":false,"is_daily":false,"chose_seed":false,"campfire_upgraded":3,"win_rate":0,"timestamp":1552412888,"path_taken":["M","$","?","$","M","R","?","R","T","M","?","$","?","M","R","BOSS","M","?","?","?","?","R","E","?","T","M","?"],"build_version":"2019-01-23","purchased_purges":1,"victory":false,"max_hp_per_floor":[75,75,75,75,75,75,75,75,75,75,75,75,75,75,75,75,75,75,75,75,75,75,75,75,75,75,75,75],"card_choices":[{"not_picked":["Rebound","Chill"],"picked":"Gash","floor":1.0},{"not_picked":["Melter","Steam"],"picked":"Gash","floor":5.0},{"not_picked":["Recycle","Hologram"],"picked":"Gash","floor":10.0},{"not_picked":["Genetic Algorithm","Stack"],"picked":"Steam Power","floor":14.0},{"not_picked":["Machine Learning","Rainbow"],"picked":"All For One","floor":16.0},{"not_picked":["Defragment","Steam"],"picked":"Gash","floor":17.0},{"not_picked":["Redo","Tempest"],"picked":"Leap","floor":17.0},{"not_picked":["Meteor Strike","Loop"],"picked":"Go for the Eyes","floor":17.0},{"not_picked":["Coolheaded","Streamline"],"picked":"Scrape","floor":17.0},{"not_picked":["Genetic Algorithm","Sunder"],"picked":"Leap","floor":17.0},{"not_picked":["Conserve Battery","Cold Snap"],"picked":"Turbo","floor":18.0},{"not_picked":["Double Energy","Sunder+1"],"picked":"Beam Cell+1","floor":24.0},{"not_picked":["Consume","Compile Driver+1"],"picked":"Beam Cell","floor":27.0}],"player_experience":344078,"relics_obtained":[{"floor":9.0,"key":"Bottled Lightning"},{"floor":24.0,"key":"War Paint"},{"floor":26.0,"key":"Vajra"}],"event_choices":[{"cards_removed":["Strike_B"],"damage_healed":0.0,"max_hp_gain":0.0,"max_hp_loss":0.0,"gold_gain":0.0,"event_name":"Living Wall","player_choice":"Forget","floor":3.0,"gold_loss":0.0,"damage_taken":0.0},{"cards_removed":["Strike_B"],"damage_healed":0.0,"max_hp_gain":0.0,"max_hp_loss":0.0,"gold_gain":0.0,"event_name":"Golden Wing","player_choice":"Card Removal","floor":7.0,"gold_loss":0.0,"damage_taken":7.0},{"damage_healed":0.0,"max_hp_gain":0.0,"max_hp_loss":0.0,"gold_gain":0.0,"event_name":"Scrap Ooze","player_choice":"Success","floor":13.0,"gold_loss":0.0,"damage_taken":7.0,"relics_obtained":["Peace Pipe"]},{"cards_removed":["Defend_B"],"damage_healed":0.0,"max_hp_gain":0.0,"max_hp_loss":0.0,"gold_gain":0.0,"event_name":"Beggar","player_choice":"Gave Gold","floor":19.0,"gold_loss":75.0,"damage_taken":0.0},{"damage_healed":0.0,"max_hp_gain":0.0,"max_hp_loss":0.0,"gold_gain":0.0,"event_name":"Colosseum","player_choice":"Fight","floor":20.0,"gold_loss":0.0,"damage_taken":0.0},{"damage_healed":0.0,"max_hp_gain":0.0,"max_hp_loss":0.0,"gold_gain":0.0,"event_name":"Colosseum","player_choice":"Fled From Nobs","floor":20.0,"gold_loss":0.0,"damage_taken":0.0},{"cards_removed":["Steam Power"],"damage_healed":0.0,"max_hp_gain":0.0,"max_hp_loss":0.0,"gold_gain":0.0,"event_name":"Back to Basics","player_choice":"Elegance","floor":21.0,"gold_loss":0.0,"damage_taken":0.0},{"damage_healed":0.0,"max_hp_gain":0.0,"max_hp_loss":0.0,"gold_gain":0.0,"event_name":"N\u0027loth","player_choice":"Traded Relic","floor":25.0,"relics_lost":["Orrery"],"gold_loss":0.0,"damage_taken":0.0,"relics_obtained":["Nloth\u0027s Gift"]}],"is_beta":false,"boss_relics":[{"not_picked":["Runic Pyramid","Nuclear Battery"],"picked":"Orrery"}],"items_purged_floors":[2],"is_endless":false,"potions_floor_spawned":[5,14,20],"killed_by":"Snecko","ascension_level":0}