{"path_per_floor":["M","?","?","$","M","E","R","?","T","$","E","$","E","$","R","B",null,"M","?","M","$","?","R"],"character_chosen":"IRONCLAD","items_purchased":["Offering","Regen Potion","Thunderclap","Shrug It Off","Battle Trance","Fire Potion","Inflame"],"gold_per_floor":[109,184,184,6,21,48,48,48,75,21,47,47,111,26,26,130,130,148,148,165,9,9,9],"floor_reached":24,"campfire_rested":0,"playtime":1409,"current_hp_per_floor":[71,60,44,44,49,51,51,51,51,51,42,42,41,41,41,31,68,56,56,50,50,50,50],"items_purged":["Writhe"],"gold":9,"score":302,"play_id":"a0335036-f221-490e-aa2f-f46ab418517c","is_prod":false,"is_daily":false,"is_ascension_mode":true,"campfire_upgraded":3,"path_taken":["M","?","?","$","M","E","R","?","T","?","E","?","E","$","R","BOSS","M","?","?","$","?","R","E"],"build_version":"2018-02-12-PROD1","purchased_purges":1,"victory":false,"master_deck":["Strike_R","Strike_R","Strike_R","Strike_R","Defend_R","Defend_R","Defend_R","Defend_R+1","Bash+1","Armaments+1","Offering","Thunderclap","Warcry+1","Shrug It Off","Clash","Shrug It Off","Battle Trance","Limit Break","Heavy Blade+1","Whirlwind+1","Inflame"],"max_hp_per_floor":[80,80,80,80,80,80,80,80,80,80,80,80,80,80,80,80,80,80,80,80,80,80,80],"relics":["Burning Blood","Oddly Smooth Stone","Vajra","Anchor","Prayer Wheel","Tiny Chest","Black Star","Centennial Puzzle"],"card_choices":[{"not_picked":["Uppercut","Pummel"],"picked":"Armaments"},{"not_picked":["True Grit","Burning Pact"],"picked":"Warcry"},{"not_picked":["Dual Wield","Cleave"],"picked":"Clash"},{"not_picked":["Hemokinesis","Burning Pact"],"picked":"Shrug It Off"},{"not_picked":["Bludgeon","Immolate"],"picked":"Limit Break"},{"not_picked":["Evolve","Shrug It Off"],"picked":"Heavy Blade"},{"not_picked":["Anger","Sword Boomerang"],"picked":"Whirlwind"}],"player_experience":165057,"potions_floor_usage":[6,11,18,20,24],"damage_taken":[{"damage":7,"enemies":"Jaw Worm","floor":1,"turns":4},{"damage":1,"enemies":"2 Louse","floor":5,"turns":3},{"damage":19,"enemies":"3 Sentries","floor":6,"turns":7},{"damage":15,"enemies":"Gremlin Nob","floor":11,"turns":3},{"damage":7,"enemies":"3 Sentries","floor":13,"turns":7},{"damage":16,"enemies":"Slime Boss","floor":16,"turns":10},{"damage":18,"enemies":"3 Byrds","floor":18,"turns":7},{"damage":12,"enemies":"2 Thieves","floor":20,"turns":5},{"damage":52,"enemies":"Book of Stabbing","floor":24,"turns":8}],"event_choices":[{"event_name":"World of Goop","player_choice":"Gather Gold","floor":2,"damage_taken":0},{"event_name":"Shining Light","player_choice":"Entered Light","floor":3,"damage_taken":0},{"event_name":"Bonfire Elementals","player_choice":"BASIC","floor":8,"damage_taken":0},{"event_name":"The Mausoleum","player_choice":"Yes","floor":19,"damage_taken":0},{"event_name":"Addict","player_choice":"Ignored","floor":22,"damage_taken":0}],"boss_relics":[{"not_picked":["Ectoplasm","Runic Dome"],"picked":"Black Star"}],"potions_floor_spawned":[1,5,16],"seed_played":"4569058732492947369","killed_by":"Book of Stabbing","ascension_level":9,"is_trial":false}