{"gold_per_floor":[112,35,47,67,67,67,98,116,116,116,136,136,155,174,174,250,250,266,286,57,73,93,93,118,118,118,152,152,178,378,393,393,469,469,483,499,515,243,255,281,281,313,313,413,413,438,438,465,465,465,465,465,67,92,92],"floor_reached":56,"playtime":4120,"items_purged":["Strike_B","Strike_B","Strike_B"],"score":2435,"play_id":"ba04de82-d73c-4416-a5e3-e28387d8f5b4","local_time":"20190202193243","is_ascension_mode":true,"campfire_choices":[{"data":"Defragment","floor":6.0,"key":"SMITH"},{"data":"Zap","floor":10.0,"key":"SMITH"},{"data":"Genetic Algorithm","floor":12.0,"key":"SMITH"},{"data":"Electrodynamics","floor":15.0,"key":"SMITH"},{"data":"Capacitor","floor":23.0,"key":"SMITH"},{"data":"Biased Cognition","floor":28.0,"key":"SMITH"},{"data":"Machine Learning","floor":32.0,"key":"SMITH"},{"data":"Biased Cognition","floor":41.0,"key":"SMITH"},{"floor":45.0,"key":"RECALL"},{"data":"Buffer","floor":49.0,"key":"SMITH"},{"floor":52.0,"key":"DIG"}],"neow_cost":"NONE","seed_source_timestamp":2107439834515079,"circlet_count":0,"master_deck":["AscendersBane","Defend_B","Defend_B","Defend_B","Defend_B","Zap+1","Dualcast","Sweeping Beam","Undo","Defragment+1","Glacier","Steam Power","FTL","Genetic Algorithm+1","Ball Lightning","Electrodynamics+1","Echo Form","Chill","Capacitor+1","Hologram+1","Biased Cognition+1","Machine Learning+1","Glacier+1","Biased Cognition+1","Genetic Algorithm","Defragment+1","BootSequence","Buffer+1","Apotheosis"],"special_seed":0,"relics":["Cracked Core","Pen Nib","Velvet Choker","Membership Card","Mercury Hourglass","Meat on the Bone","Mummified Hand","FossilizedHelix","Black Star","Runic Capacitor","Bag of Marbles","Boot","Unceasing Top","Pocketwatch","Cables","Singing Bowl","Shovel","Anchor","Orichalcum","Regal Pillow","Gremlin Horn","Pear","Kunai","Shuriken","Mango","Lantern"],"potions_floor_usage":[55,55],"damage_taken":[{"damage":3.0,"enemies":"2 Louse","floor":1.0,"turns":4.0},{"damage":1.0,"enemies":"Cultist","floor":3.0,"turns":3.0},{"damage":4.0,"enemies":"Jaw Worm","floor":4.0,"turns":4.0},{"damage":15.0,"enemies":"Lagavulin","floor":7.0,"turns":10.0},{"damage":3.0,"enemies":"Large Slime","floor":8.0,"turns":6.0},{"damage":0.0,"enemies":"3 Louse","floor":11.0,"turns":2.0},{"damage":0.0,"enemies":"Looter","floor":13.0,"turns":3.0},{"damage":13.0,"enemies":"Gremlin Gang","floor":14.0,"turns":4.0},{"damage":8.0,"enemies":"Hexaghost","floor":16.0,"turns":12.0},{"damage":0.0,"enemies":"Chosen","floor":18.0,"turns":6.0},{"damage":6.0,"enemies":"2 Thieves","floor":19.0,"turns":5.0},{"damage":2.0,"enemies":"Snake Plant","floor":21.0,"turns":4.0},{"damage":0.0,"enemies":"3 Cultists","floor":22.0,"turns":3.0},{"damage":19.0,"enemies":"Book of Stabbing","floor":24.0,"turns":8.0},{"damage":2.0,"enemies":"Slavers","floor":27.0,"turns":4.0},{"damage":0.0,"enemies":"Gremlin Leader","floor":29.0,"turns":5.0},{"damage":0.0,"enemies":"Chosen and Byrds","floor":31.0,"turns":3.0},{"damage":2.0,"enemies":"Champ","floor":33.0,"turns":12.0},{"damage":0.0,"enemies":"Orb Walker","floor":35.0,"turns":5.0},{"damage":0.0,"enemies":"3 Darklings","floor":36.0,"turns":2.0},{"damage":0.0,"enemies":"4 Shapes","floor":37.0,"turns":4.0},{"damage":0.0,"enemies":"Jaw Worm Horde","floor":39.0,"turns":4.0},{"damage":0.0,"enemies":"Reptomancer","floor":40.0,"turns":6.0},{"damage":0.0,"enemies":"Nemesis","floor":42.0,"turns":7.0},{"damage":18.0,"enemies":"Mind Bloom Boss Battle","floor":44.0,"turns":4.0},{"damage":0.0,"enemies":"Giant Head","floor":46.0,"turns":8.0},{"damage":0.0,"enemies":"Reptomancer","floor":48.0,"turns":4.0},{"damage":0.0,"enemies":"Time Eater","floor":50.0,"turns":8.0},{"damage":6,"enemies":"Shield and Spear","floor":54,"turns":5},{"damage":9,"enemies":"The Heart","floor":55,"turns":11}],"seed_played":"3396853833361987226","potions_obtained":[{"floor":7.0,"key":"AttackPotion"},{"floor":8.0,"key":"EssenceOfSteel"},{"floor":13.0,"key":"Weak Potion"},{"floor":14.0,"key":"Swift Potion"},{"floor":24.0,"key":"Ancient Potion"},{"floor":31.0,"key":"Fire Potion"},{"floor":33.0,"key":"Ancient Potion"}],"is_trial":false,"path_per_floor":["M","$","M","M","?","R","E","M","T","R","M","R","M","M","R","B",null,"M","M","$","M","M","R","E","?","T","E","R","E","?","M","R","B",null,"M","M","M","$","M","E","R","E","T","?","R","E","?","E","R","B",null,"R","$","E","B",null],"character_chosen":"DEFECT","items_purchased":["Undo","Membership Card","Runic Capacitor","Genetic Algorithm","Bag of Marbles","Apotheosis","Kunai","Shuriken"],"campfire_rested":0,"item_purchase_floors":[2,20,38,38,38,53,53,53],"current_hp_per_floor":[68,68,67,63,63,63,48,45,45,45,45,45,45,32,32,24,65,65,59,59,57,57,57,38,38,38,48,48,48,48,48,48,46,70,70,70,70,70,70,70,70,70,70,54,54,56,56,58,58,58,75,85,85,95,86],"gold":92,"neow_bonus":"TEN_PERCENT_HP_BONUS","is_prod":false,"is_daily":false,"chose_seed":false,"campfire_upgraded":9,"win_rate":0,"timestamp":1549153963,"path_taken":["M","$","M","M","?","R","E","M","T","R","M","R","?","M","R","BOSS","M","M","$","M","M","R","E","?","T","E","R","E","?","?","R","BOSS","M","M","M","$","M","E","R","E","T","?","R","E","?","E","R","BOSS","R","$","E","BOSS"],"build_version":"2019-01-23","purchased_purges":3,"victory":true,"max_hp_per_floor":[78,78,78,78,78,78,78,78,78,78,78,78,78,78,78,78,78,78,78,78,78,78,78,78,78,78,78,78,78,78,78,78,78,78,78,78,78,78,78,78,78,78,78,80,80,82,78,80,80,80,80,90,90,106,106],"card_choices":[{"not_picked":["Beam Cell","Streamline"],"picked":"Sweeping Beam","floor":1.0},{"not_picked":["Go for the Eyes","Sunder"],"picked":"Defragment","floor":3.0},{"not_picked":["Sunder","Conserve Battery"],"picked":"Glacier","floor":4.0},{"not_picked":["Stack","Barrage"],"picked":"FTL","floor":7.0},{"not_picked":["Steam Power","Redo","Sweeping Beam"],"picked":"SKIP","floor":8.0},{"not_picked":["Hello World","Compile Driver"],"picked":"Genetic Algorithm","floor":11.0},{"not_picked":["Sweeping Beam","Undo"],"picked":"Ball Lightning","floor":13.0},{"not_picked":["Reprogram","Skim"],"picked":"Electrodynamics","floor":14.0},{"not_picked":["Amplify","Electrodynamics"],"picked":"Echo Form","floor":16.0},{"not_picked":["Leap","Conserve Battery"],"picked":"Chill","floor":18.0},{"not_picked":["Coolheaded","Steam Power","Go for the Eyes"],"picked":"SKIP","floor":19.0},{"not_picked":["Beam Cell","Ball Lightning"],"picked":"Capacitor","floor":21.0},{"not_picked":["Coolheaded","Beam Cell"],"picked":"Hologram+1","floor":22.0},{"not_picked":["Sweeping Beam","Gash","Skim"],"picked":"SKIP","floor":24.0},{"not_picked":["Gash","Hologram","Steam"],"picked":"SKIP","floor":27.0},{"not_picked":["Turbo","Tempest"],"picked":"Machine Learning","floor":29.0},{"not_picked":["Skim","Steam"],"picked":"Glacier+1","floor":31.0},{"not_picked":["Fission","Machine Learning"],"picked":"Biased Cognition","floor":33.0},{"not_picked":["Scrape","Redo+1","Tempest"],"picked":"SKIP","floor":35.0},{"not_picked":["Streamline","Beam Cell","Sunder"],"picked":"SKIP","floor":36.0},{"not_picked":["Streamline+1","Skim","Barrage"],"picked":"SKIP","floor":37.0},{"not_picked":["Ball Lightning","Doom and Gloom"],"picked":"Defragment+1","floor":39.0},{"not_picked":["Self Repair","Cold Snap"],"picked":"BootSequence","floor":40.0},{"not_picked":["Go for the Eyes","Gash"],"picked":"Buffer","floor":42.0},{"not_picked":["Gash","Cold Snap","Conserve Battery"],"picked":"Singing Bowl","floor":44.0},{"not_picked":["Redo","Compile Driver","Sunder"],"picked":"Singing Bowl","floor":46.0},{"not_picked":["Genetic Algorithm","Gash+1","Melter"],"picked":"Singing Bowl","floor":48.0},{"not_picked":["Defragment","Self Repair","Steam"],"picked":"Singing Bowl","floor":54}],"player_experience":1929646,"relics_obtained":[{"floor":7.0,"key":"Pen Nib"},{"floor":24.0,"key":"Mercury Hourglass"},{"floor":26.0,"key":"Meat on the Bone"},{"floor":27.0,"key":"Mummified Hand"},{"floor":29.0,"key":"FossilizedHelix"},{"floor":40.0,"key":"Boot"},{"floor":40.0,"key":"Unceasing Top"},{"floor":42.0,"key":"Pocketwatch"},{"floor":42.0,"key":"Cables"},{"floor":43.0,"key":"Singing Bowl"},{"floor":44.0,"key":"Shovel"},{"floor":46.0,"key":"Anchor"},{"floor":46.0,"key":"Orichalcum"},{"floor":48.0,"key":"Regal Pillow"},{"floor":48.0,"key":"Gremlin Horn"},{"floor":52.0,"key":"Pear"},{"floor":54,"key":"Mango"},{"floor":54,"key":"Lantern"}],"event_choices":[{"damage_healed":0.0,"max_hp_gain":0.0,"max_hp_loss":0.0,"gold_gain":0.0,"cards_transformed":["Strike_B"],"event_name":"Transmorgrifier","player_choice":"Transformed","floor":5.0,"gold_loss":0.0,"damage_taken":0.0,"cards_obtained":["Steam Power"]},{"damage_healed":0.0,"max_hp_gain":0.0,"max_hp_loss":0.0,"gold_gain":0.0,"event_name":"The Library","player_choice":"Read","floor":25.0,"gold_loss":0.0,"damage_taken":0.0,"cards_obtained":["Biased Cognition"]},{"damage_healed":0.0,"max_hp_gain":0.0,"max_hp_loss":0.0,"gold_gain":250.0,"event_name":"The Joust","player_choice":"Bet on Owner","floor":30.0,"gold_loss":50.0,"damage_taken":0.0},{"damage_healed":0.0,"max_hp_gain":0.0,"max_hp_loss":0.0,"gold_gain":0.0,"event_name":"MindBloom","player_choice":"Fight","floor":44.0,"gold_loss":0.0,"damage_taken":0.0},{"damage_healed":0.0,"max_hp_gain":0.0,"max_hp_loss":4.0,"gold_gain":0.0,"event_name":"Winding Halls","player_choice":"Max HP","floor":47.0,"gold_loss":0.0,"damage_taken":0.0}],"is_beta":true,"boss_relics":[{"not_picked":["Tiny House","White Beast Statue"],"picked":"Velvet Choker"},{"not_picked":["Snecko Eye","Nuclear Battery"],"picked":"Black Star"}],"items_purged_floors":[20,38,53],"is_endless":false,"potions_floor_spawned":[7,8,13,14,22,24,31,33,39,42,44,48,54],"ascension_level":15}