{"gold_per_floor":[117,131,145,2,2,2,27,27,51,69,69,28,42,67,67,144,144,159,48,60,110,10,10,28,28],"floor_reached":25,"playtime":837,"items_purged":["Strike_G","Strike_G"],"score":369,"play_id":"eb215c33-b4ce-4e33-ac17-ec7b4fd7fd4b","local_time":"20190306224450","is_ascension_mode":true,"campfire_choices":[{"data":"Deadly Poison","floor":6,"key":"SMITH"},{"data":"Neutralize","floor":8,"key":"SMITH"},{"data":"Poisoned Stab","floor":11,"key":"SMITH"},{"floor":15,"key":"REST"},{"floor":23,"key":"REST"}],"neow_cost":"NONE","seed_source_timestamp":1503699834924268,"circlet_count":0,"master_deck":["AscendersBane","Defend_G","Defend_G","Defend_G","Defend_G","Strike_G","Strike_G","Survivor","Neutralize+1","Catalyst+1","Deadly Poison+1","Poisoned Stab+1","Deadly Poison","Well Laid Plans","Die Die Die","Noxious Fumes","Footwork","Backflip","Blur"],"relics":["Empty Cage","Oddly Smooth Stone","Orichalcum","Ancient Tea Set","Art of War","Black Star"],"potions_floor_usage":[7,16,16,24,25],"damage_taken":[{"damage":1,"enemies":"Jaw Worm","floor":1,"turns":6},{"damage":2,"enemies":"Cultist","floor":2,"turns":5},{"damage":7,"enemies":"Small Slimes","floor":3,"turns":5},{"damage":21,"enemies":"3 Sentries","floor":7,"turns":9},{"damage":0,"enemies":"2 Fungi Beasts","floor":10,"turns":4},{"damage":12,"enemies":"3 Louse","floor":13,"turns":3},{"damage":12,"enemies":"Gremlin Nob","floor":14,"turns":3},{"damage":19,"enemies":"Slime Boss","floor":16,"turns":12},{"damage":7,"enemies":"Shell Parasite","floor":18,"turns":6},{"damage":8,"enemies":"3 Byrds","floor":20,"turns":5},{"damage":19,"enemies":"Snecko","floor":24,"turns":8},{"damage":39,"enemies":"Slavers","floor":25,"turns":2}],"seed_played":"512453203686096553","potions_obtained":[{"floor":1,"key":"PowerPotion"},{"floor":2,"key":"AttackPotion"},{"floor":10,"key":"GhostInAJar"},{"floor":13,"key":"Fire Potion"},{"floor":16,"key":"Fire Potion"},{"floor":20,"key":"GamblersBrew"}],"is_trial":false,"path_per_floor":["M","M","M","$","?","R","E","R","T","M","R","$","M","E","R","B",null,"M","$","M","?","$","R","M","E"],"character_chosen":"THE_SILENT","items_purchased":["Oddly Smooth Stone","Well Laid Plans","Footwork"],"campfire_rested":2,"item_purchase_floors":[4,12,19],"current_hp_per_floor":[58,56,49,49,49,49,28,28,28,28,28,28,16,4,23,4,51,44,44,36,36,36,55,36,0],"gold":28,"neow_bonus":"BOSS_RELIC","is_prod":false,"is_daily":false,"chose_seed":false,"campfire_upgraded":3,"win_rate":0,"timestamp":1551930290,"path_taken":["M","M","M","$","?","R","E","R","T","M","R","$","M","E","R","BOSS","M","?","M","?","$","R","M","E"],"build_version":"2019-02-06","purchased_purges":2,"victory":false,"max_hp_per_floor":[66,66,66,66,66,66,66,66,66,66,66,66,66,66,66,66,66,66,66,66,66,66,66,66,66],"card_choices":[{"not_picked":["Flechettes","Bane"],"picked":"Catalyst","floor":1},{"not_picked":["Quick Slash","PiercingWail"],"picked":"Deadly Poison","floor":2},{"not_picked":["Tactician","Sucker Punch"],"picked":"Poisoned Stab","floor":3},{"not_picked":["Outmaneuver","Setup"],"picked":"Deadly Poison","floor":7},{"not_picked":["Quick Slash","Reflex","Blade Dance"],"picked":"SKIP","floor":10},{"not_picked":["Dagger Throw","Deadly Poison","Deflect"],"picked":"SKIP","floor":13},{"not_picked":["Blade Dance","Dodge and Roll","Sucker Punch"],"picked":"SKIP","floor":14},{"not_picked":["Grand Finale","Glass Knife"],"picked":"Die Die Die","floor":16},{"not_picked":["Predator+1","Outmaneuver+1"],"picked":"Noxious Fumes","floor":18},{"not_picked":["Accuracy","Deflect"],"picked":"Backflip","floor":20},{"not_picked":["Acrobatics","Tactician"],"picked":"Blur","floor":24}],"player_experience":2111491,"relics_obtained":[{"floor":7,"key":"Orichalcum"},{"floor":9,"key":"Ancient Tea Set"},{"floor":14,"key":"Art of War"}],"event_choices":[{"damage_healed":0,"gold_gain":0,"player_choice":"Upgraded","damage_taken":0,"max_hp_gain":0,"max_hp_loss":0,"event_name":"Upgrade Shrine","floor":5,"gold_loss":0,"cards_upgraded":["Catalyst"]},{"damage_healed":0,"gold_gain":50,"player_choice":"Stole From Cult","damage_taken":0,"max_hp_gain":0,"max_hp_loss":0,"event_name":"Nest","floor":21,"gold_loss":0}],"is_beta":true,"boss_relics":[{"not_picked":["Calling Bell","Coffee Dripper"],"picked":"Black Star"}],"items_purged_floors":[19,22],"is_endless":false,"potions_floor_spawned":[1,2,10,13,16,20],"killed_by":"Slavers","ascension_level":15}