{"gold_per_floor":[109,6,6,25,25,25,56,56,126,51,51,70,70,100,100,174,174,193,203,217,23,41,41,41,41,65,80,80,5,20,37,37,115,115,129,129,129,149,1148,1148,1478,1478,1478,839,852,867,867,345,345,345,345,345,28,53,53],"floor_reached":56,"playtime":2173,"items_purged":["Strike_R","Strike_R+1","Parasite"],"score":1895,"play_id":"bac61f21-1da5-46ce-8736-f55e12453a5b","local_time":"20190111201916","is_ascension_mode":true,"campfire_choices":[{"data":"Strike_R","floor":6.0,"key":"SMITH"},{"data":"Corruption","floor":8.0,"key":"SMITH"},{"data":"Whirlwind","floor":11.0,"key":"SMITH"},{"floor":15.0,"key":"REST"},{"data":"Uppercut","floor":23.0,"key":"SMITH"},{"data":"Armaments","floor":25.0,"key":"SMITH"},{"data":"Spot Weakness","floor":32.0,"key":"SMITH"},{"data":"Sword Boomerang","floor":40.0,"key":"SMITH"},{"data":"Demon Form","floor":42.0,"key":"SMITH"},{"floor":49.0,"key":"RECALL"},{"data":"Feel No Pain","floor":52.0,"key":"SMITH"}],"neow_cost":"NONE","seed_source_timestamp":211136278721251,"circlet_count":0,"master_deck":["AscendersBane","Defend_R","Defend_R","Defend_R","Defend_R","Bash+1","Shrug It Off","Disarm","Corruption+1","Spot Weakness+1","Whirlwind+1","Shrug It Off+1","Exhume","Disarm","Impervious","Metallicize","Armaments+1","Battle Trance","Uppercut+1","Sword Boomerang+1","Reaper","Warcry+1","Demon Form+1","Heavy Blade+1","Shrug It Off+1","Finesse","Thinking Ahead","Panacea","Feel No Pain+1","Disarm","Feel No Pain","Flame Barrier"],"special_seed":0,"relics":["Burning Blood","Omamori","Strawberry","Runic Pyramid","Mercury Hourglass","Blood Vial","Black Star","Molten Egg 2","Old Coin","Lantern","War Paint","Pear","Strange Spoon","Orichalcum","Bag of Marbles"],"potions_floor_usage":[55,55],"damage_taken":[{"damage":0.0,"enemies":"Small Slimes","floor":1.0,"turns":3.0},{"damage":1.0,"enemies":"2 Louse","floor":4.0,"turns":4.0},{"damage":42.0,"enemies":"Gremlin Nob","floor":7.0,"turns":5.0},{"damage":5.0,"enemies":"Jaw Worm","floor":12.0,"turns":4.0},{"damage":15.0,"enemies":"3 Sentries","floor":14.0,"turns":6.0},{"damage":56.0,"enemies":"Slime Boss","floor":16.0,"turns":11.0},{"damage":5.0,"enemies":"Spheric Guardian","floor":18.0,"turns":4.0},{"damage":0.0,"enemies":"Shell Parasite","floor":19.0,"turns":6.0},{"damage":10.0,"enemies":"Sentry and Sphere","floor":20.0,"turns":6.0},{"damage":1.0,"enemies":"Shelled Parasite and Fungi","floor":22.0,"turns":6.0},{"damage":0.0,"enemies":"Snake Plant","floor":27.0,"turns":6.0},{"damage":4.0,"enemies":"Cultist and Chosen","floor":30.0,"turns":7.0},{"damage":5.0,"enemies":"3 Cultists","floor":31.0,"turns":5.0},{"damage":28.0,"enemies":"Collector","floor":33.0,"turns":9.0},{"damage":31.0,"enemies":"3 Darklings","floor":35.0,"turns":6.0},{"damage":3.0,"enemies":"Orb Walker","floor":38.0,"turns":4.0},{"damage":61.0,"enemies":"Reptomancer","floor":41.0,"turns":9.0},{"damage":10.0,"enemies":"Spire Growth","floor":45.0,"turns":7.0},{"damage":12.0,"enemies":"Writhing Mass","floor":46.0,"turns":10.0},{"damage":43.0,"enemies":"Donu and Deca","floor":50.0,"turns":10.0},{"damage":69.0,"enemies":"Shield and Spear","floor":54.0,"turns":8.0},{"damage":77,"enemies":"The Heart","floor":55,"turns":13}],"seed_played":"-2371097133874379599","potions_obtained":[{"floor":4.0,"key":"Strength Potion"},{"floor":12.0,"key":"Explosive Potion"},{"floor":16.0,"key":"PowerPotion"},{"floor":22.0,"key":"Poison Potion"}],"is_trial":false,"path_per_floor":["M","$","?","M","?","R","E","R","T","$","R","M","?","E","R","B",null,"M","M","M","$","M","R","T","R","T","M","?","?","M","M","R","B",null,"M","?","?","M","?","R","E","R","T","$","M","M","?","$","R","B",null,"R","$","E","B",null],"character_chosen":"IRONCLAD","items_purchased":["Shrug It Off","Disarm","Whirlwind","Uppercut","Sword Boomerang","Heavy Blade+1","Shrug It Off","Finesse","War Paint","Dexterity Potion","Thinking Ahead","Feel No Pain","Pear","Disarm","Strange Spoon","PowerPotion","Feel No Pain"],"campfire_rested":1,"item_purchase_floors":[2,2,10,21,21,44,44,44,44,44,44,48,48,48,53,53,53],"current_hp_per_floor":[81,81,74,79,79,79,43,43,43,43,43,44,44,42,68,18,71,72,78,74,74,79,79,79,79,79,87,87,87,89,89,89,67,84,89,89,89,89,89,89,68,68,68,68,89,89,79,89,89,91,95,95,95,96,67],"gold":53,"neow_bonus":"TEN_PERCENT_HP_BONUS","is_prod":false,"is_daily":false,"chose_seed":false,"campfire_upgraded":9,"win_rate":0,"timestamp":1547255956,"path_taken":["M","$","?","M","?","R","E","R","T","?","R","M","?","E","R","BOSS","M","M","M","$","?","R","?","R","T","M","?","?","M","M","R","BOSS","M","?","?","M","?","R","E","R","T","?","M","?","?","$","R","BOSS","R","$","E","BOSS"],"build_version":"2019-01-10","purchased_purges":3,"victory":true,"max_hp_per_floor":[82,82,82,82,82,82,82,82,82,82,82,82,82,89,89,89,89,89,89,89,89,89,89,89,89,89,89,89,89,89,89,89,89,89,89,89,89,89,89,89,89,89,89,89,89,89,89,96,96,96,96,96,96,96,96],"card_choices":[{"not_picked":["Flex","Reckless Charge","Searing Blow"],"picked":"SKIP","floor":1.0},{"not_picked":["Feel No Pain","Havoc"],"picked":"Corruption","floor":4.0},{"not_picked":["Thunderclap","Infernal Blade"],"picked":"Spot Weakness","floor":7.0},{"not_picked":["Clothesline","Sentinel"],"picked":"Shrug It Off","floor":12.0},{"not_picked":["Power Through","Warcry"],"picked":"Disarm","floor":14.0},{"not_picked":["Immolate","Juggernaut"],"picked":"Impervious","floor":16.0},{"not_picked":["Thunderclap","Wild Strike"],"picked":"Metallicize","floor":18.0},{"not_picked":["Entrench","Twin Strike"],"picked":"Armaments","floor":19.0},{"not_picked":["Anger","Fire Breathing"],"picked":"Battle Trance","floor":20.0},{"not_picked":["Cleave","Armaments","Combust"],"picked":"SKIP","floor":22.0},{"not_picked":["Dropkick","Fire Breathing"],"picked":"Shrug It Off","floor":27.0},{"not_picked":["True Grit","Sword Boomerang","Flex"],"picked":"SKIP","floor":30.0},{"not_picked":["Infernal Blade+1","Blood for Blood","Heavy Blade+1"],"picked":"SKIP","floor":31.0},{"not_picked":["Dark Embrace","Fiend Fire"],"picked":"Reaper","floor":33.0},{"not_picked":["Sword Boomerang","Anger"],"picked":"Warcry+1","floor":35.0},{"not_picked":["Clothesline","Sentinel","Flex"],"picked":"SKIP","floor":38.0},{"not_picked":["Sword Boomerang","Uppercut+1"],"picked":"Demon Form","floor":41.0},{"not_picked":["Sword Boomerang+1","Warcry+1","Armaments"],"picked":"SKIP","floor":45.0},{"not_picked":["Clothesline+1","Dropkick+1","Evolve"],"picked":"SKIP","floor":46.0},{"not_picked":["Trip","Thinking Ahead"],"picked":"Panacea","floor":47.0},{"not_picked":["Clothesline+1","Twin Strike+1"],"picked":"Flame Barrier","floor":54.0}],"player_experience":1828079,"relics_obtained":[{"floor":7.0,"key":"Omamori"},{"floor":14.0,"key":"Strawberry"},{"floor":24.0,"key":"Mercury Hourglass"},{"floor":26.0,"key":"Blood Vial"},{"floor":41.0,"key":"Molten Egg 2"},{"floor":41.0,"key":"Old Coin"},{"floor":43.0,"key":"Lantern"},{"floor":54.0,"key":"Orichalcum"},{"floor":54.0,"key":"Bag of Marbles"}],"event_choices":[{"cards_removed":["Strike_R"],"damage_healed":0.0,"max_hp_gain":0.0,"max_hp_loss":0.0,"gold_gain":0.0,"event_name":"Golden Wing","player_choice":"Card Removal","floor":3.0,"gold_loss":0.0,"damage_taken":7.0},{"damage_healed":0.0,"max_hp_gain":0.0,"max_hp_loss":0.0,"gold_gain":0.0,"event_name":"Living Wall","player_choice":"Grow","floor":5.0,"gold_loss":0.0,"damage_taken":0.0,"cards_upgraded":["Bash"]},{"damage_healed":0.0,"max_hp_gain":0.0,"max_hp_loss":0.0,"gold_gain":0.0,"cards_transformed":["Strike_R"],"event_name":"Transmorgrifier","player_choice":"Transformed","floor":13.0,"gold_loss":0.0,"damage_taken":0.0,"cards_obtained":["Exhume"]},{"damage_healed":0.0,"max_hp_gain":0.0,"max_hp_loss":0.0,"gold_gain":0.0,"event_name":"Ghosts","player_choice":"Ignored","floor":28.0,"gold_loss":0.0,"damage_taken":0.0},{"cards_removed":["Strike_R"],"damage_healed":0.0,"max_hp_gain":0.0,"max_hp_loss":0.0,"gold_gain":0.0,"event_name":"Beggar","player_choice":"Gave Gold","floor":29.0,"gold_loss":75.0,"damage_taken":0.0},{"cards_removed":["Shrug It Off"],"damage_healed":0.0,"max_hp_gain":0.0,"max_hp_loss":0.0,"gold_gain":0.0,"event_name":"Falling","player_choice":"Removed Skill","floor":36.0,"gold_loss":0.0,"damage_taken":0.0},{"damage_healed":0.0,"max_hp_gain":0.0,"max_hp_loss":0.0,"gold_gain":0.0,"event_name":"Tomb of Lord Red Mask","player_choice":"Ignored","floor":37.0,"gold_loss":0.0,"damage_taken":0.0},{"damage_healed":0.0,"max_hp_gain":0.0,"max_hp_loss":0.0,"gold_gain":999.0,"event_name":"MindBloom","player_choice":"Gold","floor":39.0,"gold_loss":0.0,"damage_taken":0.0,"cards_obtained":["Normality","Normality"]},{"damage_healed":0.0,"max_hp_gain":0.0,"max_hp_loss":0.0,"gold_gain":0.0,"event_name":"SensoryStone","player_choice":"Memory 3","floor":47.0,"gold_loss":0.0,"damage_taken":10.0}],"is_beta":true,"boss_relics":[{"not_picked":["Sozu","Astrolabe"],"picked":"Runic Pyramid"},{"not_picked":["Eternal Feather","Empty Cage"],"picked":"Black Star"}],"items_purged_floors":[21,44,48],"is_endless":false,"potions_floor_spawned":[4,12,16,22,27,31,45,46],"ascension_level":15}