{"gold_per_floor":[111,127,137,137,137,137,157,157,157,232,265,190,75,100,100,176,176,193,193,203,219,68,68,81,81,81,114,130,156,156,167,167,240,240,253,273,116,135,109,119,138,138,138,171,171,204,204,219,219,219,219,219,35,69,69],"floor_reached":56,"playtime":2168,"items_purged":["Strike_R"],"score":2262,"play_id":"5a1f59e4-f5ab-4527-8875-e3e045642d0a","local_time":"20190130205525","is_ascension_mode":true,"campfire_choices":[{"data":"Inflame","floor":6,"key":"SMITH"},{"data":"Battle Trance","floor":8,"key":"SMITH"},{"data":"Fiend Fire","floor":15,"key":"SMITH"},{"data":"Barricade","floor":23,"key":"SMITH"},{"data":"Body Slam","floor":25,"key":"SMITH"},{"data":"Feel No Pain","floor":32,"key":"SMITH"},{"data":"Feel No Pain","floor":42,"key":"SMITH"},{"floor":45,"key":"REST"},{"floor":47,"key":"RECALL"},{"floor":49,"key":"REST"},{"data":"Feel No Pain","floor":52,"key":"SMITH"}],"neow_cost":"TEN_PERCENT_HP_LOSS","seed_source_timestamp":1855162147292111,"circlet_count":0,"master_deck":["AscendersBane","Strike_R","Strike_R","Defend_R","Defend_R","Defend_R","Defend_R","Bash","Power Through","Inflame+1","True Grit+1","Clothesline","Battle Trance+1","Fiend Fire+1","Feel No Pain+1","Barricade+1","Body Slam+1","Pommel Strike+1","Shrug It Off","Feel No Pain+1","Impervious","Limit Break","Feel No Pain+1","Offering","Shrug It Off","Battle Trance+1","Offering","Evolve","True Grit","Power Through+1","Warcry+1","Corruption","Feel No Pain"],"relics":["Burning Blood","Prayer Wheel","Pocketwatch","Mercury Hourglass","Letter Opener","Paper Frog","Runic Dome","Potion Belt","Anchor","Pen Nib","Busted Crown","Bronze Scales","Toxic Egg 2","Strawberry","Bag of Preparation","Happy Flower"],"potions_floor_usage":[55,55,55],"damage_taken":[{"damage":1,"enemies":"Cultist","floor":1,"turns":3},{"damage":0,"enemies":"Small Slimes","floor":2,"turns":3},{"damage":3,"enemies":"2 Louse","floor":3,"turns":3},{"damage":4,"enemies":"2 Fungi Beasts","floor":7,"turns":3},{"damage":1,"enemies":"Lagavulin","floor":11,"turns":6},{"damage":2,"enemies":"3 Sentries","floor":14,"turns":6},{"damage":0,"enemies":"Slime Boss","floor":16,"turns":3},{"damage":4,"enemies":"Shell Parasite","floor":18,"turns":3},{"damage":0,"enemies":"Chosen","floor":20,"turns":4},{"damage":3,"enemies":"Snecko","floor":21,"turns":3},{"damage":8,"enemies":"Centurion and Healer","floor":24,"turns":6},{"damage":14,"enemies":"Book of Stabbing","floor":27,"turns":5},{"damage":0,"enemies":"Cultist and Chosen","floor":28,"turns":5},{"damage":7,"enemies":"Slavers","floor":29,"turns":8},{"damage":6,"enemies":"Snake Plant","floor":31,"turns":3},{"damage":6,"enemies":"Collector","floor":33,"turns":6},{"damage":0,"enemies":"Orb Walker","floor":35,"turns":3},{"damage":12,"enemies":"3 Darklings","floor":36,"turns":5},{"damage":7,"enemies":"4 Shapes","floor":38,"turns":6},{"damage":6,"enemies":"Jaw Worm Horde","floor":40,"turns":4},{"damage":12,"enemies":"Maw","floor":41,"turns":5},{"damage":22,"enemies":"Reptomancer","floor":44,"turns":6},{"damage":12,"enemies":"Giant Head","floor":46,"turns":6},{"damage":24,"enemies":"3 Darklings","floor":48,"turns":6},{"damage":26,"enemies":"Donu and Deca","floor":50,"turns":6},{"damage":12,"enemies":"Shield and Spear","floor":54,"turns":5},{"damage":17,"enemies":"The Heart","floor":55,"turns":7}],"seed_played":"4551923492134991367","potions_obtained":[{"floor":7,"key":"Block Potion"},{"floor":14,"key":"AttackPotion"},{"floor":27,"key":"LiquidBronze"},{"floor":28,"key":"BloodPotion"},{"floor":38,"key":"LiquidBronze"}],"is_trial":false,"path_per_floor":["M","M","M","?","?","R","M","R","T","?","E","?","$","E","R","B",null,"M","$","M","M","$","R","M","R","T","E","M","E","?","M","R","B",null,"M","M","$","M","$","M","M","R","T","E","R","E","R","M","R","B",null,"R","$","E","B",null],"character_chosen":"IRONCLAD","items_purchased":["Feel No Pain","Impervious","Bronze Scales","True Grit","Corruption","Bag of Preparation"],"campfire_rested":2,"item_purchase_floors":[13,22,37,39,53,53],"current_hp_per_floor":[68,68,68,57,57,57,59,59,59,48,53,53,53,57,57,63,67,68,68,68,68,68,68,66,66,66,58,64,63,63,63,63,63,67,68,62,62,61,61,61,55,55,55,39,59,60,60,42,64,44,67,67,67,61,50],"gold":69,"neow_bonus":"ONE_RARE_RELIC","is_prod":false,"is_daily":false,"chose_seed":false,"campfire_upgraded":8,"win_rate":0,"timestamp":1548899725,"path_taken":["M","?","M","?","?","R","M","R","T","?","E","?","$","E","R","BOSS","M","$","M","M","$","R","M","R","T","E","M","E","?","M","R","BOSS","M","?","$","M","$","M","M","R","T","E","R","E","R","M","R","BOSS","R","$","E","BOSS"],"build_version":"2019-01-23","purchased_purges":1,"victory":true,"max_hp_per_floor":[68,68,68,68,68,68,68,68,68,68,68,68,68,68,68,68,68,68,68,68,68,68,68,68,68,68,68,68,68,68,68,68,68,68,68,68,68,68,68,68,68,68,68,68,68,75,75,75,75,75,75,75,75,75,75],"card_choices":[{"not_picked":["Pummel","Havoc"],"picked":"Power Through","floor":1},{"not_picked":["Heavy Blade","Body Slam","Reckless Charge"],"picked":"SKIP","floor":1},{"not_picked":["Feel No Pain","Wild Strike"],"picked":"Inflame","floor":2},{"not_picked":["Clash","Perfected Strike"],"picked":"True Grit","floor":2},{"not_picked":["Flex","Dark Embrace"],"picked":"Clothesline","floor":3},{"not_picked":["Cleave","Clash","True Grit"],"picked":"SKIP","floor":3},{"not_picked":["Flex","Headbutt"],"picked":"Battle Trance","floor":7},{"not_picked":["Clash","True Grit","Pommel Strike"],"picked":"SKIP","floor":7},{"not_picked":["Thunderclap","Heavy Blade"],"picked":"Fiend Fire","floor":11},{"not_picked":["Sever Soul","Fire Breathing","Havoc"],"picked":"SKIP","floor":14},{"not_picked":["Fiend Fire","Immolate"],"picked":"Barricade","floor":16},{"not_picked":["Carnage","Anger"],"picked":"Body Slam","floor":18},{"not_picked":["Combust","Anger","Twin Strike"],"picked":"SKIP","floor":18},{"not_picked":["Havoc","Cleave"],"picked":"Pommel Strike+1","floor":20},{"not_picked":["Clothesline","Bludgeon","Warcry"],"picked":"SKIP","floor":20},{"not_picked":["Limit Break","Armaments"],"picked":"Shrug It Off","floor":21},{"not_picked":["Shrug It Off","True Grit"],"picked":"Feel No Pain","floor":21},{"not_picked":["Dropkick+1","Body Slam"],"picked":"Limit Break","floor":24},{"not_picked":["Pommel Strike","Cleave"],"picked":"Feel No Pain","floor":24},{"not_picked":["Combust","Seeing Red","Perfected Strike"],"picked":"SKIP","floor":27},{"not_picked":["Warcry","Bloodletting","Twin Strike"],"picked":"SKIP","floor":28},{"not_picked":["Dual Wield","Perfected Strike","Cleave"],"picked":"SKIP","floor":28},{"not_picked":["Intimidate","Clash"],"picked":"Offering","floor":29},{"not_picked":["Heavy Blade+1","Seeing Red"],"picked":"Shrug It Off","floor":31},{"not_picked":["Reckless Charge","True Grit+1"],"picked":"Battle Trance+1","floor":31},{"not_picked":["Exhume","Fiend Fire"],"picked":"Offering","floor":33},{"not_picked":[],"picked":"Evolve","floor":35},{"not_picked":["Havoc"],"picked":"SKIP","floor":35},{"not_picked":["Anger"],"picked":"SKIP","floor":36},{"not_picked":["Pummel"],"picked":"SKIP","floor":36},{"not_picked":["Clothesline"],"picked":"SKIP","floor":38},{"not_picked":["Hemokinesis"],"picked":"SKIP","floor":38},{"not_picked":["Havoc"],"picked":"SKIP","floor":40},{"not_picked":["Feel No Pain"],"picked":"SKIP","floor":40},{"not_picked":["Cleave+1"],"picked":"SKIP","floor":41},{"not_picked":["Sentinel"],"picked":"SKIP","floor":41},{"not_picked":[],"picked":"Power Through","floor":44},{"not_picked":[],"picked":"Warcry+1","floor":46},{"not_picked":["Clash"],"picked":"SKIP","floor":48},{"not_picked":["Wild Strike"],"picked":"SKIP","floor":48},{"not_picked":[],"picked":"Feel No Pain","floor":54}],"player_experience":1915441,"relics_obtained":[{"floor":9,"key":"Mercury Hourglass"},{"floor":11,"key":"Letter Opener"},{"floor":14,"key":"Paper Frog"},{"floor":26,"key":"Potion Belt"},{"floor":27,"key":"Anchor"},{"floor":29,"key":"Pen Nib"},{"floor":44,"key":"Toxic Egg 2"},{"floor":46,"key":"Strawberry"},{"floor":54,"key":"Happy Flower"}],"event_choices":[{"damage_healed":0,"gold_gain":0,"player_choice":"Success","damage_taken":11,"relics_obtained":["Pocketwatch"],"max_hp_gain":0,"max_hp_loss":0,"event_name":"Scrap Ooze","floor":4,"gold_loss":0},{"damage_healed":0,"gold_gain":0,"player_choice":"Grow","damage_taken":0,"max_hp_gain":0,"max_hp_loss":0,"event_name":"Living Wall","floor":5,"gold_loss":0,"cards_upgraded":["True Grit"]},{"damage_healed":0,"gold_gain":75,"player_choice":"Gather Gold","damage_taken":11,"max_hp_gain":0,"max_hp_loss":0,"event_name":"World of Goop","floor":10,"gold_loss":0},{"cards_removed":["Strike_R"],"damage_healed":0,"gold_gain":0,"player_choice":"Card Removal","damage_taken":0,"max_hp_gain":0,"max_hp_loss":0,"event_name":"The Cleric","floor":12,"gold_loss":75},{"cards_removed":["Strike_R"],"damage_healed":0,"gold_gain":0,"player_choice":"Purged","damage_taken":0,"max_hp_gain":0,"max_hp_loss":0,"event_name":"Purifier","floor":30,"gold_loss":0}],"is_beta":true,"boss_relics":[{"not_picked":["Runic Cube","Black Star"],"picked":"Runic Dome"},{"not_picked":["Mark of Pain","Eternal Feather"],"picked":"Busted Crown"}],"items_purged_floors":[13],"is_endless":false,"potions_floor_spawned":[7,14,16,27,28,31,38,40,46],"ascension_level":15}