{"gold_per_floor":[115,125,44,44,62,87,87,120,120,120,149,149,169,182,182,256,256,269,113,133,133,144,144,173,192,192,92,142,142,65,65],"floor_reached":31,"playtime":1805,"items_purged":["Strike_G","Strike_G"],"score":478,"play_id":"b17389ca-a13e-4752-bc7e-f350337c3a60","local_time":"20190220200813","is_ascension_mode":true,"campfire_choices":[{"floor":7,"key":"REST"},{"data":"Infinite Blades","floor":10,"key":"SMITH"},{"data":"Cloak And Dagger","floor":15,"key":"SMITH"},{"data":"Cloak And Dagger","floor":23,"key":"SMITH"},{"floor":29,"key":"REST"}],"neow_cost":"NONE","seed_source_timestamp":283645099909949,"circlet_count":0,"master_deck":["AscendersBane","Defend_G","Defend_G","Defend_G","Defend_G","Defend_G","Strike_G","Strike_G","Strike_G+1","Survivor","Neutralize+1","Dash","Infinite Blades+1","Dagger Throw","Cloak And Dagger+1","Terror","PiercingWail","Skewer","Writhe","Cloak And Dagger+1","Cloak And Dagger+1","Infinite Blades"],"relics":["WristBlade","Centennial Puzzle","Shuriken","Whetstone","Blue Candle","Mummified Hand","Philosopher\u0027s Stone","Orichalcum","WingedGreaves"],"potions_floor_usage":[18,24,31],"damage_taken":[{"damage":4,"enemies":"Small Slimes","floor":1,"turns":6},{"damage":1,"enemies":"Jaw Worm","floor":2,"turns":5},{"damage":0,"enemies":"2 Louse","floor":5,"turns":3},{"damage":32,"enemies":"Gremlin Nob","floor":6,"turns":5},{"damage":5,"enemies":"3 Sentries","floor":8,"turns":10},{"damage":15,"enemies":"Lagavulin","floor":11,"turns":6},{"damage":1,"enemies":"2 Fungi Beasts","floor":13,"turns":3},{"damage":0,"enemies":"Looter","floor":14,"turns":3},{"damage":7,"enemies":"Hexaghost","floor":16,"turns":7},{"damage":3,"enemies":"Shell Parasite","floor":18,"turns":5},{"damage":0,"enemies":"Chosen","floor":20,"turns":3},{"damage":13,"enemies":"Snake Plant","floor":22,"turns":3},{"damage":22,"enemies":"Book of Stabbing","floor":24,"turns":5},{"damage":10,"enemies":"Snecko","floor":25,"turns":4},{"damage":31,"enemies":"Slavers","floor":31,"turns":1}],"seed_played":"8191632706112266546","potions_obtained":[{"floor":1,"key":"Explosive Potion"},{"floor":11,"key":"Poison Potion"},{"floor":16,"key":"Block Potion"},{"floor":25,"key":"Explosive Potion"}],"is_trial":false,"path_per_floor":["M","M","$","?","M","E","R","E","T","R","E","T","M","M","R","B",null,"M","$","M","?","M","R","E","M","T","$","?","R","$","E"],"character_chosen":"THE_SILENT","items_purchased":["Infinite Blades","Terror","PiercingWail","Infinite Blades"],"campfire_rested":2,"item_purchase_floors":[3,19,19,30],"current_hp_per_floor":[55,54,54,54,54,22,41,36,36,36,21,21,20,20,20,13,53,50,50,50,50,37,37,15,5,5,5,5,24,24,0],"gold":65,"neow_bonus":"BOSS_RELIC","is_prod":false,"is_daily":false,"chose_seed":false,"campfire_upgraded":3,"win_rate":0,"timestamp":1550711293,"path_taken":["M","M","$","?","M","E","R","E","T","R","E","?","M","M","R","BOSS","M","$","M","?","M","R","E","M","T","$","?","R","$","E"],"build_version":"2019-02-06","purchased_purges":2,"victory":false,"max_hp_per_floor":[66,66,66,66,66,66,66,66,66,66,66,66,66,66,66,66,66,66,66,66,66,66,66,66,66,66,66,66,66,66,66],"card_choices":[{"not_picked":["Cloak And Dagger","Calculated Gamble"],"picked":"Dash","floor":1},{"not_picked":["Underhanded Strike","Dodge and Roll","Calculated Gamble"],"picked":"SKIP","floor":2},{"not_picked":["Tactician","Flying Knee","Quick Slash"],"picked":"SKIP","floor":5},{"not_picked":["Endless Agony","Outmaneuver","Blade Dance"],"picked":"SKIP","floor":6},{"not_picked":["Grand Finale","Prepared"],"picked":"Dagger Throw","floor":8},{"not_picked":["Noxious Fumes","Dash"],"picked":"Cloak And Dagger","floor":11},{"not_picked":["Deadly Poison","Poisoned Stab","Dash"],"picked":"SKIP","floor":13},{"not_picked":["Concentrate","Deadly Poison","Quick Slash"],"picked":"SKIP","floor":14},{"not_picked":["All Out Attack","Outmaneuver","Acrobatics"],"picked":"SKIP","floor":18},{"not_picked":["Skewer","Dagger Throw","Poisoned Stab"],"picked":"SKIP","floor":20},{"not_picked":["Dagger Throw","Poisoned Stab"],"picked":"Skewer","floor":20},{"not_picked":["Flying Knee","Dagger Spray"],"picked":"Cloak And Dagger","floor":22},{"not_picked":["Blade Dance","Wraith Form v2","Deflect"],"picked":"SKIP","floor":24},{"not_picked":["Tactician","Dagger Spray"],"picked":"Cloak And Dagger+1","floor":25}],"player_experience":2000645,"relics_obtained":[{"floor":6,"key":"Centennial Puzzle"},{"floor":8,"key":"Shuriken"},{"floor":9,"key":"Whetstone"},{"floor":11,"key":"Blue Candle"},{"floor":12,"key":"Mummified Hand"},{"floor":24,"key":"WingedGreaves"}],"event_choices":[{"damage_healed":0,"gold_gain":0,"player_choice":"Leave","damage_taken":0,"max_hp_gain":0,"max_hp_loss":0,"event_name":"The Cleric","floor":4,"gold_loss":0},{"damage_healed":0,"gold_gain":0,"player_choice":"Opened","damage_taken":0,"relics_obtained":["Orichalcum"],"max_hp_gain":0,"max_hp_loss":0,"event_name":"The Mausoleum","floor":21,"gold_loss":0,"cards_obtained":["Writhe"]},{"damage_healed":0,"gold_gain":50,"player_choice":"Stole From Cult","damage_taken":0,"max_hp_gain":0,"max_hp_loss":0,"event_name":"Nest","floor":28,"gold_loss":0}],"is_beta":true,"boss_relics":[{"not_picked":["Fusion Hammer","Coffee Dripper"],"picked":"Philosopher\u0027s Stone"}],"items_purged_floors":[19,27],"is_endless":false,"potions_floor_spawned":[1,11,14,16,25],"killed_by":"Slavers","ascension_level":15}