{"path_per_floor":["M","$","?","$","M","E","R","M","T","?","M","E","T","$","R","B",null,"M","?","$","?","?","E","M","E","T","M","M","M","R","?","R","B",null,"M","?","M","T","$","R","M","E","T","M","R","$","R","M","R","B"],"character_chosen":"IRONCLAD","items_purchased":["Flex","Whirlwind","Offering"],"gold_per_floor":[119,44,44,44,68,101,101,125,125,125,143,183,183,83,83,209,209,228,143,18,18,18,54,68,108,161,175,193,217,217,217,217,345,345,359,415,428,505,268,268,282,323,323,347,347,26,26,49,49,49],"floor_reached":51,"campfire_rested":2,"playtime":3036,"current_hp_per_floor":[77,77,57,57,62,52,52,56,56,56,53,39,39,39,39,18,65,65,65,65,49,49,46,52,47,47,50,53,49,49,49,73,53,73,68,67,73,73,73,73,48,48,48,50,80,80,80,80,80,13],"items_purged":["Defend_R","Strike_R","Defend_R","Strike_R","Shrug It Off"],"gold":49,"score":705,"play_id":"a3917d1d-2b1c-4519-b539-a2a6edc90d29","is_prod":false,"is_daily":false,"is_ascension_mode":true,"campfire_upgraded":6,"path_taken":["M","$","?","?","?","E","R","M","T","?","M","E","?","$","R","BOSS","M","?","$","?","?","E","M","E","T","M","?","M","R","?","R","BOSS","M","?","M","?","$","R","M","E","T","M","R","$","R","M","R","BOSS"],"build_version":"2018-02-08-PROD1","purchased_purges":5,"victory":true,"master_deck":["Strike_R+1","Strike_R+1","Bash+1","Clash","Armaments+1","Bloodletting+1","Shockwave+1","Shrug It Off","Clash+1","Warcry+1","Shrug It Off+1","Warcry+1","Flex+1","Sever Soul+1","Clash+1","Flex+1","Whirlwind+1","Bloodletting+1","Offering+1"],"max_hp_per_floor":[80,80,80,80,80,80,80,80,80,80,80,80,80,80,80,80,80,80,80,80,80,80,80,80,80,80,80,80,80,80,80,80,80,80,80,80,80,80,80,80,80,80,80,80,80,80,80,80,80,80],"relics":["Burning Blood","Golden Idol","Whetstone","Du-Vu Doll","Gambling Chip","Letter Opener","Black Star","Omamori","Necronomicon","Vajra","Frozen Egg 2","Toxic Egg 2","Bronze Scales","Lantern","Bag of Preparation","Lizard Tail","Champion Belt","Darkstone Periapt","Blood Vial","Regal Pillow","Juzu Bracelet"],"card_choices":[{"not_picked":["Second Wind","Anger"],"picked":"Clash"},{"not_picked":["Body Slam","Cleave"],"picked":"Armaments"},{"not_picked":["Hemokinesis","Dropkick"],"picked":"Bloodletting"},{"not_picked":["Second Wind","Disarm"],"picked":"Shockwave"},{"not_picked":["Anger","Reaper"],"picked":"Shrug It Off"},{"not_picked":["Armaments","Combust"],"picked":"Shrug It Off"},{"not_picked":["Armaments","Shrug It Off"],"picked":"Clash"},{"not_picked":["True Grit","Infernal Blade"],"picked":"Warcry"},{"not_picked":["Clothesline","Cleave"],"picked":"Shrug It Off"},{"not_picked":["Wild Strike","Headbutt"],"picked":"Warcry"},{"not_picked":["Heavy Blade","Twin Strike"],"picked":"Flex"},{"not_picked":["Cleave","Twin Strike"],"picked":"Sever Soul"},{"not_picked":["Spot Weakness","Whirlwind"],"picked":"Clash"},{"not_picked":["Pommel Strike","Carnage"],"picked":"Bloodletting"}],"player_experience":133698,"potions_floor_usage":[16,25,50,50,50],"damage_taken":[{"damage":1,"enemies":"Cultist","floor":1,"turns":3},{"damage":1,"enemies":"2 Louse","floor":5,"turns":2},{"damage":16,"enemies":"Gremlin Nob","floor":6,"turns":4},{"damage":2,"enemies":"Jaw Worm","floor":8,"turns":3},{"damage":9,"enemies":"3 Louse","floor":11,"turns":3},{"damage":20,"enemies":"3 Sentries","floor":12,"turns":8},{"damage":42,"enemies":"Hexaghost","floor":16,"turns":9},{"damage":6,"enemies":"2 Thieves","floor":18,"turns":3},{"damage":9,"enemies":"Gremlin Leader","floor":23,"turns":5},{"damage":0,"enemies":"Spheric Guardian","floor":24,"turns":1},{"damage":11,"enemies":"Slavers","floor":25,"turns":5},{"damage":3,"enemies":"Slaver and Parasite","floor":27,"turns":3},{"damage":3,"enemies":"Snake Plant","floor":28,"turns":2},{"damage":10,"enemies":"Centurion and Healer","floor":29,"turns":4},{"damage":26,"enemies":"Collector","floor":33,"turns":5},{"damage":11,"enemies":"3 Darklings","floor":35,"turns":3},{"damage":7,"enemies":"Mysterious Sphere","floor":36,"turns":3},{"damage":0,"enemies":"Orb Walker","floor":37,"turns":2},{"damage":31,"enemies":"4 Shapes","floor":41,"turns":1},{"damage":6,"enemies":"2 Orb Walkers","floor":42,"turns":2},{"damage":6,"enemies":"Maw","floor":44,"turns":4},{"damage":4,"enemies":"3 Darklings","floor":48,"turns":1},{"damage":85,"enemies":"Awakened One","floor":50,"turns":5}],"event_choices":[{"event_name":"Golden Idol","player_choice":"Take Damage","floor":3,"damage_taken":0},{"event_name":"Living Wall","player_choice":"Forget","floor":10,"damage_taken":0},{"event_name":"Addict","player_choice":"Obtained Relic","floor":19,"damage_taken":0},{"event_name":"Cursed Tome","player_choice":"Obtained Book","floor":21,"damage_taken":0},{"event_name":"The Mausoleum","player_choice":"Yes","floor":22,"damage_taken":0},{"event_name":"Back to Basics","player_choice":"Elegance","floor":31,"damage_taken":0},{"event_name":"Mysterious Sphere","player_choice":"Fight","floor":36,"damage_taken":0}],"boss_relics":[{"not_picked":["Velvet Choker","Sozu"],"picked":"Black Star"},{"not_picked":["Astrolabe","Calling Bell"],"picked":"Lizard Tail"}],"potions_floor_spawned":[1,5,12,16,23,25,28,29,36,37,44],"seed_played":"-129205529109459104","ascension_level":6,"is_trial":false}