{"gold_per_floor":[115,130,141,61,80,108,119,150,174,99,133,148,148,182,182,261,261,231,245,245,295,220,220,248,248,248,163,179,193,203,236,236,310,310,327,427,99,116,170,186,186,216,216,116,116,144,171,215,227,239,251,263,24,57,57],"floor_reached":56,"playtime":2741,"items_purged":["Dualcast","Parasite","Strike_B+1"],"score":2278,"play_id":"f0d983c2-22cb-49cf-b5db-c54a9e93d4bb","local_time":"20190216210123","is_ascension_mode":true,"campfire_choices":[{"data":"Fission","floor":13,"key":"SMITH"},{"data":"Blizzard","floor":15,"key":"SMITH"},{"data":"Biased Cognition","floor":23,"key":"SMITH"},{"data":"Capacitor","floor":25,"key":"SMITH"},{"data":"Blizzard","floor":32,"key":"SMITH"},{"floor":41,"key":"RECALL"},{"data":"Chill","floor":49,"key":"SMITH"},{"data":"Seek","floor":52,"key":"SMITH"}],"neow_cost":"NONE","seed_source_timestamp":205375222125036,"circlet_count":0,"master_deck":["AscendersBane","Strike_B+1","Defend_B+1","Defend_B+1","Barrage+1","Fusion+1","Core Surge+1","Glacier","Cold Snap","Self Repair","Hologram","Genetic Algorithm","Capacitor+1","Fission+1","Blizzard+1","Biased Cognition+1","Conserve Battery","Glacier+1","Blizzard+1","Echo Form","Go for the Eyes+1","Capacitor","Hologram","Glacier","Seek+1","Chill+1"],"relics":["Astrolabe","PreservedInsect","Bag of Marbles","Oddly Smooth Stone","Orichalcum","Potion Belt","Runic Pyramid","Dream Catcher","Ginger","Cables","Happy Flower","Black Star","Du-Vu Doll","DataDisk","Unceasing Top","Boot","Symbiotic Virus","Bag of Preparation","MawBank","Torii","Nunchaku","Kunai","Bottled Flame"],"potions_floor_usage":[6,11,18,24,39,39,55,55,55,55],"damage_taken":[{"damage":2,"enemies":"Jaw Worm","floor":1,"turns":3},{"damage":0,"enemies":"2 Louse","floor":2,"turns":4},{"damage":5,"enemies":"Small Slimes","floor":3,"turns":3},{"damage":1,"enemies":"3 Louse","floor":5,"turns":4},{"damage":11,"enemies":"Gremlin Nob","floor":6,"turns":4},{"damage":14,"enemies":"Exordium Wildlife","floor":7,"turns":7},{"damage":0,"enemies":"3 Sentries","floor":8,"turns":11},{"damage":14,"enemies":"Gremlin Nob","floor":11,"turns":5},{"damage":1,"enemies":"Looter","floor":12,"turns":4},{"damage":2,"enemies":"Lagavulin","floor":14,"turns":6},{"damage":35,"enemies":"The Guardian","floor":16,"turns":12},{"damage":8,"enemies":"2 Thieves","floor":18,"turns":2},{"damage":0,"enemies":"Shell Parasite","floor":19,"turns":5},{"damage":11,"enemies":"Book of Stabbing","floor":24,"turns":5},{"damage":10,"enemies":"Snake Plant","floor":28,"turns":6},{"damage":0,"enemies":"Cultist and Chosen","floor":29,"turns":5},{"damage":0,"enemies":"3 Cultists","floor":30,"turns":6},{"damage":25,"enemies":"Gremlin Leader","floor":31,"turns":10},{"damage":0,"enemies":"Champ","floor":33,"turns":16},{"damage":25,"enemies":"3 Darklings","floor":35,"turns":5},{"damage":0,"enemies":"Mind Bloom Boss Battle","floor":36,"turns":7},{"damage":0,"enemies":"3 Shapes","floor":38,"turns":7},{"damage":26,"enemies":"2 Orb Walkers","floor":39,"turns":6},{"damage":24,"enemies":"Writhing Mass","floor":40,"turns":7},{"damage":2,"enemies":"Reptomancer","floor":42,"turns":9},{"damage":0,"enemies":"Nemesis","floor":46,"turns":7},{"damage":3,"enemies":"4 Shapes","floor":47,"turns":5},{"damage":0,"enemies":"Reptomancer","floor":48,"turns":7},{"damage":1,"enemies":"Awakened One","floor":50,"turns":13},{"damage":8,"enemies":"Shield and Spear","floor":54,"turns":7},{"damage":65,"enemies":"The Heart","floor":55,"turns":14}],"seed_played":"-5952728973660499720","potions_obtained":[{"floor":3,"key":"Weak Potion"},{"floor":5,"key":"SpeedPotion"},{"floor":12,"key":"SmokeBomb"},{"floor":14,"key":"SpeedPotion"},{"floor":16,"key":"Poison Potion"},{"floor":19,"key":"Fire Potion"},{"floor":28,"key":"Dexterity Potion"},{"floor":35,"key":"Explosive Potion"}],"is_trial":false,"path_per_floor":["M","M","M","$","M","E","M","E","T","?","E","M","R","E","R","B",null,"M","M","?","?","?","R","E","R","T","?","M","M","M","E","R","B",null,"M","?","$","M","?","M","R","E","T","$","?","E","M","E","R","B",null,"R","$","E","B",null],"character_chosen":"DEFECT","items_purchased":["Self Repair","DataDisk","Capacitor","Hologram","Weak Potion","Regen Potion"],"campfire_rested":0,"item_purchase_floors":[4,37,37,37,53,53],"current_hp_per_floor":[62,62,57,57,63,52,45,52,52,52,45,51,51,56,56,28,60,52,59,59,59,59,59,55,55,55,55,52,59,59,41,41,48,65,54,68,68,68,49,39,39,51,51,51,51,65,68,68,68,68,68,68,68,68,25],"gold":57,"neow_bonus":"BOSS_RELIC","is_prod":false,"is_daily":false,"chose_seed":false,"campfire_upgraded":7,"win_rate":0,"timestamp":1550368883,"path_taken":["M","M","M","$","M","E","M","E","T","?","E","M","R","E","R","BOSS","M","M","?","?","?","R","E","R","T","?","M","?","M","E","R","BOSS","M","?","$","M","?","M","R","E","T","$","?","E","M","E","R","BOSS","R","$","E","BOSS"],"build_version":"2019-02-06","purchased_purges":3,"victory":true,"max_hp_per_floor":[71,71,71,71,71,71,71,71,71,71,71,71,71,71,71,71,71,71,71,71,71,71,71,71,71,71,71,71,71,71,71,71,71,71,71,71,71,71,71,71,71,71,71,68,68,68,68,68,68,68,68,68,68,68,68],"card_choices":[{"not_picked":["Stack","Coolheaded"],"picked":"Glacier","floor":1},{"not_picked":["Double Energy","Reprogram","Leap"],"picked":"SKIP","floor":2},{"not_picked":["Barrage","Skim"],"picked":"Cold Snap","floor":3},{"not_picked":["Consume","Cold Snap"],"picked":"Hologram","floor":5},{"not_picked":["BootSequence","Conserve Battery"],"picked":"Genetic Algorithm","floor":6},{"not_picked":["Barrage","Hello World","Turbo"],"picked":"SKIP","floor":7},{"not_picked":["Steam","Fusion"],"picked":"Capacitor","floor":8},{"not_picked":["Rebound","Go for the Eyes"],"picked":"Fission","floor":11},{"not_picked":["Melter","Hologram","Go for the Eyes"],"picked":"SKIP","floor":12},{"not_picked":["Barrage","Streamline"],"picked":"Blizzard","floor":14},{"not_picked":["Machine Learning","Buffer"],"picked":"Biased Cognition","floor":16},{"not_picked":["Ball Lightning","Rebound"],"picked":"Conserve Battery","floor":19},{"not_picked":["Leap","Chill"],"picked":"Glacier+1","floor":24},{"not_picked":["Barrage","Cold Snap","Multi-Cast"],"picked":"SKIP","floor":28},{"not_picked":["Conserve Battery","Steam","Coolheaded"],"picked":"SKIP","floor":29},{"not_picked":["Go for the Eyes","Streamline+1"],"picked":"Blizzard","floor":30},{"not_picked":["BootSequence","Barrage","Compile Driver"],"picked":"SKIP","floor":31},{"not_picked":["Electrodynamics","Multi-Cast"],"picked":"Echo Form","floor":33},{"not_picked":["Compile Driver","Lockon"],"picked":"Go for the Eyes+1","floor":35},{"not_picked":["Compile Driver+1","Coolheaded","Conserve Battery+1"],"picked":"SKIP","floor":38},{"not_picked":["Go for the Eyes","Barrage+1"],"picked":"Glacier","floor":40},{"not_picked":["Skim","Turbo+1","Hologram"],"picked":"SKIP","floor":42},{"not_picked":["Genetic Algorithm","Ball Lightning+1"],"picked":"Seek","floor":46},{"not_picked":["Sweeping Beam","Lockon","Redo+1"],"picked":"SKIP","floor":47},{"not_picked":["Ball Lightning","Amplify"],"picked":"Chill","floor":48},{"not_picked":["Tempest","Undo","Stack+1"],"picked":"SKIP","floor":54}],"player_experience":1979516,"relics_obtained":[{"floor":6,"key":"PreservedInsect"},{"floor":8,"key":"Bag of Marbles"},{"floor":9,"key":"Oddly Smooth Stone"},{"floor":11,"key":"Orichalcum"},{"floor":14,"key":"Potion Belt"},{"floor":24,"key":"Dream Catcher"},{"floor":26,"key":"Ginger"},{"floor":31,"key":"Happy Flower"},{"floor":36,"key":"Du-Vu Doll"},{"floor":39,"key":"Unceasing Top"},{"floor":42,"key":"Boot"},{"floor":42,"key":"Symbiotic Virus"},{"floor":46,"key":"Bag of Preparation"},{"floor":46,"key":"MawBank"},{"floor":48,"key":"Torii"},{"floor":48,"key":"Nunchaku"},{"floor":54,"key":"Kunai"},{"floor":54,"key":"Bottled Flame"}],"event_choices":[{"cards_removed":["Defend_B"],"damage_healed":0,"gold_gain":0,"player_choice":"Card Removal","damage_taken":0,"max_hp_gain":0,"max_hp_loss":0,"event_name":"The Cleric","floor":10,"gold_loss":75},{"damage_healed":0,"gold_gain":0,"player_choice":"Simplicity","damage_taken":0,"max_hp_gain":0,"max_hp_loss":0,"event_name":"Back to Basics","floor":20,"gold_loss":0,"cards_upgraded":["Strike_B","Strike_B","Defend_B","Defend_B"]},{"damage_healed":0,"gold_gain":50,"player_choice":"Stole From Cult","damage_taken":0,"max_hp_gain":0,"max_hp_loss":0,"event_name":"Nest","floor":21,"gold_loss":0},{"cards_removed":["Zap"],"damage_healed":0,"gold_gain":0,"player_choice":"Gave Gold","damage_taken":0,"max_hp_gain":0,"max_hp_loss":0,"event_name":"Beggar","floor":22,"gold_loss":75},{"damage_healed":0,"gold_gain":0,"player_choice":"Obtained Relic","damage_taken":0,"relics_obtained":["Cables"],"max_hp_gain":0,"max_hp_loss":0,"event_name":"Addict","floor":27,"gold_loss":85},{"damage_healed":0,"gold_gain":0,"player_choice":"Fight","damage_taken":0,"max_hp_gain":0,"max_hp_loss":0,"event_name":"MindBloom","floor":36,"gold_loss":0},{"damage_healed":0,"gold_gain":0,"player_choice":"Fight","damage_taken":0,"max_hp_gain":0,"max_hp_loss":0,"event_name":"Mysterious Sphere","floor":39,"gold_loss":0},{"damage_healed":0,"gold_gain":0,"player_choice":"Ignored","damage_taken":0,"max_hp_gain":0,"max_hp_loss":0,"event_name":"SecretPortal","floor":45,"gold_loss":0}],"is_beta":true,"boss_relics":[{"not_picked":["Snecko Eye","Nuclear Battery"],"picked":"Runic Pyramid"},{"not_picked":["Orrery","Lizard Tail"],"picked":"Black Star"}],"items_purged_floors":[37,44,53],"is_endless":false,"potions_floor_spawned":[3,5,12,14,16,18,19,28,31,35,36],"ascension_level":15}