{"gold_per_floor":[111,126,201,376,376,376,396,471,471,504,58,83,83,99,99,196,196,208,208,228,34,34,34,34,34,34,44,98,115,127,145,145,247,247,267,267,267,286,67,67,167,167,236,264,264,281,294,306,306,306],"floor_reached":50,"playtime":2868,"items_purged":["Doubt"],"score":658,"play_id":"d4bab2fe-4ab8-4e07-ad15-13a3dc17955d","local_time":"20190309180716","is_ascension_mode":true,"campfire_choices":[{"floor":6.0,"key":"REST"},{"floor":13.0,"key":"REST"},{"floor":15.0,"key":"REST"},{"floor":23.0,"key":"REST"},{"floor":25.0,"key":"REST"},{"floor":32.0,"key":"REST"},{"floor":40.0,"key":"REST"},{"floor":42.0,"key":"REST"},{"floor":45.0,"key":"REST"},{"floor":49,"key":"REST"}],"neow_cost":"NONE","seed_source_timestamp":0,"circlet_count":0,"master_deck":["Defend_G","Defend_G","Defend_G","Defend_G","Defend_G","Strike_G","Strike_G","Strike_G","Strike_G","Survivor","Neutralize","Deadly Poison","Backflip","Regret","Escape Plan","Blade Dance","PiercingWail","Deadly Poison","Blur","Tools of the Trade+1","Backflip","Prepared","Cloak And Dagger+1","Prepared","Caltrops+1","Poisoned Stab+1","PiercingWail+1","Noxious Fumes+1","Deadly Poison","Footwork+1","Crippling Poison+1","Footwork+1","After Image+1","Dodge and Roll+1","Reflex","Noxious Fumes+1","Blur+1","PiercingWail","Unload+1","Underhanded Strike+1"],"special_seed":0,"relics":["Fusion Hammer","Blue Candle","Molten Egg 2","Dodecahedron","Tingsha","Frozen Egg 2","Orrery","Tiny Chest","Turnip","Bag of Marbles","HoveringKite","Regal Pillow","Mummified Hand","Ornamental Fan"],"potions_floor_usage":[48],"damage_taken":[{"damage":2.0,"enemies":"Cultist","floor":1.0,"turns":4.0},{"damage":4.0,"enemies":"Small Slimes","floor":2.0,"turns":4.0},{"damage":2.0,"enemies":"2 Louse","floor":7.0,"turns":3.0},{"damage":25.0,"enemies":"Lagavulin","floor":10.0,"turns":7.0},{"damage":35.0,"enemies":"3 Sentries","floor":12.0,"turns":12.0},{"damage":9.0,"enemies":"2 Fungi Beasts","floor":14.0,"turns":4.0},{"damage":16.0,"enemies":"Hexaghost","floor":16.0,"turns":13.0},{"damage":7.0,"enemies":"Spheric Guardian","floor":18.0,"turns":7.0},{"damage":0.0,"enemies":"Chosen","floor":20.0,"turns":4.0},{"damage":20.0,"enemies":"Snake Plant","floor":27.0,"turns":4.0},{"damage":28.0,"enemies":"Cultist and Chosen","floor":29.0,"turns":7.0},{"damage":16.0,"enemies":"Shelled Parasite and Fungi","floor":30.0,"turns":5.0},{"damage":0.0,"enemies":"Snake Plant","floor":31.0,"turns":4.0},{"damage":0.0,"enemies":"Champ","floor":33.0,"turns":13.0},{"damage":29.0,"enemies":"3 Darklings","floor":35.0,"turns":5.0},{"damage":9.0,"enemies":"Orb Walker","floor":38.0,"turns":4.0},{"damage":48.0,"enemies":"Giant Head","floor":44.0,"turns":12.0},{"damage":25.0,"enemies":"Jaw Worm Horde","floor":46.0,"turns":6.0},{"damage":9,"enemies":"Sphere and 2 Shapes","floor":47,"turns":4},{"damage":104,"enemies":"Transient","floor":48,"turns":5},{"damage":37,"enemies":"Awakened One","floor":50,"turns":3}],"seed_played":"-2989574005017324449","potions_obtained":[{"floor":2.0,"key":"Poison Potion"},{"floor":12.0,"key":"Weak Potion"},{"floor":14.0,"key":"FairyPotion"},{"floor":18.0,"key":"LiquidBronze"},{"floor":29.0,"key":"Energy Potion"},{"floor":30.0,"key":"Dexterity Potion"},{"floor":44.0,"key":"FairyPotion"}],"is_trial":false,"path_per_floor":["M","M","?","?","?","R","M","?","T","E","$","E","R","M","R","B",null,"M","?","M","$","?","R","?","R","T","M","T","M","M","M","R","B",null,"M","?","?","M","$","R","?","R","T","E","R","M","M","M","R","B"],"character_chosen":"THE_SILENT","items_purchased":["Blade Dance","Tingsha","PiercingWail","Noxious Fumes+1","Tiny Chest","Noxious Fumes+1","Regal Pillow"],"campfire_rested":10,"item_purchase_floors":[11,11,11,21,21,39,39],"current_hp_per_floor":[68,64,53,53,53,70,68,61,61,36,36,1,22,13,34,18,70,63,63,63,63,50,72,72,75,75,55,55,27,11,11,33,33,75,46,46,46,37,37,71,71,71,71,23,59,34,25,7,43,6],"gold":306,"neow_bonus":"BOSS_RELIC","is_prod":false,"is_daily":false,"chose_seed":false,"campfire_upgraded":0,"win_rate":0,"timestamp":1552122436,"path_taken":["M","M","?","?","?","R","M","?","T","E","$","E","R","M","R","BOSS","M","?","?","?","?","R","?","R","T","?","?","M","M","M","R","BOSS","M","?","?","M","$","R","?","R","T","E","R","M","?","M","R","BOSS"],"build_version":"2019-01-23","purchased_purges":1,"victory":false,"max_hp_per_floor":[70,70,70,70,70,70,70,70,70,70,70,70,70,70,70,70,70,70,70,70,70,75,75,75,75,75,75,75,75,75,75,75,75,75,75,71,71,71,71,71,71,71,71,71,71,71,71,71,71,71],"card_choices":[{"not_picked":["Quick Slash","Dagger Spray"],"picked":"Deadly Poison","floor":1.0},{"not_picked":["Outmaneuver","Dagger Throw"],"picked":"Backflip","floor":2.0},{"not_picked":["Predator","Choke","Bane"],"picked":"SKIP","floor":7.0},{"not_picked":["Distraction","Skewer+1"],"picked":"Escape Plan","floor":10.0},{"not_picked":["Dodge and Roll","Flying Knee+1"],"picked":"Deadly Poison","floor":12.0},{"not_picked":["Endless Agony+1","Well Laid Plans+1"],"picked":"Blur","floor":14.0},{"not_picked":["Doppelganger","Venomology"],"picked":"Tools of the Trade+1","floor":16.0},{"not_picked":["Dodge and Roll","Riddle With Holes+1"],"picked":"Backflip","floor":17.0},{"not_picked":["Deflect","Flechettes+1"],"picked":"Prepared","floor":17.0},{"not_picked":["Dagger Spray+1","All Out Attack+1"],"picked":"Cloak And Dagger","floor":17.0},{"not_picked":["Outmaneuver","Dagger Spray+1"],"picked":"Prepared","floor":17.0},{"not_picked":["Deflect","Dagger Throw+1"],"picked":"Caltrops+1","floor":17.0},{"not_picked":["Die Die Die+1","Sucker Punch+1"],"picked":"Poisoned Stab+1","floor":18.0},{"not_picked":["Poisoned Stab+1","Bane+1"],"picked":"PiercingWail+1","floor":20.0},{"not_picked":["Prepared","Outmaneuver+1"],"picked":"Footwork+1","floor":27.0},{"not_picked":["Well Laid Plans+1","Prepared"],"picked":"Crippling Poison+1","floor":29.0},{"not_picked":["Slice+1","Dagger Spray+1","Dagger Throw+1"],"picked":"SKIP","floor":30.0},{"not_picked":["Acrobatics","Flying Knee+1"],"picked":"Footwork+1","floor":31.0},{"not_picked":["Malaise","Envenom+1"],"picked":"After Image+1","floor":33.0},{"not_picked":["Finisher+1","Bane+1"],"picked":"Dodge and Roll+1","floor":35.0},{"not_picked":["Blade Dance+1","Bane+1"],"picked":"Reflex","floor":38.0},{"not_picked":["Dash+1","Sucker Punch+1"],"picked":"Blur+1","floor":44.0},{"not_picked":["Skewer+1","Bane+1"],"picked":"PiercingWail","floor":46.0},{"not_picked":["Bane+1","Slice+1"],"picked":"Unload+1","floor":47},{"not_picked":["Footwork+1","Deadly Poison"],"picked":"Underhanded Strike+1","floor":48}],"player_experience":255525,"relics_obtained":[{"floor":9.0,"key":"Molten Egg 2"},{"floor":10.0,"key":"Dodecahedron"},{"floor":12.0,"key":"Frozen Egg 2"},{"floor":26.0,"key":"Turnip"},{"floor":28.0,"key":"Bag of Marbles"},{"floor":43.0,"key":"Mummified Hand"},{"floor":44.0,"key":"Ornamental Fan"}],"event_choices":[{"damage_healed":0.0,"max_hp_gain":0.0,"max_hp_loss":0.0,"gold_gain":75.0,"event_name":"World of Goop","player_choice":"Gather Gold","floor":3.0,"gold_loss":0.0,"damage_taken":11.0},{"damage_healed":0.0,"max_hp_gain":0.0,"max_hp_loss":0.0,"gold_gain":175.0,"event_name":"Liars Game","player_choice":"AGREE","floor":4.0,"gold_loss":0.0,"damage_taken":0.0,"cards_obtained":["Doubt"]},{"damage_healed":0.0,"max_hp_gain":0.0,"max_hp_loss":0.0,"gold_gain":0.0,"event_name":"Big Fish","player_choice":"Box","floor":5.0,"gold_loss":0.0,"damage_taken":0.0,"relics_obtained":["Blue Candle"],"cards_obtained":["Regret"]},{"damage_healed":0.0,"max_hp_gain":0.0,"max_hp_loss":0.0,"gold_gain":75.0,"event_name":"FaceTrader","player_choice":"Touch","floor":8.0,"gold_loss":0.0,"damage_taken":7.0},{"damage_healed":0.0,"max_hp_gain":0.0,"max_hp_loss":0.0,"gold_gain":0.0,"event_name":"Upgrade Shrine","player_choice":"Upgraded","floor":19.0,"gold_loss":0.0,"damage_taken":0.0,"cards_upgraded":["Cloak And Dagger"]},{"damage_healed":0.0,"max_hp_gain":5.0,"max_hp_loss":0.0,"gold_gain":0.0,"event_name":"Forgotten Altar","player_choice":"Shed Blood","floor":22.0,"gold_loss":0.0,"damage_taken":18.0},{"damage_healed":0.0,"max_hp_gain":0.0,"max_hp_loss":0.0,"gold_gain":0.0,"event_name":"Match and Keep!","player_choice":"1 cards matched","floor":24.0,"gold_loss":0.0,"damage_taken":0.0,"cards_obtained":["Deadly Poison"]},{"damage_healed":0.0,"max_hp_gain":0.0,"max_hp_loss":4.0,"gold_gain":0.0,"event_name":"Winding Halls","player_choice":"Max HP","floor":36.0,"gold_loss":0.0,"damage_taken":0.0},{"cards_removed":["Strike_G"],"damage_healed":0.0,"max_hp_gain":0.0,"max_hp_loss":0.0,"gold_gain":0.0,"event_name":"Falling","player_choice":"Removed Attack","floor":37.0,"gold_loss":0.0,"damage_taken":0.0},{"damage_healed":0.0,"max_hp_gain":0.0,"max_hp_loss":0.0,"gold_gain":100.0,"event_name":"Golden Shrine","player_choice":"Pray","floor":41.0,"gold_loss":0.0,"damage_taken":0.0}],"is_beta":false,"boss_relics":[{"not_picked":["Runic Dome","Lizard Tail"],"picked":"Orrery"},{"not_picked":["Astrolabe","Snecko Eye"],"picked":"HoveringKite"}],"items_purged_floors":[11],"is_endless":false,"potions_floor_spawned":[2,12,14,18,29,30,33,44],"killed_by":"Awakened One","ascension_level":2}