{"gold_per_floor":[118,138,156,156,35,35,35,68,114,129,160,160,176,176,176,248,248,259,159,185,201,216,216,244,262,311,311,311,50,50,85,85,157,207,223,236,252,270,283,283,310,323,373,385,399,429,309,341,341,341,341,341,5,5],"floor_reached":54,"playtime":2653,"items_purged":["Strike_R","Strike_R"],"score":1476,"play_id":"2e5bf1e9-b87b-43db-9506-129bc2e4880e","local_time":"20190228193848","is_ascension_mode":true,"campfire_choices":[{"data":"Anger","floor":6.0,"key":"SMITH"},{"data":"Body Slam","floor":12.0,"key":"SMITH"},{"data":"Shrug It Off","floor":15.0,"key":"SMITH"},{"data":"Shrug It Off","floor":23.0,"key":"SMITH"},{"floor":27.0,"key":"REST"},{"data":"Shockwave","floor":30.0,"key":"SMITH"},{"data":"Metallicize","floor":32.0,"key":"SMITH"},{"data":"True Grit","floor":40.0,"key":"SMITH"},{"floor":49.0,"key":"RECALL"},{"floor":52.0,"key":"REST"}],"neow_cost":"NONE","seed_source_timestamp":972190283703416,"circlet_count":0,"master_deck":["AscendersBane","Strike_R+1","Strike_R","Defend_R","Defend_R","Defend_R","Defend_R","Bash+1","Anger+1","Headbutt","Shrug It Off+1","Shrug It Off+1","Metallicize+1","Body Slam+1","Offering","Iron Wave+1","Shockwave+1","Disarm","Limit Break","True Grit+1","Parasite","Limit Break","True Grit","Shrug It Off","Magnetism"],"special_seed":0,"relics":["Burning Blood","Strawberry","Art of War","Gremlin Horn","Runic Pyramid","Lantern","Singing Bowl","Mummified Hand","Vajra","Tiny House","Red Skull","Omamori","Ornamental Fan","Centennial Puzzle","Boot","Anchor"],"potions_floor_usage":[],"damage_taken":[{"damage":1.0,"enemies":"Cultist","floor":1.0,"turns":4.0},{"damage":7.0,"enemies":"Small Slimes","floor":2.0,"turns":3.0},{"damage":4.0,"enemies":"2 Louse","floor":3.0,"turns":2.0},{"damage":50.0,"enemies":"Gremlin Nob","floor":8.0,"turns":5.0},{"damage":15.0,"enemies":"Lots of Slimes","floor":10.0,"turns":5.0},{"damage":21.0,"enemies":"3 Sentries","floor":11.0,"turns":11.0},{"damage":1.0,"enemies":"Red Slaver","floor":13.0,"turns":4.0},{"damage":7.0,"enemies":"Slime Boss","floor":16.0,"turns":8.0},{"damage":15.0,"enemies":"Shell Parasite","floor":18.0,"turns":4.0},{"damage":7.0,"enemies":"2 Thieves","floor":21.0,"turns":4.0},{"damage":10.0,"enemies":"Snake Plant","floor":22.0,"turns":4.0},{"damage":37.0,"enemies":"Slavers","floor":24.0,"turns":7.0},{"damage":12.0,"enemies":"Centurion and Healer","floor":25.0,"turns":7.0},{"damage":6.0,"enemies":"Gremlin Leader","floor":31.0,"turns":4.0},{"damage":37.0,"enemies":"Automaton","floor":33.0,"turns":10.0},{"damage":0.0,"enemies":"3 Shapes","floor":35.0,"turns":8.0},{"damage":9.0,"enemies":"3 Darklings","floor":36.0,"turns":6.0},{"damage":10.0,"enemies":"Spire Growth","floor":37.0,"turns":5.0},{"damage":17.0,"enemies":"Sphere and 2 Shapes","floor":38.0,"turns":10.0},{"damage":6.0,"enemies":"Transient","floor":39.0,"turns":5.0},{"damage":18.0,"enemies":"Giant Head","floor":41.0,"turns":7.0},{"damage":16.0,"enemies":"Writhing Mass","floor":42.0,"turns":6.0},{"damage":28.0,"enemies":"4 Shapes","floor":44.0,"turns":5.0},{"damage":26.0,"enemies":"3 Darklings","floor":45.0,"turns":5.0},{"damage":6.0,"enemies":"Reptomancer","floor":46.0,"turns":7.0},{"damage":10.0,"enemies":"Giant Head","floor":48.0,"turns":7.0},{"damage":9.0,"enemies":"Awakened One","floor":50.0,"turns":10.0},{"damage":109,"enemies":"Shield and Spear","floor":54,"turns":8}],"seed_played":"8540294341385802642","potions_obtained":[{"floor":1.0,"key":"BloodPotion"},{"floor":3.0,"key":"BloodPotion"},{"floor":10.0,"key":"PowerPotion"},{"floor":13.0,"key":"Ancient Potion"},{"floor":16.0,"key":"AttackPotion"},{"floor":31.0,"key":"Strength Potion"},{"floor":38.0,"key":"LiquidBronze"},{"floor":39.0,"key":"SkillPotion"},{"floor":42.0,"key":"Dexterity Potion"},{"floor":48.0,"key":"AttackPotion"}],"is_trial":false,"path_per_floor":["M","M","M","?","$","R","$","E","T","M","E","R","M","?","R","B",null,"M","$","T","M","M","R","E","M","T","R","?","$","R","E","R","B",null,"M","M","M","M","M","R","E","M","T","M","M","E","?","E","R","B",null,"R","$","E"],"character_chosen":"IRONCLAD","items_purchased":["Shrug It Off","Mummified Hand","Magnetism","Anchor"],"campfire_rested":2,"item_purchase_floors":[5,29,53,53],"current_hp_per_floor":[73,72,74,74,74,74,74,37,37,36,29,29,34,34,34,33,70,61,61,61,60,56,56,25,21,21,46,84,84,84,84,84,53,83,89,88,86,77,79,79,69,59,59,37,19,21,21,17,17,14,82,105,105,0],"gold":5,"neow_bonus":"UPGRADE_CARD","is_prod":false,"is_daily":false,"chose_seed":false,"campfire_upgraded":7,"win_rate":0,"timestamp":1551400728,"path_taken":["M","M","?","?","$","R","$","E","T","M","E","R","M","?","R","BOSS","M","$","?","M","M","R","E","M","T","R","?","$","R","E","R","BOSS","M","?","M","M","?","R","E","M","T","M","M","E","?","E","R","BOSS","R","$","E"],"build_version":"2019-02-06","purchased_purges":2,"victory":false,"max_hp_per_floor":[75,75,75,75,75,75,75,82,82,82,82,82,82,82,82,82,82,82,82,82,82,82,82,82,84,84,84,84,84,84,84,84,84,91,91,93,95,97,99,99,101,101,101,101,103,105,105,105,105,105,105,105,105,105],"card_choices":[{"not_picked":["Hemokinesis","Clothesline"],"picked":"Anger","floor":1.0},{"not_picked":["Rupture","Reckless Charge"],"picked":"Headbutt","floor":2.0},{"not_picked":["True Grit","Sword Boomerang"],"picked":"Shrug It Off","floor":3.0},{"not_picked":["Second Wind","Thunderclap","Havoc"],"picked":"SKIP","floor":8.0},{"not_picked":["Perfected Strike","Cleave"],"picked":"Metallicize","floor":10.0},{"not_picked":["Anger","Flex"],"picked":"Body Slam","floor":11.0},{"not_picked":["True Grit","Disarm"],"picked":"Combust","floor":13.0},{"not_picked":["Immolate","Exhume"],"picked":"Offering","floor":16.0},{"not_picked":["Clothesline","Combust+1","Evolve"],"picked":"SKIP","floor":18.0},{"not_picked":["Seeing Red","Dropkick"],"picked":"Iron Wave+1","floor":21.0},{"not_picked":["Flex","Heavy Blade","Havoc"],"picked":"SKIP","floor":22.0},{"not_picked":["Dropkick","Wild Strike+1"],"picked":"Shockwave","floor":24.0},{"not_picked":["Searing Blow+1","Thunderclap","Power Through+1"],"picked":"Singing Bowl","floor":25.0},{"not_picked":["Thunderclap","Metallicize"],"picked":"Disarm","floor":31.0},{"not_picked":["Brutality","Dark Embrace"],"picked":"Limit Break","floor":33.0},{"not_picked":["Perfected Strike","Havoc","Hemokinesis+1"],"picked":"Singing Bowl","floor":34.0},{"not_picked":["Rampage","Iron Wave+1"],"picked":"True Grit","floor":35.0},{"not_picked":["Rupture","Clash+1","Searing Blow"],"picked":"Singing Bowl","floor":36.0},{"not_picked":["Anger+1","Havoc","Perfected Strike+1"],"picked":"Singing Bowl","floor":37.0},{"not_picked":["Pummel","Warcry","Berserk"],"picked":"Singing Bowl","floor":38.0},{"not_picked":["Body Slam","Warcry","Headbutt"],"picked":"Singing Bowl","floor":39.0},{"not_picked":["Clash","Searing Blow","Ghostly Armor"],"picked":"Singing Bowl","floor":41.0},{"not_picked":["Thunderclap","Anger+1"],"picked":"Limit Break","floor":42.0},{"not_picked":["Headbutt+1","Havoc"],"picked":"True Grit","floor":44.0},{"not_picked":["Warcry","Iron Wave","Sword Boomerang"],"picked":"Singing Bowl","floor":45.0},{"not_picked":["Twin Strike+1","Body Slam","Second Wind"],"picked":"Singing Bowl","floor":46.0},{"not_picked":["Offering","Metallicize"],"picked":"Shrug It Off","floor":48.0}],"player_experience":2057890,"relics_obtained":[{"floor":8.0,"key":"Strawberry"},{"floor":9.0,"key":"Art of War"},{"floor":11.0,"key":"Gremlin Horn"},{"floor":20.0,"key":"Lantern"},{"floor":24.0,"key":"Singing Bowl"},{"floor":31.0,"key":"Vajra"},{"floor":41.0,"key":"Red Skull"},{"floor":43.0,"key":"Omamori"},{"floor":46.0,"key":"Ornamental Fan"},{"floor":48.0,"key":"Boot"}],"event_choices":[{"cards_removed":["Strike_R"],"damage_healed":0.0,"max_hp_gain":0.0,"max_hp_loss":0.0,"gold_gain":0.0,"event_name":"Living Wall","player_choice":"Forget","floor":4.0,"gold_loss":0.0,"damage_taken":0.0},{"damage_healed":0.0,"max_hp_gain":0.0,"max_hp_loss":0.0,"gold_gain":0.0,"event_name":"Upgrade Shrine","player_choice":"Upgraded","floor":14.0,"gold_loss":0.0,"damage_taken":0.0,"cards_upgraded":["Combust"]},{"cards_removed":["Combust"],"damage_healed":38.0,"max_hp_gain":0.0,"max_hp_loss":0.0,"gold_gain":0.0,"event_name":"Bonfire Elementals","player_choice":"Offered Uncommon","floor":28.0,"gold_loss":0.0,"damage_taken":0.0},{"damage_healed":0.0,"max_hp_gain":0.0,"max_hp_loss":0.0,"gold_gain":0.0,"event_name":"WeMeetAgain","player_choice":"Paid Gold","floor":47.0,"gold_loss":120.0,"damage_taken":0.0,"relics_obtained":["Centennial Puzzle"]}],"is_beta":true,"boss_relics":[{"not_picked":["Sozu","Busted Crown"],"picked":"Runic Pyramid"},{"not_picked":["Black Star","Runic Cube"],"picked":"Tiny House"}],"items_purged_floors":[5,19],"is_endless":false,"potions_floor_spawned":[1,3,10,13,16,18,22,31,38,39,42,48],"killed_by":"Shield and Spear","ascension_level":15}