{"gold_per_floor":[114,139,139,154,154,154,180,192,192,226,243,261,261,276,276,378,378,394,394,394,408,418,453,453,453,477,495,515,81,81,96,96,198,198,218,3,18,0,0,0],"floor_reached":40,"playtime":2366,"items_purged":["Normality"],"score":468,"play_id":"3c904b80-09c1-4502-9538-941b926bacb4","local_time":"20190310235933","is_ascension_mode":false,"campfire_choices":[{"data":"Armaments","floor":6,"key":"SMITH"},{"data":"1","floor":13,"key":"LIFT"},{"data":"2","floor":15,"key":"LIFT"},{"data":"3","floor":24,"key":"LIFT"},{"data":"Infernal Blade","floor":30,"key":"SMITH"},{"data":"Double Tap","floor":32,"key":"SMITH"}],"neow_cost":"PERCENT_DAMAGE","seed_source_timestamp":33469001291555,"circlet_count":0,"master_deck":["Defend_R","Defend_R","Defend_R+1","Combust","Armaments+1","Flex+1","Anger+1","Feed","Double Tap+1","Infernal Blade+1","Flex","Anger","Body Slam+1","Reaper+1","Reaper+1","Clash","Metallicize+1","Seeing Red+1","Intimidate+1","Bite","Bite+1","Bite","Bite","Bite","Clothesline","Twin Strike","Dramatic Entrance","Cleave","Headbutt","True Grit","Anger","Limit Break","Regret","Injury","Blood for Blood+1","Blind","Iron Wave","Shockwave+1"],"relics":["Burning Blood","Oddly Smooth Stone","War Paint","Girya","Mummified Hand","Pen Nib","Astrolabe","Calipers","Whetstone","ClockworkSouvenir","Calling Bell","Dream Catcher","Mercury Hourglass","Ice Cream","Red Mask"],"potions_floor_usage":[33,33,33],"damage_taken":[{"damage":2,"enemies":"Cultist","floor":1,"turns":3},{"damage":6,"enemies":"Small Slimes","floor":4,"turns":3},{"damage":15,"enemies":"Lagavulin","floor":7,"turns":5},{"damage":2,"enemies":"2 Louse","floor":8,"turns":2},{"damage":23,"enemies":"Gremlin Nob","floor":10,"turns":4},{"damage":4,"enemies":"Looter","floor":11,"turns":3},{"damage":2,"enemies":"Lots of Slimes","floor":12,"turns":3},{"damage":0,"enemies":"2 Fungi Beasts","floor":14,"turns":3},{"damage":39,"enemies":"Hexaghost","floor":16,"turns":9},{"damage":10,"enemies":"Spheric Guardian","floor":18,"turns":3},{"damage":2,"enemies":"Chosen","floor":21,"turns":3},{"damage":6,"enemies":"Snake Plant","floor":22,"turns":2},{"damage":33,"enemies":"Book of Stabbing","floor":23,"turns":4},{"damage":33,"enemies":"Centurion and Healer","floor":27,"turns":6},{"damage":11,"enemies":"Chosen and Byrds","floor":28,"turns":4},{"damage":15,"enemies":"Snake Plant","floor":31,"turns":3},{"damage":80,"enemies":"Collector","floor":33,"turns":9},{"damage":32,"enemies":"3 Darklings","floor":35,"turns":4},{"damage":9,"enemies":"Orb Walker","floor":37,"turns":3},{"damage":63,"enemies":"Reptomancer","floor":40,"turns":2}],"seed_played":"8520880481891088589","potions_obtained":[{"floor":1,"key":"SkillPotion"},{"floor":4,"key":"Energy Potion"},{"floor":7,"key":"SmokeBomb"},{"floor":16,"key":"Regen Potion"},{"floor":21,"key":"Swift Potion"},{"floor":23,"key":"FearPotion"},{"floor":33,"key":"Energy Potion"}],"is_trial":false,"path_per_floor":["M","T","?","M","?","R","E","M","T","E","M","M","R","M","R","B",null,"M","?","?","M","M","E","R","?","T","M","M","$","R","M","R","B",null,"M","$","M","?","?","E"],"character_chosen":"IRONCLAD","items_purchased":["Dramatic Entrance","Cleave","Headbutt","True Grit","ClockworkSouvenir","Blind","Iron Wave"],"campfire_rested":0,"item_purchase_floors":[29,29,29,29,29,36,36],"current_hp_per_floor":[60,60,60,60,57,57,48,52,52,35,40,47,47,56,56,23,89,88,88,102,102,102,75,75,71,71,51,71,71,71,71,71,26,71,50,50,53,53,53,0],"gold":0,"neow_bonus":"TRANSFORM_TWO_CARDS","is_prod":false,"is_daily":false,"chose_seed":false,"campfire_upgraded":3,"win_rate":0.0,"timestamp":1552287573,"path_taken":["M","?","?","M","?","R","E","M","T","E","M","M","R","M","R","BOSS","M","?","?","?","M","E","R","?","T","M","M","?","R","M","R","BOSS","M","$","M","?","?","E"],"build_version":"2019-01-23","purchased_purges":1,"victory":false,"max_hp_per_floor":[80,80,80,80,80,80,80,80,80,80,83,86,86,89,89,89,89,92,92,102,102,102,102,102,71,71,71,71,71,71,71,71,71,71,74,74,74,74,74,74],"card_choices":[{"not_picked":["Ghostly Armor","Spot Weakness"],"picked":"Flex","floor":1},{"not_picked":["Second Wind","Flex"],"picked":"Anger","floor":4},{"not_picked":["Whirlwind","Sword Boomerang"],"picked":"Armaments","floor":7},{"not_picked":["Rupture","Pommel Strike"],"picked":"Feed","floor":8},{"not_picked":["Fiend Fire","Clothesline"],"picked":"Double Tap","floor":10},{"not_picked":["Clothesline","Iron Wave"],"picked":"Infernal Blade","floor":11},{"not_picked":["Intimidate","Feel No Pain"],"picked":"Flex","floor":12},{"not_picked":["Reckless Charge","Perfected Strike"],"picked":"Anger","floor":14},{"not_picked":["Impervious","Offering"],"picked":"Bludgeon","floor":16},{"not_picked":["Perfected Strike+1","Body Slam"],"picked":"Clash","floor":18},{"not_picked":["Perfected Strike","Armaments"],"picked":"Metallicize+1","floor":21},{"not_picked":["Pommel Strike","Searing Blow"],"picked":"Seeing Red+1","floor":22},{"not_picked":["Twin Strike","Clothesline"],"picked":"Intimidate+1","floor":23},{"not_picked":["Corruption","Warcry"],"picked":"Clothesline","floor":27},{"not_picked":["Brutality","Sword Boomerang"],"picked":"Twin Strike","floor":28},{"not_picked":["Sword Boomerang+1","True Grit"],"picked":"Anger","floor":31},{"not_picked":["Impervious","Feed"],"picked":"Limit Break","floor":33},{"not_picked":["Twin Strike+1","Sword Boomerang+1"],"picked":"Blood for Blood+1","floor":35},{"not_picked":["Flex+1","Berserk"],"picked":"Shockwave+1","floor":37}],"player_experience":16021,"relics_obtained":[{"floor":2,"key":"Oddly Smooth Stone"},{"floor":7,"key":"Girya"},{"floor":9,"key":"Mummified Hand"},{"floor":10,"key":"Pen Nib"},{"floor":23,"key":"Calipers"},{"floor":26,"key":"Whetstone"},{"floor":34,"key":"Dream Catcher"},{"floor":34,"key":"Mercury Hourglass"},{"floor":34,"key":"Ice Cream"}],"event_choices":[{"damage_healed":0,"gold_gain":0,"player_choice":"Ignored","damage_taken":0,"max_hp_gain":0,"max_hp_loss":0,"event_name":"Golden Wing","floor":3,"gold_loss":0},{"damage_healed":0,"gold_gain":0,"player_choice":"Success","damage_taken":3,"relics_obtained":["War Paint"],"max_hp_gain":0,"max_hp_loss":0,"event_name":"Scrap Ooze","floor":5,"gold_loss":0},{"damage_healed":0,"gold_gain":0,"player_choice":"Ignored","damage_taken":0,"max_hp_gain":0,"max_hp_loss":0,"event_name":"Beggar","floor":19,"gold_loss":0},{"cards_removed":["Bludgeon"],"damage_healed":4,"gold_gain":0,"player_choice":"Offered Rare","damage_taken":0,"max_hp_gain":10,"max_hp_loss":0,"event_name":"Bonfire Elementals","floor":20,"gold_loss":0},{"damage_healed":0,"gold_gain":0,"player_choice":"Became a vampire","damage_taken":0,"max_hp_gain":0,"max_hp_loss":31,"event_name":"Vampires","floor":25,"gold_loss":0,"cards_obtained":["Bite","Bite","Bite","Bite","Bite"]},{"damage_healed":0,"gold_gain":0,"player_choice":"Paid","damage_taken":0,"relics_obtained":["Red Mask"],"max_hp_gain":0,"max_hp_loss":0,"event_name":"Tomb of Lord Red Mask","floor":38,"gold_loss":18},{"cards_removed":["Armaments"],"damage_healed":0,"gold_gain":0,"player_choice":"Removed Skill","damage_taken":0,"max_hp_gain":0,"max_hp_loss":0,"event_name":"Falling","floor":39,"gold_loss":0}],"is_beta":false,"boss_relics":[{"not_picked":["Busted Crown","Tiny House"],"picked":"Astrolabe"},{"not_picked":["Philosopher\u0027s Stone","Snecko Eye"],"picked":"Calling Bell"}],"items_purged_floors":[36],"is_endless":false,"potions_floor_spawned":[1,4,7,16,21,23,31,33],"killed_by":"Reptomancer","ascension_level":0}