{"gold_per_floor":[119,133,143,46,46,46,77,77,77,77,88,99,99,127,127,204,204,214,214,268,284,301,301,336,348,360,403,415,477,160,172,172,243,243,256,256,270,670,685,685,720,720,774,448,461,195,195,209,209,209,209,209,61,96,96],"floor_reached":56,"playtime":2437,"items_purged":["Strike_G","Pain","Normality","Doubt"],"score":2028,"play_id":"79851dec-6b95-45bd-9292-cef3f94a24df","local_time":"20190228201944","is_ascension_mode":true,"campfire_choices":[{"data":"Deadly Poison","floor":6,"key":"SMITH"},{"floor":10,"key":"REST"},{"data":"Neutralize","floor":15,"key":"SMITH"},{"data":"Dagger Throw","floor":23,"key":"SMITH"},{"floor":25,"key":"REST"},{"floor":28,"key":"RECALL"},{"data":"Survivor","floor":32,"key":"SMITH"},{"floor":40,"key":"REST"},{"data":"Defend_G","floor":42,"key":"SMITH"},{"data":"Defend_G","floor":49,"key":"SMITH"},{"data":"Defend_G","floor":52,"key":"SMITH"}],"neow_cost":"NONE","seed_source_timestamp":974950066061782,"circlet_count":0,"master_deck":["AscendersBane","Defend_G+1","Defend_G","Defend_G","Defend_G+1","Defend_G+1","Strike_G","Strike_G","Strike_G","Strike_G","Survivor+1","Neutralize+1","Dagger Throw+1","Dagger Throw","Deadly Poison+1","PiercingWail","After Image+1","Footwork+1","A Thousand Cuts+1","Leg Sweep+1","Footwork+1","Cloak And Dagger+1","Envenom+1","Catalyst+1","PiercingWail+1","Wraith Form v2+1","Well Laid Plans+1","Cloak And Dagger+1","After Image+1","Backflip+1","Caltrops+1","Dodge and Roll+1","Noxious Fumes+1"],"relics":["Ring of the Serpent","Anchor","Bag of Marbles","Frozen Egg 2","Matryoshka","Toxic Egg 2","Cursed Key","Strawberry","Potion Belt","MawBank","Ancient Tea Set","Paper Crane","Question Card","Medical Kit","Old Coin","Dream Catcher","Happy Flower","Bag of Preparation","Sundial"],"potions_floor_usage":[7,18,24,27,54,55,55,55],"damage_taken":[{"damage":5,"enemies":"Cultist","floor":1,"turns":5},{"damage":2,"enemies":"Small Slimes","floor":2,"turns":3},{"damage":0,"enemies":"Jaw Worm","floor":3,"turns":4},{"damage":24,"enemies":"Gremlin Nob","floor":7,"turns":5},{"damage":0,"enemies":"Gremlin Gang","floor":11,"turns":5},{"damage":1,"enemies":"Looter","floor":12,"turns":2},{"damage":9,"enemies":"Lagavulin","floor":14,"turns":7},{"damage":0,"enemies":"The Guardian","floor":16,"turns":12},{"damage":0,"enemies":"2 Thieves","floor":18,"turns":4},{"damage":1,"enemies":"Chosen","floor":21,"turns":5},{"damage":0,"enemies":"3 Cultists","floor":22,"turns":5},{"damage":23,"enemies":"Gremlin Leader","floor":24,"turns":9},{"damage":8,"enemies":"Book of Stabbing","floor":27,"turns":7},{"damage":0,"enemies":"Snake Plant","floor":31,"turns":4},{"damage":6,"enemies":"Champ","floor":33,"turns":18},{"damage":3,"enemies":"3 Darklings","floor":35,"turns":8},{"damage":2,"enemies":"3 Shapes","floor":37,"turns":6},{"damage":2,"enemies":"Mind Bloom Boss Battle","floor":38,"turns":7},{"damage":0,"enemies":"Writhing Mass","floor":39,"turns":8},{"damage":0,"enemies":"Nemesis","floor":41,"turns":9},{"damage":0,"enemies":"Sphere and 2 Shapes","floor":45,"turns":8},{"damage":2,"enemies":"Transient","floor":48,"turns":5},{"damage":11,"enemies":"Donu and Deca","floor":50,"turns":10},{"damage":1,"enemies":"Shield and Spear","floor":54,"turns":9},{"damage":26,"enemies":"The Heart","floor":55,"turns":11}],"seed_played":"-2852212314075234457","potions_obtained":[{"floor":1,"key":"Weak Potion"},{"floor":2,"key":"Energy Potion"},{"floor":12,"key":"Weak Potion"},{"floor":18,"key":"FearPotion"},{"floor":21,"key":"GhostInAJar"},{"floor":31,"key":"Dexterity Potion"},{"floor":35,"key":"AttackPotion"},{"floor":38,"key":"Weak Potion"}],"is_trial":false,"path_per_floor":["M","M","M","$","?","R","E","T","T","R","M","M","?","E","R","B",null,"M","?","T","M","M","R","E","R","T","E","R","?","$","M","R","B",null,"M","$","M","?","M","R","E","R","T","$","M","$","?","M","R","B",null,"R","$","E","B",null],"character_chosen":"THE_SILENT","items_purchased":["Deadly Poison","Medical Kit","PiercingWail+1","Happy Flower","PowerPotion","Dodge and Roll+1","Noxious Fumes+1","Bag of Preparation"],"campfire_rested":3,"item_purchase_floors":[4,30,30,44,44,46,46,53],"current_hp_per_floor":[54,52,52,52,52,52,28,28,28,47,47,46,51,42,42,42,64,64,64,71,70,70,70,47,70,70,62,62,62,62,62,62,56,73,70,70,68,66,66,78,78,78,78,78,78,78,78,76,76,65,75,75,75,74,48],"gold":96,"neow_bonus":"RANDOM_COMMON_RELIC","is_prod":false,"is_daily":false,"chose_seed":false,"campfire_upgraded":7,"win_rate":0,"timestamp":1551403184,"path_taken":["M","?","M","$","?","R","E","?","T","R","?","M","?","E","R","BOSS","M","?","?","M","M","R","E","R","T","E","R","?","$","M","R","BOSS","M","$","M","?","M","R","E","R","T","?","M","$","?","M","R","BOSS","R","$","E","BOSS"],"build_version":"2019-02-06","purchased_purges":4,"victory":true,"max_hp_per_floor":[66,66,66,66,66,66,66,66,66,66,66,66,71,71,71,71,71,71,71,78,78,78,78,78,78,78,78,78,78,78,78,78,78,78,78,78,78,78,78,78,78,78,78,78,78,78,78,78,78,78,78,78,78,78,78],"card_choices":[{"not_picked":["Expertise","Deflect"],"picked":"Dagger Throw","floor":1},{"not_picked":["Cloak And Dagger","Dodge and Roll","Heel Hook"],"picked":"SKIP","floor":2},{"not_picked":["Escape Plan","Expertise"],"picked":"Dagger Throw","floor":3},{"not_picked":["Backflip","Cloak And Dagger"],"picked":"PiercingWail","floor":7},{"not_picked":["Bane","Deflect","PiercingWail"],"picked":"SKIP","floor":11},{"not_picked":["Flying Knee","Finisher"],"picked":"After Image+1","floor":12},{"not_picked":["Cloak And Dagger","Accuracy+1"],"picked":"Footwork+1","floor":14},{"not_picked":["Grand Finale","Envenom+1"],"picked":"A Thousand Cuts+1","floor":16},{"not_picked":["Riddle With Holes","Bane"],"picked":"Leg Sweep+1","floor":18},{"not_picked":["Distraction+1","Poisoned Stab+1"],"picked":"Cloak And Dagger+1","floor":21},{"not_picked":["Dagger Throw","Concentrate+1","Riddle With Holes"],"picked":"SKIP","floor":22},{"not_picked":["All Out Attack","Escape Plan+1"],"picked":"Envenom+1","floor":24},{"not_picked":["Backflip+1","Underhanded Strike"],"picked":"Catalyst+1","floor":27},{"not_picked":["Quick Slash+1","Skewer","Masterful Stab","Dagger Spray"],"picked":"SKIP","floor":31},{"not_picked":["Adrenaline+1","Unload","Venomology+1"],"picked":"Wraith Form v2+1","floor":33},{"not_picked":["Dagger Throw","Backflip+1","Masterful Stab"],"picked":"Well Laid Plans+1","floor":35},{"not_picked":["Dagger Spray","Poisoned Stab","Reflex+1"],"picked":"Cloak And Dagger+1","floor":37},{"not_picked":["Poisoned Stab","Cloak And Dagger+1","Escape Plan+1"],"picked":"After Image+1","floor":38},{"not_picked":["Heel Hook+1","Concentrate+1","Reflex+1"],"picked":"Backflip+1","floor":39},{"not_picked":["Calculated Gamble+1","Prepared+1","Slice+1","Flying Knee"],"picked":"SKIP","floor":41},{"not_picked":["Escape Plan+1","Blade Dance+1","Outmaneuver+1"],"picked":"Caltrops+1","floor":45},{"not_picked":["Noxious Fumes+1","Masterful Stab","All Out Attack","Choke"],"picked":"SKIP","floor":48},{"not_picked":["Underhanded Strike+1","Flechettes+1","Dagger Spray","Bane"],"picked":"SKIP","floor":54}],"player_experience":2060543,"relics_obtained":[{"floor":7,"key":"Bag of Marbles"},{"floor":8,"key":"Frozen Egg 2"},{"floor":9,"key":"Matryoshka"},{"floor":14,"key":"Toxic Egg 2"},{"floor":20,"key":"Strawberry"},{"floor":20,"key":"Potion Belt"},{"floor":24,"key":"MawBank"},{"floor":26,"key":"Ancient Tea Set"},{"floor":26,"key":"Paper Crane"},{"floor":27,"key":"Question Card"},{"floor":38,"key":"Old Coin"},{"floor":41,"key":"Dream Catcher"},{"floor":54,"key":"Sundial"}],"event_choices":[{"damage_healed":0,"gold_gain":0,"player_choice":"Leave","damage_taken":0,"max_hp_gain":0,"max_hp_loss":0,"event_name":"The Cleric","floor":5,"gold_loss":0},{"damage_healed":0,"gold_gain":0,"player_choice":"Donut","damage_taken":0,"max_hp_gain":5,"max_hp_loss":0,"event_name":"Big Fish","floor":13,"gold_loss":0},{"damage_healed":0,"gold_gain":0,"player_choice":"Read","damage_taken":0,"max_hp_gain":0,"max_hp_loss":0,"event_name":"The Library","floor":19,"gold_loss":0,"cards_obtained":["Footwork"]},{"damage_healed":0,"gold_gain":50,"player_choice":"Stole From Cult","damage_taken":0,"max_hp_gain":0,"max_hp_loss":0,"event_name":"Nest","floor":29,"gold_loss":0},{"damage_healed":0,"gold_gain":0,"player_choice":"Fight","damage_taken":0,"max_hp_gain":0,"max_hp_loss":0,"event_name":"MindBloom","floor":38,"gold_loss":0},{"damage_healed":0,"gold_gain":0,"player_choice":"Ignored","damage_taken":0,"max_hp_gain":0,"max_hp_loss":0,"event_name":"Tomb of Lord Red Mask","floor":47,"gold_loss":0}],"is_beta":true,"boss_relics":[{"not_picked":["Black Star","Tiny House"],"picked":"Cursed Key"},{"not_picked":["Philosopher\u0027s Stone","Orrery"],"picked":"Ring of the Serpent"}],"items_purged_floors":[4,30,44,46],"is_endless":false,"potions_floor_spawned":[1,2,12,14,18,21,31,35,38],"ascension_level":15}