{"gold_per_floor":[14,14,34,34,50,50,66,98,98,98,133,133,143,160,160,237,237,247,258,258,270,156,156,56,85,85,85,101,111,142,155,155,230,230,248,49,68,118,92,92,92,105,152,162,262,295,295,320,320,320,320,320,38,65,65],"floor_reached":56,"playtime":2375,"items_purged":["Strike_R","Strike_R","Pain"],"score":2075,"play_id":"94b16541-d4b3-4abc-9483-4a336b30577e","local_time":"20190126202316","is_ascension_mode":true,"campfire_choices":[{"data":"Bash","floor":6.0,"key":"SMITH"},{"data":"Body Slam","floor":10.0,"key":"SMITH"},{"floor":12.0,"key":"REST"},{"data":"Juggernaut","floor":15.0,"key":"SMITH"},{"data":"Shockwave","floor":23.0,"key":"SMITH"},{"floor":32.0,"key":"REST"},{"data":"Corruption","floor":40.0,"key":"SMITH"},{"floor":47.0,"key":"RECALL"},{"data":"Battle Trance","floor":49.0,"key":"SMITH"},{"data":"Flame Barrier","floor":52.0,"key":"SMITH"}],"neow_cost":"NO_GOLD","seed_source_timestamp":1507235654977212,"circlet_count":0,"master_deck":["AscendersBane","Strike_R","Strike_R","Strike_R","Defend_R","Defend_R+1","Defend_R+1","Defend_R","Bash+1","Shrug It Off","Sword Boomerang","Combust","Body Slam+1","Shockwave+1","Juggernaut+1","Spot Weakness","Offering","Corruption+1","Flame Barrier+1","Shrug It Off","Armaments+1","Battle Trance+1","Limit Break+1","Shrug It Off","Feel No Pain+1","Whirlwind","Shockwave+1","Exhume+1","True Grit+1","Disarm+1","True Grit+1","Parasite","True Grit+1","Shrug It Off+1","Impervious+1","Corruption","Shrug It Off+1","Body Slam"],"special_seed":0,"relics":["Burning Blood","Paper Frog","Blue Candle","Question Card","Velvet Choker","Dream Catcher","Darkstone Periapt","Toxic Egg 2","Calling Bell","Strawberry","Kunai","Ginger","Orichalcum","Du-Vu Doll","Mercury Hourglass","Magic Flower","Happy Flower","StoneCalendar"],"potions_floor_usage":[55,55,55,55],"damage_taken":[{"damage":5.0,"enemies":"Small Slimes","floor":1.0,"turns":4.0},{"damage":0.0,"enemies":"Cultist","floor":3.0,"turns":5.0},{"damage":0.0,"enemies":"2 Louse","floor":5.0,"turns":3.0},{"damage":8.0,"enemies":"Exordium Thugs","floor":7.0,"turns":5.0},{"damage":16.0,"enemies":"Gremlin Nob","floor":8.0,"turns":4.0},{"damage":19.0,"enemies":"3 Sentries","floor":11.0,"turns":7.0},{"damage":0.0,"enemies":"Large Slime","floor":13.0,"turns":5.0},{"damage":12.0,"enemies":"Gremlin Gang","floor":14.0,"turns":4.0},{"damage":31.0,"enemies":"The Guardian","floor":16.0,"turns":9.0},{"damage":16.0,"enemies":"Shell Parasite","floor":18.0,"turns":4.0},{"damage":16.0,"enemies":"3 Byrds","floor":19.0,"turns":4.0},{"damage":0.0,"enemies":"Snecko","floor":21.0,"turns":4.0},{"damage":14.0,"enemies":"Gremlin Leader","floor":25.0,"turns":6.0},{"damage":27.0,"enemies":"Sentry and Sphere","floor":28.0,"turns":5.0},{"damage":1.0,"enemies":"3 Cultists","floor":29.0,"turns":4.0},{"damage":25.0,"enemies":"Slavers","floor":30.0,"turns":5.0},{"damage":15.0,"enemies":"Shelled Parasite and Fungi","floor":31.0,"turns":6.0},{"damage":37.0,"enemies":"Collector","floor":33.0,"turns":8.0},{"damage":8.0,"enemies":"3 Shapes","floor":35.0,"turns":9.0},{"damage":14.0,"enemies":"Orb Walker","floor":37.0,"turns":6.0},{"damage":6.0,"enemies":"Writhing Mass","floor":42.0,"turns":8.0},{"damage":4.0,"enemies":"4 Shapes","floor":44.0,"turns":9.0},{"damage":6.0,"enemies":"Mind Bloom Boss Battle","floor":45.0,"turns":7.0},{"damage":3.0,"enemies":"Reptomancer","floor":46.0,"turns":5.0},{"damage":33.0,"enemies":"Nemesis","floor":48.0,"turns":7.0},{"damage":8.0,"enemies":"Time Eater","floor":50.0,"turns":8.0},{"damage":22.0,"enemies":"Shield and Spear","floor":54.0,"turns":6.0},{"damage":44,"enemies":"The Heart","floor":55,"turns":10}],"seed_played":"-137463119942029088","potions_obtained":[{"floor":1.0,"key":"PowerPotion"},{"floor":11.0,"key":"Block Potion"},{"floor":16.0,"key":"Block Potion"},{"floor":18.0,"key":"SpeedPotion"},{"floor":19.0,"key":"Regen Potion"},{"floor":29.0,"key":"SteroidPotion"},{"floor":33.0,"key":"EssenceOfSteel"},{"floor":45.0,"key":"Swift Potion"},{"floor":46.0,"key":"SmokeBomb"},{"floor":48.0,"key":"GamblersBrew"},{"floor":54.0,"key":"EntropicBrew"}],"is_trial":false,"path_per_floor":["M","?","M","?","M","R","M","E","T","R","E","R","M","M","R","B",null,"M","M","?","M","$","R","$","E","T","?","M","M","E","M","R","B",null,"M","$","M","?","$","R","?","M","T","M","?","E","R","E","R","B",null,"R","$","E","B",null],"character_chosen":"IRONCLAD","items_purchased":["Battle Trance","Disarm+1","True Grit+1","Corruption","Happy Flower","Shrug It Off+1"],"campfire_rested":2,"item_purchase_floors":[22,36,39,53,53,53],"current_hp_per_floor":[83,56,62,36,42,42,40,30,30,30,17,43,49,43,43,18,71,61,51,51,57,57,57,57,63,63,63,42,47,28,19,45,14,95,93,93,85,85,85,85,85,91,91,93,93,96,96,69,69,70,105,105,105,92,57],"gold":65,"neow_bonus":"TWENTY_PERCENT_HP_BONUS","is_prod":false,"is_daily":false,"chose_seed":false,"campfire_upgraded":7,"win_rate":0,"timestamp":1548552196,"path_taken":["M","?","M","?","M","R","M","E","T","R","E","R","M","M","R","BOSS","M","M","?","M","$","R","?","E","T","?","M","?","E","M","R","BOSS","M","$","M","?","?","R","?","?","T","M","?","E","R","E","R","BOSS","R","$","E","BOSS"],"build_version":"2019-01-23","purchased_purges":3,"victory":true,"max_hp_per_floor":[89,89,89,89,89,89,89,89,89,89,89,89,89,89,89,89,89,89,89,89,89,89,89,89,89,89,89,89,89,89,89,89,89,114,114,114,114,114,114,114,111,117,117,117,117,117,117,117,117,117,117,117,117,117,117],"card_choices":[{"not_picked":["Evolve","Pommel Strike"],"picked":"Shrug It Off","floor":1.0},{"not_picked":["Shrug It Off","Heavy Blade"],"picked":"Sword Boomerang","floor":3.0},{"not_picked":["Clash","Twin Strike"],"picked":"Combust","floor":5.0},{"not_picked":["Havoc","Clash","Wild Strike"],"picked":"SKIP","floor":7.0},{"not_picked":["Anger","Warcry"],"picked":"Body Slam","floor":8.0},{"not_picked":["Havoc","Cleave"],"picked":"Shockwave","floor":11.0},{"not_picked":["Dual Wield","Cleave","Flex"],"picked":"Juggernaut","floor":13.0},{"not_picked":["Thunderclap","Shrug It Off","True Grit"],"picked":"Spot Weakness","floor":14.0},{"not_picked":["Limit Break","Demon Form","Immolate"],"picked":"Offering","floor":16.0},{"not_picked":["Warcry","Clothesline","Twin Strike"],"picked":"Corruption","floor":18.0},{"not_picked":["Hemokinesis","Uppercut","Twin Strike"],"picked":"Flame Barrier","floor":19.0},{"not_picked":["Twin Strike","Iron Wave","Sentinel"],"picked":"Armaments+1","floor":21.0},{"not_picked":["Headbutt","Inflame","Flex+1"],"picked":"Limit Break","floor":25.0},{"not_picked":["Ghostly Armor","Clash","Wild Strike"],"picked":"Shrug It Off","floor":28.0},{"not_picked":["Metallicize+1","Heavy Blade+1","Headbutt+1"],"picked":"Feel No Pain+1","floor":29.0},{"not_picked":["Brutality","Inflame","Twin Strike"],"picked":"Whirlwind","floor":30.0},{"not_picked":["Searing Blow","Combust","Heavy Blade","Twin Strike"],"picked":"SKIP","floor":31.0},{"not_picked":["Bloodletting+1","Clothesline","Rupture"],"picked":"Shockwave+1","floor":32.0},{"not_picked":["Fiend Fire","Juggernaut","Double Tap+1"],"picked":"Exhume+1","floor":33.0},{"not_picked":["Shrug It Off+1","Pummel","Cleave"],"picked":"True Grit+1","floor":35.0},{"not_picked":["Clash+1","Thunderclap","Sword Boomerang","Perfected Strike"],"picked":"SKIP","floor":37.0},{"not_picked":["Shockwave+1","Iron Wave","Intimidate+1","Thunderclap"],"picked":"SKIP","floor":42.0},{"not_picked":["Clothesline","Dual Wield+1","Iron Wave","Bludgeon"],"picked":"SKIP","floor":44.0},{"not_picked":["Cleave","Combust","Warcry+1"],"picked":"True Grit+1","floor":45.0},{"not_picked":["Combust","Dark Embrace","Anger+1"],"picked":"Shrug It Off+1","floor":46.0},{"not_picked":["Inflame","Cleave","Body Slam"],"picked":"Impervious+1","floor":48.0},{"not_picked":["Heavy Blade","Anger","Rage+1"],"picked":"Body Slam","floor":54.0}],"player_experience":1885744,"relics_obtained":[{"floor":8.0,"key":"Blue Candle"},{"floor":11.0,"key":"Question Card"},{"floor":25.0,"key":"Dream Catcher"},{"floor":26.0,"key":"Darkstone Periapt"},{"floor":30.0,"key":"Toxic Egg 2"},{"floor":34.0,"key":"Strawberry"},{"floor":34.0,"key":"Kunai"},{"floor":34.0,"key":"Ginger"},{"floor":43.0,"key":"Orichalcum"},{"floor":45.0,"key":"Du-Vu Doll"},{"floor":46.0,"key":"Mercury Hourglass"},{"floor":48.0,"key":"Magic Flower"},{"floor":54.0,"key":"StoneCalendar"}],"event_choices":[{"damage_healed":0.0,"max_hp_gain":0.0,"max_hp_loss":0.0,"gold_gain":0.0,"event_name":"Shining Light","player_choice":"Entered Light","floor":2.0,"gold_loss":0.0,"damage_taken":27.0,"cards_upgraded":["Defend_R","Defend_R"]},{"damage_healed":0.0,"max_hp_gain":0.0,"max_hp_loss":0.0,"gold_gain":0.0,"event_name":"Scrap Ooze","player_choice":"Success","floor":4.0,"gold_loss":0.0,"damage_taken":26.0,"relics_obtained":["Paper Frog"]},{"damage_healed":0.0,"max_hp_gain":0.0,"max_hp_loss":0.0,"gold_gain":0.0,"event_name":"Duplicator","player_choice":"Copied","floor":20.0,"gold_loss":0.0,"damage_taken":0.0,"cards_obtained":["Shrug It Off"]},{"damage_healed":0.0,"max_hp_gain":0.0,"max_hp_loss":0.0,"gold_gain":0.0,"event_name":"Upgrade Shrine","player_choice":"Upgraded","floor":27.0,"gold_loss":0.0,"damage_taken":0.0,"cards_upgraded":["Limit Break"]},{"damage_healed":0.0,"max_hp_gain":0.0,"max_hp_loss":0.0,"gold_gain":50.0,"event_name":"Golden Shrine","player_choice":"Pray","floor":38.0,"gold_loss":0.0,"damage_taken":0.0},{"cards_removed":["Parasite","Injury"],"damage_healed":0.0,"max_hp_gain":0.0,"max_hp_loss":0.0,"gold_gain":0.0,"event_name":"Fountain of Cleansing","player_choice":"Removed Curses","floor":41.0,"gold_loss":0.0,"damage_taken":0.0},{"damage_healed":0.0,"max_hp_gain":0.0,"max_hp_loss":0.0,"gold_gain":0.0,"event_name":"MindBloom","player_choice":"Fight","floor":45.0,"gold_loss":0.0,"damage_taken":0.0}],"is_beta":true,"boss_relics":[{"not_picked":["Ectoplasm","Eternal Feather"],"picked":"Velvet Choker"},{"not_picked":["Cursed Key","Tiny House"],"picked":"Calling Bell"}],"items_purged_floors":[22,24,36],"is_endless":false,"potions_floor_spawned":[1,11,16,18,19,29,33,45,46,48,54],"ascension_level":15}