{"gold_per_floor":[114,124,144,71,71,100,100,100,100,100,113,140,155,155,155,232,232,248,33,133,133,95,95,123,123,150,179,43,43,77,94,94,172,172,189,201,47,47,98,125,125,153,153,153,183,183,215,247,247,247,247,247,2,32,32],"floor_reached":56,"playtime":3338,"items_purged":["Strike_G","Strike_G"],"score":2424,"play_id":"b7b9ea06-7c72-4147-b048-191db3d8f5d4","local_time":"20190303130238","is_ascension_mode":true,"campfire_choices":[{"data":"1","floor":7.0,"key":"LIFT"},{"data":"2","floor":10.0,"key":"LIFT"},{"floor":15.0,"key":"REST"},{"floor":23.0,"key":"REST"},{"floor":25.0,"key":"REST"},{"data":"3","floor":29.0,"key":"LIFT"},{"floor":32,"key":"REST"},{"floor":41,"key":"RECALL"},{"floor":44,"key":"REST"},{"floor":49,"key":"REST"},{"floor":52,"key":"REST"}],"neow_cost":"NONE","seed_source_timestamp":0,"circlet_count":0,"master_deck":["AscendersBane","Defend_G","Defend_G","Defend_G","Defend_G+1","Defend_G","Strike_G","Strike_G","Strike_G+1","Survivor+1","Neutralize","Well Laid Plans","Quick Slash","Dash","A Thousand Cuts","Leg Sweep","Venomology","Footwork+1","Backflip+1","Malaise","Apotheosis","Crippling Poison","Dodge and Roll","After Image","Blade Dance","Footwork+1","Cloak And Dagger","Backflip","Dark Shackles","Dodge and Roll","Noxious Fumes","Well Laid Plans+1"],"special_seed":0,"relics":["Fusion Hammer","Girya","Mummified Hand","PreservedInsect","White Beast Statue","Membership Card","Gambling Chip","Ornamental Fan","Du-Vu Doll","War Paint","Ninja Scroll","Boot","Lizard Tail","FossilizedHelix","WingedGreaves","Art of War","Regal Pillow","Ancient Tea Set","Incense Burner","Orichalcum","Oddly Smooth Stone","Pear","Kunai"],"potions_floor_usage":[31,33,33,35,36,39,39,42,45,47,48,50,50,54,55,55,55],"damage_taken":[{"damage":0.0,"enemies":"Cultist","floor":1.0,"turns":4.0},{"damage":0.0,"enemies":"Jaw Worm","floor":2.0,"turns":5.0},{"damage":0.0,"enemies":"Small Slimes","floor":3.0,"turns":4.0},{"damage":2.0,"enemies":"Lagavulin","floor":6.0,"turns":10.0},{"damage":3.0,"enemies":"Looter","floor":11.0,"turns":3.0},{"damage":17.0,"enemies":"Gremlin Nob","floor":12.0,"turns":5.0},{"damage":0.0,"enemies":"Large Slime","floor":13.0,"turns":4.0},{"damage":7.0,"enemies":"Slime Boss","floor":16.0,"turns":10.0},{"damage":11.0,"enemies":"Chosen","floor":18.0,"turns":6.0},{"damage":14.0,"enemies":"Colosseum Slavers","floor":20.0,"turns":7.0},{"damage":10.0,"enemies":"Colosseum Nobs","floor":20.0,"turns":6.0},{"damage":13.0,"enemies":"Gremlin Leader","floor":24.0,"turns":8.0},{"damage":6.0,"enemies":"Book of Stabbing","floor":27.0,"turns":5.0},{"damage":2.0,"enemies":"Slavers","floor":30.0,"turns":4.0},{"damage":0,"enemies":"2 Thieves","floor":31,"turns":4},{"damage":13,"enemies":"Champ","floor":33,"turns":19},{"damage":0,"enemies":"3 Shapes","floor":35,"turns":5},{"damage":2,"enemies":"3 Darklings","floor":36,"turns":7},{"damage":4,"enemies":"2 Orb Walkers","floor":39,"turns":8},{"damage":0,"enemies":"Nemesis","floor":40,"turns":8},{"damage":0,"enemies":"Giant Head","floor":42,"turns":8},{"damage":0,"enemies":"Nemesis","floor":45,"turns":5},{"damage":0,"enemies":"Giant Head","floor":47,"turns":7},{"damage":0,"enemies":"Reptomancer","floor":48,"turns":5},{"damage":0,"enemies":"Awakened One","floor":50,"turns":23},{"damage":0,"enemies":"Shield and Spear","floor":54,"turns":9},{"damage":103,"enemies":"The Heart","floor":55,"turns":16}],"seed_played":"-8805313285332493347","potions_obtained":[{"floor":1.0,"key":"Ancient Potion"},{"floor":2.0,"key":"LiquidBronze"},{"floor":6.0,"key":"EssenceOfSteel"},{"floor":18.0,"key":"Dexterity Potion"},{"floor":20.0,"key":"Strength Potion"},{"floor":24.0,"key":"FearPotion"},{"floor":31,"key":"PowerPotion"},{"floor":33,"key":"GamblersBrew"},{"floor":36,"key":"SpeedPotion"},{"floor":39,"key":"Swift Potion"},{"floor":48,"key":"PowerPotion"}],"is_trial":false,"path_per_floor":["M","M","M","$","?","E","R","$","T","R","M","E","M","?","R","B",null,"M","$","?","?","$","R","E","R","T","E","$","R","E","M","R","B",null,"M","M","$","?","?","E","R","E","T","R","E","?","E","E","R","B",null,"R","$","E","B",null],"character_chosen":"THE_SILENT","items_purchased":["Dash","Membership Card","Backflip","Apotheosis","FossilizedHelix","Noxious Fumes","Oddly Smooth Stone","Pear","Poison Potion"],"campfire_rested":7,"item_purchase_floors":[4,19,19,28,37,53,53,53,53],"current_hp_per_floor":[59,59,59,59,64,62,62,62,62,62,59,42,42,21,42,35,62,51,51,27,27,27,48,35,56,56,50,50,50,48,48,69,56,67,67,65,65,65,61,61,61,61,61,67,67,57,57,57,67,67,67,67,77,77,23],"gold":32,"neow_bonus":"BOSS_RELIC","is_prod":false,"is_daily":false,"chose_seed":false,"campfire_upgraded":0,"win_rate":0,"timestamp":1551636158,"path_taken":["M","?","M","$","?","E","R","?","T","R","?","E","M","?","R","BOSS","M","$","?","?","$","R","E","R","T","E","$","R","E","M","R","BOSS","M","M","$","?","?","E","R","E","T","R","E","?","E","E","R","BOSS","R","$","E","BOSS"],"build_version":"2019-02-06","purchased_purges":2,"victory":true,"max_hp_per_floor":[66,66,66,66,71,71,71,71,71,71,71,71,71,71,71,71,71,71,71,71,71,71,71,71,71,71,71,71,71,71,71,71,71,71,71,71,71,67,67,67,67,67,67,67,67,67,67,67,67,67,67,67,77,77,77],"card_choices":[{"not_picked":["Skewer","Caltrops"],"picked":"Well Laid Plans","floor":1.0},{"not_picked":["Tactician","Distraction","Acrobatics"],"picked":"SKIP","floor":2.0},{"not_picked":["Catalyst","Endless Agony"],"picked":"Quick Slash","floor":3.0},{"not_picked":["Deadly Poison","Blade Dance"],"picked":"A Thousand Cuts","floor":6.0},{"not_picked":["Choke","Slice","Calculated Gamble"],"picked":"SKIP","floor":11.0},{"not_picked":["Choke","Slice"],"picked":"Leg Sweep","floor":12.0},{"not_picked":["Concentrate","Outmaneuver","Acrobatics"],"picked":"SKIP","floor":13.0},{"not_picked":["Glass Knife","Grand Finale"],"picked":"Venomology","floor":16.0},{"not_picked":["Underhanded Strike","Cloak And Dagger"],"picked":"Footwork+1","floor":18.0},{"not_picked":["Acrobatics","Quick Slash","Dagger Spray"],"picked":"SKIP","floor":24.0},{"not_picked":["Deadly Poison","Backstab"],"picked":"Malaise","floor":27.0},{"not_picked":["Flying Knee","Slice"],"picked":"Crippling Poison","floor":30.0},{"not_picked":["Leg Sweep","Poisoned Stab"],"picked":"Dodge and Roll","floor":31},{"not_picked":["Envenom","Night Terror"],"picked":"After Image","floor":33},{"not_picked":["Calculated Gamble","Skewer"],"picked":"Blade Dance","floor":35},{"not_picked":["Endless Agony","Flying Knee"],"picked":"Footwork+1","floor":36},{"not_picked":["Leg Sweep","All Out Attack+1"],"picked":"Cloak And Dagger","floor":40},{"not_picked":["Reflex+1","Phantasmal Killer"],"picked":"Backflip","floor":42},{"not_picked":["Skewer","Riddle With Holes","Deadly Poison"],"picked":"SKIP","floor":45},{"not_picked":["Discovery","Sadistic Nature"],"picked":"Dark Shackles","floor":46},{"not_picked":["Dash","Concentrate+1","Skewer"],"picked":"SKIP","floor":47},{"not_picked":["Deflect","Setup"],"picked":"Dodge and Roll","floor":48},{"not_picked":["Poisoned Stab","Deflect"],"picked":"Well Laid Plans+1","floor":54}],"player_experience":2075124,"relics_obtained":[{"floor":6.0,"key":"Girya"},{"floor":9.0,"key":"Mummified Hand"},{"floor":12.0,"key":"PreservedInsect"},{"floor":20.0,"key":"Gambling Chip"},{"floor":20.0,"key":"Ornamental Fan"},{"floor":24.0,"key":"Du-Vu Doll"},{"floor":26.0,"key":"War Paint"},{"floor":27.0,"key":"Ninja Scroll"},{"floor":30.0,"key":"Boot"},{"floor":39,"key":"WingedGreaves"},{"floor":40,"key":"Art of War"},{"floor":42,"key":"Regal Pillow"},{"floor":45,"key":"Ancient Tea Set"},{"floor":47,"key":"Incense Burner"},{"floor":48,"key":"Orichalcum"},{"floor":54,"key":"Kunai"}],"event_choices":[{"damage_healed":0.0,"max_hp_gain":5.0,"max_hp_loss":0.0,"gold_gain":0.0,"event_name":"Big Fish","player_choice":"Donut","floor":5.0,"gold_loss":0.0,"damage_taken":0.0},{"damage_healed":0.0,"max_hp_gain":0.0,"max_hp_loss":0.0,"gold_gain":0.0,"event_name":"Shining Light","player_choice":"Entered Light","floor":14.0,"gold_loss":0.0,"damage_taken":21.0,"cards_upgraded":["Defend_G","Strike_G"]},{"damage_healed":0.0,"max_hp_gain":0.0,"max_hp_loss":0.0,"gold_gain":0.0,"event_name":"Colosseum","player_choice":"Fight","floor":20.0,"gold_loss":0.0,"damage_taken":0.0},{"damage_healed":0.0,"max_hp_gain":0.0,"max_hp_loss":0.0,"gold_gain":0.0,"event_name":"Colosseum","player_choice":"Fought Nobs","floor":20.0,"gold_loss":0.0,"damage_taken":0.0},{"damage_healed":0.0,"max_hp_gain":0.0,"max_hp_loss":0.0,"gold_gain":0.0,"event_name":"Ghosts","player_choice":"Ignored","floor":21.0,"gold_loss":0.0,"damage_taken":0.0},{"damage_healed":0,"gold_gain":0,"player_choice":"Max HP","damage_taken":0,"max_hp_gain":0,"max_hp_loss":4,"event_name":"Winding Halls","floor":38,"gold_loss":0},{"damage_healed":0,"gold_gain":0,"player_choice":"Fight","damage_taken":0,"max_hp_gain":0,"max_hp_loss":0,"event_name":"Mysterious Sphere","floor":39,"gold_loss":0},{"damage_healed":0,"gold_gain":0,"player_choice":"Memory 3","damage_taken":10,"max_hp_gain":0,"max_hp_loss":0,"event_name":"SensoryStone","floor":46,"gold_loss":0}],"is_beta":true,"boss_relics":[{"not_picked":["Coffee Dripper","Runic Pyramid"],"picked":"White Beast Statue"},{"not_picked":["WristBlade","Empty Cage"],"picked":"Lizard Tail"}],"items_purged_floors":[22,28],"is_endless":false,"potions_floor_spawned":[1,2,6,18,20,20,24,27,30,31,33,35,36,39,40,42,45,47,48,54],"ascension_level":15}