{"path_per_floor":["M","M","?","M","M","R","E","R","T","M","?","M","$","M","R","B",null,"M","?","M","M","$","R","M"],"character_chosen":"IRONCLAD","items_purchased":["Dodecahedron","Bag of Preparation"],"gold_per_floor":[218,237,237,247,261,261,289,289,289,302,262,282,40,57,57,155,155,171,171,183,201,46,46,58],"floor_reached":25,"campfire_rested":4,"playtime":1737,"current_hp_per_floor":[71,66,50,55,28,52,48,72,72,74,74,69,69,66,80,51,80,74,74,48,34,34,58,28],"items_purged":[],"gold":58,"play_id":"13fb1cc1-4d10-4e47-bcbb-92b82ab1ab25","is_prod":false,"is_daily":false,"is_ascension_mode":false,"campfire_upgraded":0,"path_taken":["M","?","?","M","M","R","E","R","T","M","?","M","?","M","R","BOSS","M","?","?","M","$","R","M","M"],"build_version":"2018-02-01-PROD3","purchased_purges":0,"victory":false,"master_deck":["Strike_R","Strike_R","Strike_R","Strike_R+1","Strike_R","Defend_R+1","Defend_R","Defend_R+1","Defend_R+1","Bash"],"max_hp_per_floor":[80,80,80,80,80,80,80,80,80,80,80,80,80,80,80,80,80,80,80,80,80,80,80,80],"relics":["Burning Blood","War Paint","Centennial Puzzle","Dodecahedron","Velvet Choker","Bag of Preparation"],"card_choices":[],"player_experience":64399,"potions_floor_usage":[25],"damage_taken":[{"damage":15.0,"enemies":"Blue Slaver","floor":1.0,"turns":7.0},{"damage":11.0,"enemies":"Jaw Worm","floor":2.0,"turns":5.0},{"damage":1.0,"enemies":"2 Louse","floor":4.0,"turns":3.0},{"damage":33.0,"enemies":"Gremlin Gang","floor":5.0,"turns":7.0},{"damage":10.0,"enemies":"Gremlin Nob","floor":7.0,"turns":4.0},{"damage":4.0,"enemies":"2 Fungi Beasts","floor":10.0,"turns":4.0},{"damage":11.0,"enemies":"Red Slaver","floor":12.0,"turns":5.0},{"damage":9.0,"enemies":"Exordium Wildlife","floor":14.0,"turns":8.0},{"damage":35.0,"enemies":"Slime Boss","floor":16.0,"turns":11.0},{"damage":12,"enemies":"Chosen","floor":18,"turns":6},{"damage":32,"enemies":"Spheric Guardian","floor":20,"turns":8},{"damage":20,"enemies":"Snake Plant","floor":21,"turns":6},{"damage":36,"enemies":"Sentry and Sphere","floor":24,"turns":15},{"damage":30,"enemies":"Slaver and Parasite","floor":25,"turns":6}],"event_choices":[{"event_name":"Shining Light","player_choice":"Entered Light","floor":3.0,"damage_taken":0.0},{"event_name":"The Woman in Blue","player_choice":"Bought 3 Potions","floor":11.0,"damage_taken":0.0},{"event_name":"Vampires","player_choice":"Ignored","floor":19,"damage_taken":0}],"boss_relics":[{"not_picked":["Ectoplasm","Black Blood"],"picked":"Velvet Choker"}],"potions_floor_spawned":[2,7,10,18,20],"seed_played":"-4826728612834488159","killed_by":"Slaver and Parasite","ascension_level":0,"is_trial":false}