{"gold_per_floor":[114,114,28,79,96,125,125,151,151,151],"floor_reached":10,"playtime":359,"items_purged":[],"score":74,"play_id":"dfca530c-9dc1-4e9b-bf68-ac7227bb3ad9","local_time":"20190310230612","is_ascension_mode":false,"campfire_choices":[{"data":"Fire Breathing","floor":7,"key":"SMITH"}],"neow_cost":"NONE","seed_source_timestamp":32281017476444,"circlet_count":0,"master_deck":["Strike_R","Strike_R+1","Strike_R","Strike_R","Strike_R","Defend_R","Defend_R","Defend_R","Defend_R","Bash+1","Dramatic Entrance","Cleave","Blind","Fire Breathing+1","Anger","Berserk+1"],"relics":["Burning Blood","Frozen Egg 2","Kunai","Vajra"],"potions_floor_usage":[8],"damage_taken":[{"damage":7,"enemies":"2 Louse","floor":1,"turns":2},{"damage":11,"enemies":"Jaw Worm","floor":5,"turns":2},{"damage":15,"enemies":"Gremlin Nob","floor":6,"turns":4},{"damage":21,"enemies":"Lagavulin","floor":8,"turns":4},{"damage":35,"enemies":"3 Sentries","floor":10,"turns":2}],"seed_played":"-254054614021971362","potions_obtained":[{"floor":5,"key":"Energy Potion"},{"floor":8,"key":"Energy Potion"}],"is_trial":false,"path_per_floor":["M","?","$","?","M","E","R","E","T","E"],"character_chosen":"IRONCLAD","items_purchased":["Blind"],"campfire_rested":0,"item_purchase_floors":[3],"current_hp_per_floor":[79,63,63,63,58,49,49,34,34,0],"gold":151,"neow_bonus":"RANDOM_COLORLESS","is_prod":false,"is_daily":false,"chose_seed":false,"campfire_upgraded":1,"win_rate":0.0,"timestamp":1552284372,"path_taken":["M","?","$","?","M","E","R","E","T","E"],"build_version":"2019-01-23","purchased_purges":0,"victory":false,"max_hp_per_floor":[80,80,80,80,80,80,80,80,80,80],"card_choices":[{"not_picked":["Flame Barrier","Seeing Red"],"picked":"Cleave","floor":1},{"not_picked":["Perfected Strike","Battle Trance"],"picked":"Fire Breathing","floor":5},{"not_picked":["Reaper","Battle Trance"],"picked":"Anger","floor":6},{"not_picked":["Iron Wave","Pommel Strike"],"picked":"Berserk+1","floor":8}],"player_experience":14872,"relics_obtained":[{"floor":6,"key":"Frozen Egg 2"},{"floor":8,"key":"Kunai"},{"floor":9,"key":"Vajra"}],"event_choices":[{"damage_healed":0,"gold_gain":0,"player_choice":"Entered Light","damage_taken":16,"max_hp_gain":0,"max_hp_loss":0,"event_name":"Shining Light","floor":2,"gold_loss":0,"cards_upgraded":["Bash","Strike_R"]},{"damage_healed":0,"gold_gain":51,"player_choice":"Gained Gold","damage_taken":0,"max_hp_gain":0,"max_hp_loss":0,"event_name":"Golden Wing","floor":4,"gold_loss":0}],"is_beta":false,"boss_relics":[],"items_purged_floors":[],"is_endless":false,"potions_floor_spawned":[5,8],"killed_by":"3 Sentries","ascension_level":0}