{"gold_per_floor":[117,137,40,51,51,82,82,112,166,201,256,100,126,136,136,210,210,228,241,241,55,69,95,95,95,150,18,38,56,56,56],"floor_reached":31,"playtime":818,"items_purged":["Strike_R","Normality","Writhe"],"score":478,"play_id":"c733a1ee-65b0-424d-8bc9-b65299f533a5","local_time":"20190223191042","is_ascension_mode":true,"campfire_choices":[{"data":"Armaments","floor":7.0,"key":"SMITH"},{"data":"Immolate","floor":15.0,"key":"SMITH"},{"floor":24,"key":"REST"}],"neow_cost":"NONE","seed_source_timestamp":540214431300848,"circlet_count":0,"master_deck":["AscendersBane","Strike_R+1","Strike_R+1","Strike_R+1","Strike_R+1","Defend_R+1","Defend_R+1","Defend_R+1","Defend_R+1","Bash","Pommel Strike","Armaments+1","Immolate+1","Battle Trance","Barricade+1","Injury","Inflame+1","Anger","Shrug It Off","Flame Barrier","Feel No Pain+1","Corruption+1"],"special_seed":0,"relics":["Burning Blood","Pen Nib","Anchor","Frozen Egg 2","Tiny Chest","Happy Flower","Strawberry","Calling Bell","Ancient Tea Set","Kunai","Torii","Art of War","Juzu Bracelet","Smiling Mask"],"potions_floor_usage":[23,31],"damage_taken":[{"damage":1.0,"enemies":"Cultist","floor":1.0,"turns":4.0},{"damage":0.0,"enemies":"Small Slimes","floor":2.0,"turns":3.0},{"damage":14.0,"enemies":"Jaw Worm","floor":4.0,"turns":5.0},{"damage":30.0,"enemies":"3 Sentries","floor":6.0,"turns":9.0},{"damage":25.0,"enemies":"Lagavulin","floor":8.0,"turns":9.0},{"damage":15.0,"enemies":"3 Sentries","floor":10.0,"turns":9.0},{"damage":0.0,"enemies":"Lots of Slimes","floor":14.0,"turns":2.0},{"damage":17.0,"enemies":"Slime Boss","floor":16.0,"turns":8.0},{"damage":3.0,"enemies":"Chosen","floor":18.0,"turns":4.0},{"damage":27.0,"enemies":"2 Thieves","floor":19.0,"turns":5.0},{"damage":20.0,"enemies":"Snecko","floor":22.0,"turns":5.0},{"damage":27,"enemies":"Gremlin Leader","floor":23,"turns":7},{"damage":9,"enemies":"Snake Plant","floor":28,"turns":4},{"damage":0,"enemies":"Sentry and Sphere","floor":29,"turns":7},{"damage":56,"enemies":"Book of Stabbing","floor":31,"turns":4}],"seed_played":"7466890979412798086","potions_obtained":[{"floor":1.0,"key":"Strength Potion"},{"floor":6.0,"key":"Strength Potion"},{"floor":16.0,"key":"Poison Potion"},{"floor":18.0,"key":"SneckoOil"},{"floor":22.0,"key":"SkillPotion"},{"floor":28,"key":"PowerPotion"}],"is_trial":false,"path_per_floor":["M","M","$","M","?","E","R","E","T","E","?","$","T","M","R","B",null,"M","M","T","$","M","E","R","?","T","$","M","M","?","E"],"character_chosen":"IRONCLAD","items_purchased":["Armaments","AttackPotion","Battle Trance","Inflame+1","Anger","Feel No Pain+1"],"campfire_rested":1,"item_purchase_floors":[3,3,12,21,21,27],"current_hp_per_floor":[80,82,82,74,69,45,45,26,26,17,17,17,24,30,30,19,72,75,54,54,54,40,19,45,45,45,45,42,48,48,0],"gold":56,"neow_bonus":"TEN_PERCENT_HP_BONUS","is_prod":false,"is_daily":false,"chose_seed":false,"campfire_upgraded":2,"win_rate":0,"timestamp":1550967042,"path_taken":["M","M","$","M","?","E","R","E","T","E","?","$","?","M","R","BOSS","M","?","?","$","M","E","R","?","T","$","M","M","?","E"],"build_version":"2019-02-06","purchased_purges":3,"victory":false,"max_hp_per_floor":[82,82,82,82,82,82,82,82,82,82,82,82,89,89,89,89,89,89,89,89,89,89,89,89,89,89,89,89,89,89,89],"card_choices":[{"not_picked":["Reckless Charge","Havoc"],"picked":"Pommel Strike","floor":1.0},{"not_picked":["Clash","Headbutt","Sever Soul"],"picked":"SKIP","floor":2.0},{"not_picked":["Wild Strike","Sentinel","Body Slam"],"picked":"SKIP","floor":4.0},{"not_picked":["Dropkick","Pommel Strike","Rage"],"picked":"SKIP","floor":6.0},{"not_picked":["Perfected Strike","Body Slam","Blood for Blood"],"picked":"SKIP","floor":8.0},{"not_picked":["True Grit","Brutality+1"],"picked":"Immolate","floor":10.0},{"not_picked":["Body Slam","Sentinel","Sword Boomerang"],"picked":"SKIP","floor":14.0},{"not_picked":["Juggernaut+1","Fiend Fire"],"picked":"Barricade+1","floor":16.0},{"not_picked":["Blood for Blood","Clash","Intimidate"],"picked":"SKIP","floor":18.0},{"not_picked":["Flex","Wild Strike+1","Warcry"],"picked":"SKIP","floor":19.0},{"not_picked":["Whirlwind","Demon Form+1"],"picked":"Shrug It Off","floor":22.0},{"not_picked":["Pommel Strike","Searing Blow"],"picked":"Flame Barrier","floor":23},{"not_picked":["Perfected Strike","Iron Wave"],"picked":"Corruption+1","floor":28},{"not_picked":["Perfected Strike","Wild Strike","Dual Wield"],"picked":"SKIP","floor":29}],"player_experience":2033932,"relics_obtained":[{"floor":6.0,"key":"Anchor"},{"floor":8.0,"key":"Frozen Egg 2"},{"floor":9.0,"key":"Tiny Chest"},{"floor":10.0,"key":"Happy Flower"},{"floor":13.0,"key":"Strawberry"},{"floor":17.0,"key":"Ancient Tea Set"},{"floor":17.0,"key":"Kunai"},{"floor":17.0,"key":"Torii"},{"floor":20.0,"key":"Art of War"},{"floor":23,"key":"Juzu Bracelet"},{"floor":26,"key":"Smiling Mask"}],"event_choices":[{"damage_healed":0.0,"max_hp_gain":0.0,"max_hp_loss":0.0,"gold_gain":0.0,"event_name":"Scrap Ooze","player_choice":"Success","floor":5.0,"gold_loss":0.0,"damage_taken":5.0,"relics_obtained":["Pen Nib"]},{"damage_healed":0.0,"max_hp_gain":0.0,"max_hp_loss":0.0,"gold_gain":55.0,"event_name":"Golden Wing","player_choice":"Gained Gold","floor":11.0,"gold_loss":0.0,"damage_taken":0.0},{"damage_healed":0,"gold_gain":0,"player_choice":"Simplicity","damage_taken":0,"max_hp_gain":0,"max_hp_loss":0,"event_name":"Back to Basics","floor":25,"gold_loss":0,"cards_upgraded":["Strike_R","Strike_R","Strike_R","Strike_R","Defend_R","Defend_R","Defend_R","Defend_R"]},{"damage_healed":0,"gold_gain":0,"player_choice":"Ignored","damage_taken":0,"max_hp_gain":0,"max_hp_loss":0,"event_name":"Vampires","floor":30,"gold_loss":0}],"is_beta":true,"boss_relics":[{"not_picked":["Runic Cube","Busted Crown"],"picked":"Calling Bell"}],"items_purged_floors":[12,21,27],"is_endless":false,"potions_floor_spawned":[1,4,6,16,18,22,28],"killed_by":"Book of Stabbing","ascension_level":15}