{"path_per_floor":["M","?","M","M","?","R","E","?","T","R","M","R","M","?","R","B",null,"M","$","T"],"character_chosen":"DEFECT","items_purchased":["Vajra","Blaster","Axe Kick"],"gold_per_floor":[111,111,127,139,139,139,172,172,223,223,233,233,246,274,274,372,372,389,73,73,73],"floor_reached":21,"campfire_rested":1,"playtime":991,"current_hp_per_floor":[71,76,75,69,69,69,52,52,52,52,36,36,36,25,49,18,80,57,57,57,0],"items_purged":["Strike_B"],"gold":73,"score":177,"play_id":"8e9182ad-77ab-4fd9-a746-a31eb0f53819","local_time":"20180430073941","is_prod":false,"is_daily":false,"chose_seed":false,"is_ascension_mode":false,"campfire_upgraded":3,"timestamp":1525063181,"path_taken":["M","?","M","M","?","R","E","?","T","R","M","R","M","?","R","BOSS","M","$","?","?"],"build_version":"2018-04-27v3","seed_source_timestamp":36735179512001,"purchased_purges":1,"victory":false,"master_deck":["Strike_B","Strike_B","Defend_B","Defend_B","Defend_B","Defend_B","Zap+1","Dualcast","Skim","Beam Cell","Leap","Creative AI+1","Zap+1","Darkness","Cold Snap","Turbo","Chill","Rainbow","Sweeping Beam","Blaster","Axe Kick"],"max_hp_per_floor":[75,80,80,80,80,80,80,80,80,80,80,80,80,80,80,80,80,80,80,80,80],"relics":["Cracked Core","Juzu Bracelet","Singing Bowl","Omamori","Odd Mushroom","Sozu","Vajra","Frozen Egg 2"],"card_choices":[{"not_picked":["Coolheaded","Turbo"],"picked":"Beam Cell","floor":1},{"not_picked":["Reprogram","Stack"],"picked":"Leap","floor":3},{"not_picked":["Coolheaded","Undo"],"picked":"Creative AI","floor":4},{"not_picked":["Capacitor","Meteor Strike"],"picked":"Darkness","floor":7},{"not_picked":["Turbo","Capacitor"],"picked":"Cold Snap","floor":11},{"not_picked":["Capacitor","Leap"],"picked":"Turbo","floor":13},{"not_picked":["Go for the Eyes","Undo"],"picked":"Chill","floor":14},{"not_picked":["Seek","Fission"],"picked":"Rainbow","floor":16},{"not_picked":["Beam Cell","Flux Capacitor"],"picked":"Sweeping Beam","floor":18}],"player_experience":394600,"potions_floor_usage":[16,21],"damage_taken":[{"damage":4,"enemies":"2 Louse","floor":1,"turns":4},{"damage":1,"enemies":"Cultist","floor":3,"turns":4},{"damage":6,"enemies":"Jaw Worm","floor":4,"turns":3},{"damage":17,"enemies":"3 Sentries","floor":7,"turns":9},{"damage":16,"enemies":"Red Slaver","floor":11,"turns":4},{"damage":0,"enemies":"Large Slime","floor":13,"turns":7},{"damage":11,"enemies":"The Mushroom Lair","floor":14,"turns":4},{"damage":46,"enemies":"Slime Boss","floor":16,"turns":10},{"damage":23,"enemies":"Chosen","floor":18,"turns":4},{"damage":65,"enemies":"Masked Bandits","floor":21,"turns":5}],"event_choices":[{"event_name":"Big Fish","player_choice":"Donut","floor":2,"damage_taken":0},{"event_name":"Match and Keep!","player_choice":"1 cards matched","floor":5,"damage_taken":0},{"event_name":"Dead Adventurer","player_choice":"Searched \u00271\u0027 times","floor":8,"damage_taken":0},{"event_name":"Mushrooms","player_choice":"Fought Mushrooms","floor":14,"damage_taken":0},{"event_name":"Masked Bandits","player_choice":"Fought over 73 gold","floor":21,"damage_taken":0}],"boss_relics":[{"not_picked":["White Beast Statue","Black Star"],"picked":"Sozu"}],"potions_floor_spawned":[4,11,14],"seed_played":"-6222058775656602171","killed_by":"Masked Bandits","ascension_level":0,"is_trial":false}