{"path_per_floor":["M","$","?","M","M","R","E","R","T","?","M","R","M","M","R","B",null,"M","?","?","?","?"],"character_chosen":"IRONCLAD","items_purchased":[],"gold_per_floor":[119,44,44,61,80,80,115,115,140,163,182,182,193,204,204,305,305,318,318,318,318,0],"floor_reached":23,"campfire_rested":0,"playtime":606,"current_hp_per_floor":[80,80,73,68,74,74,65,65,65,56,54,54,45,50,50,54,87,62,60,60,60,60],"items_purged":["Strike_R"],"gold":0,"score":215,"play_id":"da8c9485-b198-4819-b2d7-2abfec9e8561","is_prod":false,"is_daily":false,"is_ascension_mode":false,"campfire_upgraded":4,"path_taken":["M","$","?","?","?","R","E","R","T","?","?","R","M","M","R","BOSS","M","?","?","?","?","E"],"build_version":"2018-02-12-BETA1","purchased_purges":1,"victory":false,"master_deck":["Defend_R","Defend_R","Defend_R","Bash","Inflame+1","Thunderclap","True Grit+1","Iron Wave","Reckless Charge","Seeing Red+1","Shrug It Off","Clothesline+1","Berserk","Headbutt","Bite","Bite","Bite","Bite","Writhe"],"max_hp_per_floor":[80,80,80,80,80,80,87,87,87,87,87,87,87,87,87,87,87,87,60,60,60,60],"relics":["Burning Blood","Oddly Smooth Stone","Strawberry","Vajra","Odd Mushroom","Eternal Feather","Mummified Hand"],"card_choices":[{"not_picked":["Clothesline","Body Slam"],"picked":"Inflame"},{"not_picked":["Pummel","Sword Boomerang"],"picked":"Thunderclap"},{"not_picked":["Entrench","Warcry"],"picked":"True Grit"},{"not_picked":["Carnage","Clothesline"],"picked":"Iron Wave"},{"not_picked":["Sever Soul","Flex"],"picked":"Reckless Charge"},{"not_picked":["Impervious","Twin Strike"],"picked":"Seeing Red"},{"not_picked":["Evolve","Disarm"],"picked":"Shrug It Off"},{"not_picked":["Anger","True Grit"],"picked":"Clothesline"},{"not_picked":["Barricade","Immolate"],"picked":"Berserk"},{"not_picked":["Clash","Rupture"],"picked":"Headbutt"}],"player_experience":210334,"potions_floor_usage":[7,13,16,18],"damage_taken":[{"damage":5,"enemies":"2 Louse","floor":1,"turns":3},{"damage":11,"enemies":"Jaw Worm","floor":4,"turns":3},{"damage":0,"enemies":"Cultist","floor":5,"turns":3},{"damage":22,"enemies":"3 Sentries","floor":7,"turns":6},{"damage":15,"enemies":"The Mushroom Lair","floor":10,"turns":3},{"damage":8,"enemies":"Lots of Slimes","floor":11,"turns":3},{"damage":15,"enemies":"Blue Slaver","floor":13,"turns":2},{"damage":1,"enemies":"2 Fungi Beasts","floor":14,"turns":3},{"damage":2,"enemies":"Slime Boss","floor":16,"turns":6},{"damage":31,"enemies":"3 Byrds","floor":18,"turns":4},{"damage":0,"enemies":"Book of Stabbing","floor":23,"turns":1}],"event_choices":[{"event_name":"Golden Wing","player_choice":"Card Removal","floor":3,"damage_taken":0},{"event_name":"Mushrooms","player_choice":"Fought Mushrooms","floor":10,"damage_taken":0},{"event_name":"Vampires","player_choice":"Became a vampire","floor":19,"damage_taken":0},{"event_name":"Back to Basics","player_choice":"Elegance","floor":20,"damage_taken":0},{"event_name":"The Mausoleum","player_choice":"Yes","floor":21,"damage_taken":0},{"event_name":"Masked Bandits","player_choice":"Paid Bandits 318 gold","floor":22,"damage_taken":0}],"boss_relics":[{"not_picked":["Snecko Eye","Orrery"],"picked":"Eternal Feather"}],"potions_floor_spawned":[1,4,13,16,18],"seed_played":"-2199831885722530755","killed_by":"Book of Stabbing","ascension_level":0,"is_trial":false}