{"path_per_floor":["M","?","?","M","$","R","M","?","T","$","M","R","M","E","R","B",null,"M","?","M","?","T","R","E","M","T","$","M","R","M","M","R","B",null,"M","?","$","M","?","R","?","R","T","M","?","M","?","$","R","B"],"character_chosen":"THE_SILENT","items_purchased":["Panache","Infinite Blades","Master of Strategy","Master of Strategy","Blur"],"gold_per_floor":[112,287,287,301,37,37,56,56,82,4,15,15,28,54,54,149,149,162,162,182,182,228,228,262,278,303,21,32,32,47,67,67,172,172,187,187,5,20,70,70,70,70,70,86,86,101,101,30,30,30],"floor_reached":51,"campfire_rested":1,"playtime":3578,"item_purchase_floors":[],"current_hp_per_floor":[35,35,40,40,40,40,40,33,33,33,30,30,28,24,24,24,75,75,75,75,75,75,75,73,73,73,73,73,73,47,45,45,40,75,75,75,75,75,66,66,57,57,57,49,49,45,35,35,57,41],"items_purged":["Doubt","Normality"],"gold":30,"score":1015,"play_id":"879e2dd3-2a90-4505-91fe-dc2b4257e3a0","local_time":"20180606032925","is_prod":false,"is_daily":false,"chose_seed":false,"is_ascension_mode":false,"campfire_upgraded":8,"win_rate":0,"timestamp":1528244965,"campfire_choices":[{"data":"Adrenaline","floor":6.0,"key":"SMITH"},{"data":"Cloak And Dagger","floor":12.0,"key":"SMITH"},{"data":"Neutralize","floor":15.0,"key":"SMITH"},{"data":"Escape Plan","floor":23,"key":"SMITH"},{"data":"Master of Strategy","floor":29,"key":"SMITH"},{"data":"Noxious Fumes","floor":32,"key":"SMITH"},{"data":"Night Terror","floor":40,"key":"SMITH"},{"data":"Tactician","floor":42,"key":"SMITH"},{"floor":49,"key":"REST"}],"path_taken":["M","?","?","M","?","R","M","?","T","?","M","R","M","E","R","BOSS","M","?","M","?","?","R","E","M","T","$","M","R","M","?","R","BOSS","M","?","$","?","?","R","?","R","T","M","?","?","?","?","R","BOSS"],"build_version":"2018-06-04v2","seed_source_timestamp":0,"purchased_purges":2,"victory":true,"master_deck":["Survivor","Neutralize+1","Adrenaline+1","Cloak And Dagger","Deflect","Panache","Escape Plan+1","Infinite Blades","Cloak And Dagger+1","Noxious Fumes+1","Acrobatics","Night Terror+1","Dagger Spray","Reflex","Heel Hook","Underhanded Strike","Backflip","Dagger Spray","Calculated Gamble+1","Slice","Poisoned Stab","PiercingWail+1","Deflect+1","Flying Knee","Neutralize","Backstab","Prepared+1","Master of Strategy+1","Cloak And Dagger+1","Footwork+1","Slice","Tactician+1","Acrobatics","Master of Strategy","Leg Sweep+1","Choke","Madness","Madness","Heel Hook","Calculated Gamble+1","Blade Dance+1","Finesse","Finesse","Flash of Steel","Blur"],"max_hp_per_floor":[70,70,75,75,75,75,75,75,75,75,75,75,75,75,75,75,75,75,75,75,75,75,75,75,75,75,75,75,75,75,75,75,75,75,75,75,75,75,75,75,75,75,75,75,75,75,75,75,75,75],"relics":["Ring of the Snake","Orichalcum","Bag of Preparation","Pandora\u0027s Box","Boot","Dodecahedron","Happy Flower","Sozu","Du-Vu Doll","Centennial Puzzle","Dead Branch"],"card_choices":[{"not_picked":["Venomology","A Thousand Cuts"],"picked":"Adrenaline","floor":0.0},{"not_picked":["Accuracy","Acrobatics"],"picked":"Cloak And Dagger","floor":1.0},{"not_picked":["Dodge and Roll","Flying Knee"],"picked":"Deflect","floor":4.0},{"not_picked":["Underhanded Strike","Sucker Punch"],"picked":"Escape Plan","floor":7.0},{"not_picked":["Backflip","Distraction"],"picked":"Cloak And Dagger","floor":11.0},{"not_picked":["Accuracy","Caltrops"],"picked":"Noxious Fumes","floor":13.0},{"not_picked":["Bane","Flying Knee"],"picked":"Acrobatics","floor":14.0},{"not_picked":["Wraith Form v2","Tools of the Trade"],"picked":"Night Terror","floor":16.0},{"not_picked":["Terror","Deflect+1"],"picked":"PiercingWail+1","floor":18.0},{"not_picked":["Underhanded Strike+1","Choke"],"picked":"Deflect+1","floor":20},{"not_picked":["Heel Hook","Dagger Spray"],"picked":"Backstab","floor":24},{"not_picked":["Outmaneuver","Crippling Poison"],"picked":"Prepared+1","floor":25},{"not_picked":["Quick Slash","Underhanded Strike"],"picked":"Cloak And Dagger+1","floor":28},{"not_picked":["Endless Agony","Crippling Poison"],"picked":"Footwork+1","floor":30},{"not_picked":["PiercingWail","Bane"],"picked":"Slice","floor":31},{"not_picked":["Corpse Explosion","Phantasmal Killer"],"picked":"Tactician","floor":33},{"not_picked":["Bouncing Flask","Quick Slash"],"picked":"Acrobatics","floor":35},{"not_picked":["Catalyst+1","Backflip+1"],"picked":"Leg Sweep+1","floor":38},{"not_picked":["Leg Sweep","Finisher"],"picked":"Choke","floor":39},{"not_picked":["Poisoned Stab","Acrobatics+1"],"picked":"Heel Hook","floor":44},{"not_picked":["Prepared","Dagger Throw+1"],"picked":"Calculated Gamble+1","floor":45},{"not_picked":["Well Laid Plans+1","Underhanded Strike+1"],"picked":"Blade Dance+1","floor":46},{"not_picked":["Enlightenment","Trip"],"picked":"Finesse","floor":47},{"not_picked":["Madness","Dramatic Entrance"],"picked":"Finesse","floor":47},{"not_picked":["Dramatic Entrance","Enlightenment"],"picked":"Flash of Steel","floor":47}],"player_experience":479861,"potions_floor_usage":[24,33,33,33],"damage_taken":[{"damage":0.0,"enemies":"Small Slimes","floor":1.0,"turns":3.0},{"damage":0.0,"enemies":"Jaw Worm","floor":4.0,"turns":6.0},{"damage":0.0,"enemies":"Cultist","floor":7.0,"turns":3.0},{"damage":3.0,"enemies":"Large Slime","floor":11.0,"turns":5.0},{"damage":2.0,"enemies":"Looter","floor":13.0,"turns":2.0},{"damage":4.0,"enemies":"Lagavulin","floor":14.0,"turns":5.0},{"damage":0.0,"enemies":"Slime Boss","floor":16.0,"turns":6.0},{"damage":0.0,"enemies":"3 Byrds","floor":18.0,"turns":2.0},{"damage":0,"enemies":"Spheric Guardian","floor":20,"turns":3},{"damage":2,"enemies":"Gremlin Leader","floor":24,"turns":5},{"damage":0,"enemies":"3 Cultists","floor":25,"turns":2},{"damage":0,"enemies":"Centurion and Healer","floor":28,"turns":2},{"damage":26,"enemies":"Slaver and Parasite","floor":30,"turns":4},{"damage":2,"enemies":"Snecko","floor":31,"turns":3},{"damage":5,"enemies":"Champ","floor":33,"turns":10},{"damage":0,"enemies":"Flame Bruiser 1 Orb","floor":35,"turns":3},{"damage":0,"enemies":"3 Darklings","floor":38,"turns":3},{"damage":9,"floor":39,"turns":3},{"damage":8,"enemies":"Flame Bruiser 2 Orb","floor":44,"turns":3},{"damage":0,"floor":45,"turns":5},{"damage":4,"enemies":"4 Shapes","floor":46,"turns":2},{"damage":16,"enemies":"Donu and Deca","floor":50,"turns":7}],"relics_obtained":[{"floor":9.0,"key":"Orichalcum"},{"floor":14.0,"key":"Bag of Preparation"},{"floor":22,"key":"Boot"},{"floor":24,"key":"Dodecahedron"},{"floor":26,"key":"Happy Flower"},{"floor":39,"key":"Du-Vu Doll"},{"floor":43,"key":"Centennial Puzzle"},{"floor":45,"key":"Dead Branch"}],"event_choices":[{"event_name":"Liars Game","player_choice":"agreed","floor":2.0,"damage_taken":0.0},{"event_name":"Big Fish","player_choice":"Donut","floor":3.0,"damage_taken":0.0},{"event_name":"Golden Wing","player_choice":"Card Removal","floor":8.0,"damage_taken":0.0},{"event_name":"Upgrade Shrine","player_choice":"Upgraded","floor":19,"damage_taken":0},{"event_name":"Match and Keep!","player_choice":"3 cards matched","floor":21,"damage_taken":0},{"event_name":"Tomb of Lord Red Mask","player_choice":"Ignored","floor":36,"damage_taken":0},{"event_name":"Mysterious Sphere","player_choice":"Fight","floor":39,"damage_taken":0},{"event_name":"Winding Halls","player_choice":"Embrace Madness","floor":41,"damage_taken":0},{"event_name":"MindBloom","player_choice":"Fight","floor":45,"damage_taken":0},{"event_name":"SensoryStone","player_choice":"Memory 3","floor":47,"damage_taken":0}],"boss_relics":[{"not_picked":["Ectoplasm","Cursed Key"],"picked":"Pandora\u0027s Box"},{"not_picked":["Calling Bell","Runic Dome"],"picked":"Sozu"}],"items_purged_floors":[],"potions_floor_spawned":[1,4,11,13,24,25,30,38,44,45,46],"seed_played":"6279631170523579950","ascension_level":0,"potions_obtained":[{"floor":1.0,"key":"Fire Potion"},{"floor":4.0,"key":"Swift Potion"},{"floor":11.0,"key":"Swift Potion"},{"floor":24,"key":"Poison Potion"},{"floor":25,"key":"GamblersBrew"},{"floor":30,"key":"Poison Potion"}],"is_trial":false}