{"gold_per_floor":[364,382,382,657,30,58,68,83,83,118,131,131,150,166,166,270,270,282,282,82,82,82,115,115,132,159,159,178,188,188,220,220,318,318,330,343,343,343,358,358],"floor_reached":40,"playtime":1556,"items_purged":["Regret"],"score":510,"play_id":"976d9711-e350-4dfb-be77-db047a3377d6","local_time":"20181118180832","is_ascension_mode":true,"campfire_choices":[{"floor":15,"key":"REST"},{"data":"Recycle","floor":24,"key":"SMITH"},{"data":"Zap","floor":27,"key":"SMITH"},{"data":"Streamline","floor":32,"key":"SMITH"}],"neow_cost":"PERCENT_DAMAGE","seed_source_timestamp":691691622818823,"circlet_count":0,"master_deck":["Strike_B","Strike_B","Strike_B","Defend_B","Defend_B","Defend_B","Defend_B","Zap+1","Dualcast+1","Ball Lightning","Conserve Battery","Streamline+1","Static Discharge+1","Beam Cell","Rebound","Conserve Battery","Darkness+1","Recycle+1","Gash","Darkness","Electrodynamics+1","Cold Snap+1","Ball Lightning","Glacier","Beam Cell+1","Go for the Eyes","Cold Snap+1","Capacitor+1","Steam","Reboot","Barrage","Reinforced Body","Genetic Algorithm","Static Discharge+1","Coolheaded+1","Compile Driver+1","Loop+1","Darkness+1"],"relics":["Cracked Core","Frozen Egg 2","Omamori","Kunai","Bottled Tornado","Matryoshka","Strawberry","Orichalcum","Eternal Feather","Necronomicon","War Paint","Anchor","MutagenicStrength","Happy Flower","Blood Vial","Du-Vu Doll","Orrery","Shuriken"],"potions_floor_usage":[10,16,23,25,33,40],"damage_taken":[{"damage":1,"enemies":"Jaw Worm","floor":1,"turns":4},{"damage":1,"enemies":"Cultist","floor":2,"turns":3},{"damage":17,"enemies":"Lagavulin","floor":6,"turns":5},{"damage":6,"enemies":"2 Louse","floor":7,"turns":2},{"damage":6,"enemies":"Large Slime","floor":8,"turns":6},{"damage":9,"enemies":"Gremlin Nob","floor":10,"turns":4},{"damage":1,"enemies":"2 Fungi Beasts","floor":11,"turns":3},{"damage":3,"enemies":"Exordium Wildlife","floor":13,"turns":3},{"damage":5,"enemies":"Looter","floor":14,"turns":3},{"damage":21,"enemies":"Slime Boss","floor":16,"turns":6},{"damage":7,"enemies":"Shell Parasite","floor":18,"turns":6},{"damage":17,"enemies":"Slavers","floor":23,"turns":4},{"damage":0,"enemies":"Spheric Guardian","floor":25,"turns":3},{"damage":2,"enemies":"Centurion and Healer","floor":28,"turns":5},{"damage":5,"enemies":"Cultist and Chosen","floor":29,"turns":4},{"damage":8,"enemies":"Book of Stabbing","floor":31,"turns":4},{"damage":56,"enemies":"Champ","floor":33,"turns":10},{"damage":3,"enemies":"Orb Walker","floor":35,"turns":5},{"damage":25,"enemies":"3 Shapes","floor":36,"turns":5},{"damage":38,"enemies":"Maw","floor":39,"turns":7},{"damage":31,"enemies":"Reptomancer","floor":40,"turns":5}],"seed_played":"-4274312834320080901","potions_obtained":[{"floor":8,"key":"LiquidBronze"},{"floor":11,"key":"Poison Potion"},{"floor":14,"key":"Swift Potion"},{"floor":16,"key":"Explosive Potion"},{"floor":23,"key":"Energy Potion"},{"floor":25,"key":"SteroidPotion"},{"floor":29,"key":"Dexterity Potion"},{"floor":35,"key":"Explosive Potion"}],"is_trial":false,"path_per_floor":["M","M","?","?","$","E","M","M","T","E","M","T","M","M","R","B",null,"M","?","$","?","?","E","R","M","T","R","M","M","?","E","R","B",null,"M","M","?","?","M","E"],"character_chosen":"DEFECT","items_purchased":["Streamline","Reinforced Body","Frozen Egg 2","Static Discharge+1","Omamori","Ball Lightning","War Paint"],"campfire_rested":1,"item_purchase_floors":[5,5,5,5,5,20,20],"current_hp_per_floor":[53,52,45,45,45,28,22,16,16,7,6,13,10,5,29,8,82,75,59,59,59,59,42,57,57,57,72,72,69,69,63,81,26,82,79,56,56,56,20,0],"gold":358,"neow_bonus":"TWO_FIFTY_GOLD","is_prod":false,"is_daily":false,"chose_seed":false,"campfire_upgraded":3,"win_rate":0,"timestamp":1542553712,"path_taken":["M","M","?","?","$","E","M","M","T","E","?","?","M","M","R","BOSS","M","?","$","?","?","E","R","M","T","R","?","M","?","E","R","BOSS","M","M","?","?","M","E"],"build_version":"2018-11-15","purchased_purges":1,"victory":false,"max_hp_per_floor":[75,75,75,75,75,75,75,75,75,75,75,82,82,82,82,82,82,82,82,82,82,82,82,82,82,82,82,82,82,82,82,82,82,82,82,82,82,82,82,82],"card_choices":[{"not_picked":["Steam","Redo"],"picked":"Ball Lightning","floor":1},{"not_picked":["Turbo","Go for the Eyes"],"picked":"Conserve Battery","floor":2},{"not_picked":["Consume","Genetic Algorithm"],"picked":"Beam Cell","floor":6},{"not_picked":["Compile Driver","Conserve Battery"],"picked":"Rebound","floor":7},{"not_picked":["Melter","Double Energy"],"picked":"Conserve Battery","floor":8},{"not_picked":["Hello World+1","Streamline"],"picked":"Darkness","floor":10},{"not_picked":["Force Field","Consume"],"picked":"Recycle","floor":11},{"not_picked":["Redo","Barrage"],"picked":"Gash","floor":13},{"not_picked":["Blizzard","Barrage"],"picked":"Darkness","floor":14},{"not_picked":["Multi-Cast","Creative AI+1"],"picked":"Electrodynamics+1","floor":16},{"not_picked":["Gash","Steam Power"],"picked":"Cold Snap+1","floor":18},{"not_picked":["Blizzard","Barrage"],"picked":"Glacier","floor":23},{"not_picked":["Barrage","Force Field"],"picked":"Beam Cell+1","floor":25},{"not_picked":["Lockon","Sweeping Beam"],"picked":"Go for the Eyes","floor":28},{"not_picked":["Auto Shields","Skim"],"picked":"Cold Snap+1","floor":29},{"not_picked":["Steam Power","Tempest"],"picked":"Steam","floor":31},{"not_picked":["Electrodynamics+1","Multi-Cast"],"picked":"Reboot","floor":33},{"not_picked":["Fusion","Beam Cell"],"picked":"Barrage","floor":34},{"not_picked":["Lockon","Storm+1"],"picked":"Reinforced Body","floor":34},{"not_picked":["Hello World+1","Coolheaded"],"picked":"Genetic Algorithm","floor":34},{"not_picked":["Blizzard+1","Hello World+1"],"picked":"Static Discharge+1","floor":34},{"not_picked":["Scrape","Rebound"],"picked":"Coolheaded+1","floor":34},{"not_picked":["Go for the Eyes+1","Tempest"],"picked":"Compile Driver+1","floor":35},{"not_picked":["Heatsinks+1","Coolheaded+1"],"picked":"Loop+1","floor":36},{"not_picked":["Compile Driver","Go for the Eyes+1"],"picked":"Darkness+1","floor":39}],"player_experience":922376,"relics_obtained":[{"floor":6,"key":"Kunai"},{"floor":9,"key":"Bottled Tornado"},{"floor":10,"key":"Matryoshka"},{"floor":12,"key":"Strawberry"},{"floor":12,"key":"Orichalcum"},{"floor":19,"key":"Necronomicon"},{"floor":23,"key":"Happy Flower"},{"floor":26,"key":"Blood Vial"},{"floor":31,"key":"Du-Vu Doll"},{"floor":38,"key":"Shuriken"}],"event_choices":[{"cards_removed":["Strike_B"],"damage_healed":0,"gold_gain":0,"player_choice":"Card Removal","damage_taken":7,"max_hp_gain":0,"max_hp_loss":0,"event_name":"Golden Wing","floor":3,"gold_loss":0},{"damage_healed":0,"gold_gain":275,"player_choice":"Desecrate","damage_taken":0,"max_hp_gain":0,"max_hp_loss":0,"event_name":"Golden Shrine","floor":4,"gold_loss":0,"cards_obtained":["Regret"]},{"damage_healed":0,"gold_gain":0,"player_choice":"Obtained Book","damage_taken":16,"max_hp_gain":0,"max_hp_loss":0,"event_name":"Cursed Tome","floor":19,"gold_loss":0},{"damage_healed":0,"gold_gain":0,"player_choice":"Stole Relic","damage_taken":0,"relics_obtained":["Anchor"],"max_hp_gain":0,"max_hp_loss":0,"event_name":"Addict","floor":21,"gold_loss":0,"cards_obtained":["Shame"]},{"damage_healed":0,"gold_gain":0,"player_choice":"Inject Mutagens","damage_taken":0,"relics_obtained":["MutagenicStrength"],"max_hp_gain":0,"max_hp_loss":0,"event_name":"Drug Dealer","floor":22,"gold_loss":0},{"damage_healed":0,"gold_gain":0,"player_choice":"Read","damage_taken":0,"max_hp_gain":0,"max_hp_loss":0,"event_name":"The Library","floor":30,"gold_loss":0,"cards_obtained":["Capacitor"]},{"cards_removed":["Reinforced Body"],"damage_healed":0,"gold_gain":0,"player_choice":"Removed Skill","damage_taken":0,"max_hp_gain":0,"max_hp_loss":0,"event_name":"Falling","floor":37,"gold_loss":0},{"damage_healed":0,"gold_gain":0,"player_choice":"Relic","damage_taken":0,"max_hp_gain":0,"max_hp_loss":0,"event_name":"Wheel of Change","floor":38,"gold_loss":0}],"is_beta":true,"boss_relics":[{"not_picked":["Runic Dome","Cursed Key"],"picked":"Eternal Feather"},{"not_picked":["Pandora\u0027s Box","Fusion Hammer"],"picked":"Orrery"}],"items_purged_floors":[5],"is_endless":false,"potions_floor_spawned":[8,11,14,16,23,25,29,35],"killed_by":"Reptomancer","ascension_level":1}