{"gold_per_floor":[112,123,139,139,0,0,0,0,25,35,53,53,69,99,99,201,201,219,219,235,251,526,526],"floor_reached":23,"playtime":1250,"items_purged":[],"score":243,"play_id":"7db77a81-2446-4fb6-af44-55371df99a25","local_time":"20180813013336","is_ascension_mode":false,"campfire_choices":[{"data":"Riddle With Holes","floor":6,"key":"SMITH"},{"data":"Venomology","floor":12,"key":"SMITH"},{"data":"Dagger Spray","floor":15,"key":"SMITH"}],"neow_cost":"NONE","seed_source_timestamp":277722596757640,"circlet_count":0,"master_deck":["Defend_G","Defend_G","Defend_G","Defend_G","Defend_G","Strike_G","Strike_G","Strike_G","Strike_G+1","Survivor+1","Neutralize","Venomology+1","Poisoned Stab","Riddle With Holes+1","Infinite Blades","Calculated Gamble","Flying Knee","Blade Dance","Footwork","Dodge and Roll","All Out Attack","Dagger Spray+1","Bullet Time","Distraction","Riddle With Holes+1","Sucker Punch+1","Regret"],"relics":["Ring of the Snake","Anchor","Calipers","Sozu"],"potions_floor_usage":[1,11,13,13,14,14,16,16,16],"damage_taken":[{"damage":3,"enemies":"Jaw Worm","floor":1,"turns":5},{"damage":5,"enemies":"Cultist","floor":2,"turns":4},{"damage":2,"enemies":"2 Louse","floor":3,"turns":3},{"damage":0,"enemies":"Looter","floor":10,"turns":2},{"damage":0,"enemies":"Exordium Wildlife","floor":11,"turns":5},{"damage":5,"enemies":"Exordium Thugs","floor":13,"turns":4},{"damage":3,"enemies":"Gremlin Nob","floor":14,"turns":3},{"damage":0,"enemies":"Slime Boss","floor":16,"turns":8},{"damage":0,"enemies":"Chosen","floor":18,"turns":4},{"damage":10,"enemies":"2 Thieves","floor":20,"turns":2},{"damage":12,"enemies":"Centurion and Healer","floor":21,"turns":8},{"damage":54,"enemies":"Gremlin Leader","floor":23,"turns":8}],"seed_played":"-5669626095065228371","potions_obtained":[{"floor":1,"key":"Swift Potion"},{"floor":13,"key":"PowerPotion"},{"floor":14,"key":"Swift Potion"}],"is_trial":false,"path_per_floor":["M","M","M","?","$","R","$","?","T","M","M","R","M","E","R","B",null,"M","?","M","M","?"],"character_chosen":"THE_SILENT","items_purchased":["Calculated Gamble","Flying Knee","Blade Dance"],"campfire_rested":0,"item_purchase_floors":[5,5,5],"current_hp_per_floor":[67,62,60,65,65,65,65,50,50,50,50,50,45,42,42,42,75,75,75,65,53,53,0],"gold":526,"neow_bonus":"TRANSFORM_CARD","is_prod":false,"is_daily":false,"chose_seed":false,"campfire_upgraded":3,"win_rate":0,"timestamp":1534113216,"path_taken":["M","M","M","?","$","R","?","?","T","M","M","R","M","E","R","BOSS","M","?","M","?","?","E"],"build_version":"2018-08-08","purchased_purges":0,"victory":false,"max_hp_per_floor":[70,70,70,75,75,75,75,75,75,75,75,75,75,75,75,75,75,75,75,75,75,75,75],"card_choices":[{"not_picked":["Blur","Heel Hook"],"picked":"Poisoned Stab","floor":1},{"not_picked":["Dodge and Roll","PiercingWail"],"picked":"Riddle With Holes","floor":2},{"not_picked":["Dagger Throw","Masterful Stab"],"picked":"Infinite Blades","floor":3},{"not_picked":["Outmaneuver","Eviscerate"],"picked":"Footwork","floor":10},{"not_picked":["Unload","Flying Knee"],"picked":"Dodge and Roll","floor":11},{"not_picked":["Setup","Bouncing Flask"],"picked":"All Out Attack","floor":13},{"not_picked":["Quick Slash","Skewer"],"picked":"Dagger Spray","floor":14},{"not_picked":["Unload","Envenom"],"picked":"Bullet Time","floor":16},{"not_picked":["Poisoned Stab+1","Quick Slash"],"picked":"Distraction","floor":18},{"not_picked":["Underhanded Strike","Prepared"],"picked":"Riddle With Holes+1","floor":20},{"not_picked":["Deadly Poison","Flying Knee"],"picked":"Sucker Punch+1","floor":21}],"player_experience":624465,"relics_obtained":[{"floor":9,"key":"Anchor"},{"floor":14,"key":"Calipers"}],"event_choices":[{"event_name":"Big Fish","player_choice":"Donut","floor":4,"damage_taken":0},{"event_name":"Shining Light","player_choice":"Entered Light","floor":8,"damage_taken":0},{"event_name":"Ghosts","player_choice":"Ignored","floor":19,"damage_taken":0},{"event_name":"Golden Shrine","player_choice":"Desecrate","floor":22,"damage_taken":0}],"is_beta":true,"boss_relics":[{"not_picked":["Orrery","Ectoplasm"],"picked":"Sozu"}],"items_purged_floors":[],"is_endless":false,"potions_floor_spawned":[1,11,13,14,18],"killed_by":"Gremlin Leader","ascension_level":0}