{"gold_per_floor":[118,43,53,68,84,84,96,126,177,210,135,135,161,161,161,236,236,252,252,264,56,74,74],"floor_reached":23,"playtime":666,"items_purged":["Strike_R","Berserk"],"score":402,"play_id":"21ba5827-639d-4575-9be8-91a7ab74f6ef","local_time":"20190720211858","is_ascension_mode":true,"campfire_choices":[{"data":"Bash","floor":6.0,"key":"SMITH"},{"data":"Fiend Fire","floor":12.0,"key":"SMITH"},{"floor":15.0,"key":"REST"}],"neow_cost":"NONE","seed_source_timestamp":929881600011860,"circlet_count":0,"master_deck":["AscendersBane","Bash+1","Pommel Strike","Anger","Reckless Charge","Fiend Fire+1","Limit Break","Feed","Berserk","Fire Breathing","Fiend Fire","Offering","Flame Barrier","Feed","Battle Trance","True Grit"],"special_seed":0,"relics":["Burning Blood","Matryoshka","Happy Flower","Bronze Scales","Ancient Tea Set","Blood Vial","Omamori","WarpedTongs","Pandora\u0027s Box"],"potions_floor_usage":[23,23,23],"damage_taken":[{"damage":2.0,"enemies":"2 Louse","floor":1.0,"turns":4.0},{"damage":9.0,"enemies":"Jaw Worm","floor":3.0,"turns":4.0},{"damage":6.0,"enemies":"Small Slimes","floor":4.0,"turns":3.0},{"damage":8.0,"enemies":"Red Slaver","floor":5.0,"turns":3.0},{"damage":7.0,"enemies":"Looter","floor":7.0,"turns":3.0},{"damage":18.0,"enemies":"Lagavulin","floor":8.0,"turns":6.0},{"damage":30.0,"enemies":"3 Sentries","floor":10.0,"turns":9.0},{"damage":34,"enemies":"Slime Boss","floor":16,"turns":11},{"damage":25,"enemies":"Shell Parasite","floor":18,"turns":2},{"damage":32,"enemies":"2 Thieves","floor":20,"turns":3},{"damage":6,"enemies":"Snake Plant","floor":22,"turns":1},{"damage":57,"enemies":"Book of Stabbing","floor":23,"turns":4}],"seed_played":"-4312475001280912282","potions_obtained":[{"floor":4.0,"key":"Block Potion"},{"floor":7.0,"key":"SpeedPotion"},{"floor":8.0,"key":"Weak Potion"},{"floor":18,"key":"EntropicBrew"}],"is_trial":false,"path_per_floor":["M","?","M","M","M","R","M","E","T","E","$","R","T","?","R","B",null,"M","?","M","$","M","E"],"character_chosen":"IRONCLAD","items_purchased":["Battle Trance","True Grit"],"campfire_rested":1,"item_purchase_floors":[21,21],"current_hp_per_floor":[79,79,76,76,74,74,73,61,61,37,37,37,37,37,61,35,70,53,53,32,32,34,0],"gold":74,"neow_bonus":"TEN_PERCENT_HP_BONUS","is_prod":false,"is_daily":false,"chose_seed":false,"campfire_upgraded":2,"win_rate":0,"timestamp":1563682738,"path_taken":["M","?","M","M","M","R","M","E","T","E","$","R","?","?","R","BOSS","M","?","M","$","M","E"],"build_version":"2019-07-17","purchased_purges":2,"victory":false,"max_hp_per_floor":[82,82,82,82,82,82,82,82,82,82,82,82,82,82,82,82,82,82,82,85,85,85,85],"card_choices":[{"not_picked":["Flex","Cleave"],"picked":"Pommel Strike","floor":1.0},{"not_picked":["Shockwave","Dual Wield"],"picked":"Anger","floor":3.0},{"not_picked":["Cleave","Warcry","Perfected Strike"],"picked":"SKIP","floor":4.0},{"not_picked":["Shockwave","True Grit"],"picked":"Reckless Charge","floor":5.0},{"not_picked":["Heavy Blade","Double Tap","Dual Wield"],"picked":"SKIP","floor":7.0},{"not_picked":["Twin Strike","Havoc"],"picked":"Fiend Fire","floor":8.0},{"not_picked":["Clothesline","Entrench"],"picked":"Limit Break","floor":10.0},{"not_picked":["Fiend Fire","Limit Break"],"picked":"Feed","floor":16},{"not_picked":["Clash","Rupture","Headbutt"],"picked":"SKIP","floor":18},{"not_picked":["Body Slam","Flex","Carnage"],"picked":"SKIP","floor":20},{"not_picked":["Clothesline","Headbutt","Rupture"],"picked":"SKIP","floor":22}],"player_experience":852901,"relics_obtained":[{"floor":8.0,"key":"Matryoshka"},{"floor":9.0,"key":"Happy Flower"},{"floor":9.0,"key":"Bronze Scales"},{"floor":10.0,"key":"Ancient Tea Set"},{"floor":13.0,"key":"Blood Vial"},{"floor":13.0,"key":"Omamori"}],"event_choices":[{"cards_removed":["Strike_R"],"damage_healed":0.0,"max_hp_gain":0.0,"max_hp_loss":0.0,"gold_gain":0.0,"event_name":"The Cleric","player_choice":"Card Removal","floor":2.0,"gold_loss":75.0,"damage_taken":0.0},{"damage_healed":0.0,"max_hp_gain":0.0,"max_hp_loss":0.0,"gold_gain":0.0,"event_name":"Accursed Blacksmith","player_choice":"Rummage","floor":14.0,"gold_loss":0.0,"damage_taken":0.0,"relics_obtained":["WarpedTongs"],"cards_obtained":["Pain"]},{"damage_healed":0,"gold_gain":0,"player_choice":"Smashed Altar","damage_taken":0,"max_hp_gain":0,"max_hp_loss":0,"event_name":"Forgotten Altar","floor":19,"gold_loss":0,"cards_obtained":["Decay"]}],"is_beta":false,"boss_relics":[{"not_picked":["White Beast Statue","Black Blood"],"picked":"Pandora\u0027s Box"}],"items_purged_floors":[11,21],"is_endless":false,"potions_floor_spawned":[4,7,8,18,20],"killed_by":"Book of Stabbing","ascension_level":20}