{"path_per_floor":["M","$","?","?","M","M","R","E","T","M","M","R","M","$","R","B",null],"character_chosen":"THE_SILENT","items_purchased":["Medical Kit","Well Laid Plans"],"gold_per_floor":[114,39,39,39,50,61,61,396,396,407,419,419,431,46,46,146,146],"floor_reached":18,"campfire_rested":1,"playtime":1380,"current_hp_per_floor":[63,63,63,68,68,64,64,39,39,30,28,48,41,41,41,3,68],"items_purged":["Strike_G","Strike_G"],"gold":146,"play_id":"2cd24c58-be90-4ca3-8243-bd2e9f8feed7","is_prod":false,"is_daily":false,"is_ascension_mode":true,"campfire_upgraded":2,"path_taken":["M","?","?","?","M","M","R","E","T","M","?","R","?","$","R","BOSS","M"],"build_version":"2018-01-25-BETA1","purchased_purges":2,"victory":false,"master_deck":["Defend_G","Defend_G","Defend_G","Defend_G","Defend_G","Strike_G","Strike_G","Strike_G","Survivor","Neutralize+1","Poisoned Stab","Bouncing Flask+1","Dagger Spray","Venomology","Dodge and Roll","Well Laid Plans","After Image"],"max_hp_per_floor":[63,63,63,68,68,68,68,68,68,68,68,68,68,68,68,68,68],"relics":["Ring of the Snake","Unceasing Top","Old Coin","Peace Pipe","Medical Kit","Black Star"],"card_choices":[{"not_picked":["Riddle With Holes","Bane"],"picked":"Poisoned Stab"},{"not_picked":["PiercingWail","Heel Hook"],"picked":"Bouncing Flask"},{"not_picked":["Slice","Flying Knee"],"picked":"Dagger Spray"},{"not_picked":["Expertise","Heel Hook"],"picked":"Venomology"},{"not_picked":["Outmaneuver","Prepared"],"picked":"Dodge and Roll"},{"not_picked":["Grand Finale","Bullet Time"],"picked":"After Image"}],"player_experience":154356,"potions_floor_usage":[10,11,13,16,16,16,16],"damage_taken":[{"damage":0,"enemies":"Blue Slaver","floor":1,"turns":6},{"damage":0,"enemies":"Small Slimes","floor":5,"turns":3},{"damage":4,"enemies":"2 Louse","floor":6,"turns":3},{"damage":25,"enemies":"Gremlin Nob","floor":8,"turns":4},{"damage":9,"enemies":"Looter","floor":10,"turns":4},{"damage":2,"enemies":"3 Louse","floor":11,"turns":4},{"damage":7,"enemies":"Gremlin Gang","floor":13,"turns":3},{"damage":53,"enemies":"Slime Boss","floor":16,"turns":11},{"damage":0,"enemies":"2 Thieves","floor":18,"turns":1}],"event_choices":[{"event_name":"The Lab","player_choice":"Got Potions","floor":3,"damage_taken":0},{"event_name":"Big Fish","player_choice":"Donut","floor":4,"damage_taken":0}],"boss_relics":[{"not_picked":["Sozu","Velvet Choker"],"picked":"Black Star"}],"potions_floor_spawned":[6,8,10,16],"seed_played":"-6076139833282634186","killed_by":"2 Thieves","ascension_level":3,"is_trial":false}