{"path_per_floor":["M","?","M","$","?","R","E","R","T","$","M","T","M","M","R","B",null,"M","?","M","M","M","R","E","M","T","M","M","M","R","E","R"],"character_chosen":"IRONCLAD","items_purchased":["Inflame","Clothesline","Clash"],"gold_per_floor":[15,90,102,13,113,113,141,141,141,40,57,80,93,112,112,214,214,229,229,243,263,277,277,310,321,399,418,436,447,447,473,473,473],"floor_reached":33,"campfire_rested":1,"playtime":1157,"item_purchase_floors":[4,4,10],"current_hp_per_floor":[96,85,89,89,89,89,60,60,67,67,73,73,72,78,78,68,103,103,103,93,78,81,81,54,45,45,51,57,55,55,30,60,0],"items_purged":["Strike_R"],"gold":473,"score":316,"play_id":"aad5f7e3-8688-413b-8b0e-dc1339cb40a8","local_time":"20180519181302","is_prod":false,"is_daily":false,"chose_seed":false,"is_ascension_mode":false,"campfire_upgraded":5,"timestamp":1526742782,"campfire_choices":[{"data":"Inflame","floor":6,"key":"SMITH"},{"data":"Cleave","floor":8,"key":"SMITH"},{"data":"Clothesline","floor":15,"key":"SMITH"},{"data":"Hemokinesis","floor":23,"key":"SMITH"},{"data":"Flex","floor":30,"key":"SMITH"},{"floor":32,"key":"REST"}],"path_taken":["M","?","M","$","?","R","E","R","T","?","M","?","M","?","R","BOSS","M","?","M","M","M","R","E","M","T","M","M","M","R","E","R","BOSS"],"build_version":"2018-05-18","seed_source_timestamp":0,"purchased_purges":1,"victory":false,"master_deck":["Strike_R","Strike_R","Strike_R","Strike_R","Defend_R","Defend_R","Defend_R","Defend_R","Bash","Clash+1","Cleave","Inflame+1","Clothesline+1","Cleave+1","Clash+1","Reckless Charge","Pommel Strike","Flex+1","Bludgeon","Hemokinesis+1","Writhe","Flame Barrier+1","Impervious","Clash+1","Doubt","Shrug It Off","Headbutt","Disarm"],"max_hp_per_floor":[96,96,96,96,96,96,96,96,103,103,103,103,103,103,103,103,103,103,103,103,103,103,103,103,103,103,103,103,103,103,103,103,103],"relics":["Burning Blood","Matryoshka","Strawberry","Art of War","Ancient Tea Set","Whetstone","Cursed Key","Bag of Marbles","Ginger","Toolbox","Omamori"],"card_choices":[{"not_picked":["Havoc","Twin Strike"],"picked":"Clash","floor":1},{"not_picked":["Perfected Strike","Sentinel"],"picked":"Cleave","floor":3},{"not_picked":["Sword Boomerang","Reckless Charge"],"picked":"Cleave","floor":7},{"not_picked":["Whirlwind","Perfected Strike"],"picked":"Reckless Charge","floor":11},{"not_picked":["Infernal Blade","Blood for Blood"],"picked":"Pommel Strike","floor":13},{"not_picked":["Whirlwind","Inflame"],"picked":"Flex","floor":14},{"not_picked":["Barricade","Feed"],"picked":"Bludgeon","floor":16},{"not_picked":["Iron Wave","Sword Boomerang+1"],"picked":"Hemokinesis","floor":18},{"not_picked":["Anger","Warcry","Hemokinesis"],"picked":"SKIP","floor":20},{"not_picked":["Anger+1","Pommel Strike"],"picked":"Flame Barrier+1","floor":21},{"not_picked":["Metallicize","Pommel Strike"],"picked":"Impervious","floor":22},{"not_picked":["Dark Embrace","Corruption"],"picked":"Clash+1","floor":24},{"not_picked":["Flex","Cleave","Body Slam"],"picked":"SKIP","floor":25},{"not_picked":["Reckless Charge","Corruption","Pommel Strike"],"picked":"SKIP","floor":27},{"not_picked":["Sword Boomerang","Twin Strike"],"picked":"Shrug It Off","floor":28},{"not_picked":["Berserk","Sword Boomerang"],"picked":"Headbutt","floor":29},{"not_picked":["Reckless Charge+1","Evolve"],"picked":"Disarm","floor":31}],"player_experience":442129,"potions_floor_usage":[24,31,33],"damage_taken":[{"damage":3,"enemies":"Jaw Worm","floor":1,"turns":5},{"damage":2,"enemies":"Small Slimes","floor":3,"turns":3},{"damage":35,"enemies":"3 Sentries","floor":7,"turns":6},{"damage":0,"enemies":"Cultist","floor":11,"turns":2},{"damage":7,"enemies":"Exordium Thugs","floor":13,"turns":2},{"damage":0,"enemies":"Blue Slaver","floor":14,"turns":2},{"damage":16,"enemies":"Slime Boss","floor":16,"turns":6},{"damage":0,"enemies":"Chosen","floor":18,"turns":2},{"damage":16,"enemies":"3 Byrds","floor":20,"turns":5},{"damage":21,"enemies":"Snake Plant","floor":21,"turns":2},{"damage":3,"enemies":"Centurion and Healer","floor":22,"turns":3},{"damage":33,"enemies":"Gremlin Leader","floor":24,"turns":7},{"damage":15,"enemies":"Cultist and Chosen","floor":25,"turns":5},{"damage":0,"enemies":"Chosen and Byrds","floor":27,"turns":4},{"damage":0,"enemies":"Snake Plant","floor":28,"turns":2},{"damage":8,"enemies":"Snecko","floor":29,"turns":3},{"damage":35,"enemies":"Slavers","floor":31,"turns":5},{"damage":93,"enemies":"Collector","floor":33,"turns":10}],"relics_obtained":[{"floor":7,"key":"Matryoshka"},{"floor":9,"key":"Strawberry"},{"floor":9,"key":"Art of War"},{"floor":12,"key":"Ancient Tea Set"},{"floor":12,"key":"Whetstone"},{"floor":24,"key":"Ginger"},{"floor":26,"key":"Toolbox"},{"floor":31,"key":"Omamori"}],"event_choices":[{"event_name":"World of Goop","player_choice":"Gather Gold","floor":2,"damage_taken":0},{"event_name":"Golden Shrine","player_choice":"Pray","floor":5,"damage_taken":0},{"event_name":"The Mausoleum","player_choice":"Yes","floor":19,"damage_taken":0}],"boss_relics":[{"not_picked":["Ectoplasm","Black Blood"],"picked":"Cursed Key"}],"items_purged_floors":[10],"potions_floor_spawned":[3,7,14,16,20,24,25,27],"seed_played":"-953928027079600640","killed_by":"Collector","ascension_level":0,"potions_obtained":[{"floor":3,"key":"Dexterity Potion"},{"floor":7,"key":"SteroidPotion"},{"floor":14,"key":"Energy Potion"},{"floor":24,"key":"Regen Potion"},{"floor":25,"key":"AttackPotion"}],"is_trial":false}