{"gold_per_floor":[114,131,131,131,406,437,437,499,574,524,537,572,585,610,610,712,712,727,727,637,637,552,552,585,585,585,585,596,696,696,492,492,591,591,608,626,626,626,680,680,715,715,715,743,92,105,0,33,33,33],"floor_reached":51,"playtime":1816,"items_purged":["Strike_R","Strike_R","Strike_R","Body Slam","Defend_R"],"score":1214,"play_id":"7650ebd9-c9de-4f60-acb7-9d7e2a14c167","local_time":"20190717000930","is_ascension_mode":true,"campfire_choices":[{"data":"Searing Blow+1","floor":7.0,"key":"SMITH"},{"data":"Searing Blow+2","floor":15,"key":"SMITH"},{"data":"Searing Blow+3","floor":23,"key":"SMITH"},{"data":"Searing Blow+4","floor":25,"key":"SMITH"},{"data":"Searing Blow+5","floor":27,"key":"SMITH"},{"data":"Searing Blow+6","floor":30,"key":"SMITH"},{"data":"Searing Blow+7","floor":32,"key":"SMITH"},{"data":"Searing Blow+8","floor":40,"key":"SMITH"},{"data":"Searing Blow+9","floor":49,"key":"SMITH"}],"neow_cost":"","seed_source_timestamp":0,"circlet_count":0,"master_deck":["Strike_R+1","Defend_R","Defend_R","Defend_R+1","Bash","Searing Blow+10","Headbutt","True Grit","Cleave","Iron Wave","Dual Wield","Demon Form","Bash","Disarm","Barricade","Headbutt","Offering","Corruption+1","Thinking Ahead","Apotheosis","Finesse","Madness","Madness","Regret","Armaments+1","Entrench+1","Reaper"],"special_seed":0,"relics":["Burning Blood","Unceasing Top","MealTicket","Juzu Bracelet","Mummified Hand","Blue Candle","Mercury Hourglass","Smiling Mask","Strawberry","Mark of Pain","Gambling Chip","Prayer Wheel","Turnip","FossilizedHelix","Darkstone Periapt","Pen Nib","energizedSpire:CursedPentagram","Magic Flower","Gremlin Horn","Bird Faced Urn","Shuriken","Toxic Egg 2","Medical Kit","Bronze Scales","Red Mask","Champion Belt"],"potions_floor_usage":[8,12,14,14,16,29,33,50,50],"damage_taken":[{"damage":1.0,"enemies":"Small Slimes","floor":1.0,"turns":3.0},{"damage":0.0,"enemies":"2 Louse","floor":2.0,"turns":3.0},{"damage":35.0,"enemies":"3 Sentries","floor":6.0,"turns":9.0},{"damage":18,"enemies":"3 Sentries","floor":8,"turns":6},{"damage":0,"enemies":"Cultist","floor":11,"turns":3},{"damage":14,"enemies":"Gremlin Nob","floor":12,"turns":3},{"damage":7,"enemies":"Blue Slaver","floor":13,"turns":4},{"damage":10,"enemies":"3 Sentries","floor":14,"turns":3},{"damage":34,"enemies":"Hexaghost","floor":16,"turns":11},{"damage":0,"enemies":"Chosen","floor":18,"turns":4},{"damage":30,"enemies":"Slavers","floor":24,"turns":5},{"damage":0,"enemies":"Spheric Guardian","floor":28,"turns":3},{"damage":12,"enemies":"Colosseum Slavers","floor":29,"turns":2},{"damage":7,"enemies":"Colosseum Nobs","floor":29,"turns":4},{"damage":10,"enemies":"Champ","floor":33,"turns":9},{"damage":8,"enemies":"3 Darklings","floor":35,"turns":2},{"damage":0,"enemies":"Orb Walker","floor":36,"turns":1},{"damage":21,"enemies":"2 Orb Walkers","floor":39,"turns":5},{"damage":0,"enemies":"Nemesis","floor":41,"turns":3},{"damage":0,"enemies":"Reptomancer","floor":44,"turns":3},{"damage":1,"enemies":"Sphere and 2 Shapes","floor":46,"turns":3},{"damage":6,"enemies":"Giant Head","floor":48,"turns":5},{"damage":22,"enemies":"Donu and Deca","floor":50,"turns":4}],"seed_played":"2340942762387247333","potions_obtained":[{"floor":2.0,"key":"Swift Potion"},{"floor":8,"key":"Strength Potion"},{"floor":11,"key":"FearPotion"},{"floor":13,"key":"Energy Potion"},{"floor":14,"key":"BloodPotion"},{"floor":16,"key":"Strength Potion"},{"floor":24,"key":"AttackPotion"},{"floor":28,"key":"Block Potion"},{"floor":33,"key":"BloodPotion"},{"floor":41,"key":"EssenceOfSteel"}],"is_trial":false,"path_per_floor":["M","M","?","?","?","E","R","?","T","?","M","E","M","E","R","B",null,"M","?","$","?","?","R","E","R","T","R","M","?","R","$","R","B",null,"M","M","?","?","?","R","E","?","T","E","$","M","?","E","R","B",null],"character_chosen":"IRONCLAD","items_purchased":["Searing Blow","Unceasing Top","MealTicket","Headbutt","True Grit","Juzu Bracelet","Disarm","Pen Nib","Toxic Egg 2","Medical Kit","Bronze Scales"],"campfire_rested":0,"item_purchase_floors":[0,0,0,0,0,0,20,31,45,45,45],"current_hp_per_floor":[80,80,80,64,64,35,35,23,23,23,29,21,20,23,23,16,87,87,87,87,87,87,87,63,63,63,63,69,62,62,77,77,73,87,85,87,77,72,57,57,66,66,66,84,93,93,93,93,93,89],"gold":33,"neow_bonus":"","is_prod":false,"is_daily":false,"chose_seed":false,"campfire_upgraded":9,"win_rate":0,"timestamp":1563311370,"path_taken":["M","M","?","?","?","E","R","?","T","?","M","E","M","E","R","BOSS","M","?","$","?","?","R","E","R","T","R","M","?","R","?","R","BOSS","M","M","?","?","?","R","E","?","T","E","$","M","?","E","R","BOSS"],"build_version":"2019-07-05","purchased_purges":5,"victory":true,"max_hp_per_floor":[80,80,80,80,80,80,80,80,80,80,80,80,80,87,87,87,87,87,87,87,87,87,87,87,87,87,87,87,87,87,87,87,87,87,87,87,87,93,93,93,93,93,93,93,93,93,93,93,93,93],"card_choices":[{"not_picked":["Evolve","Power Through"],"picked":"Cleave","floor":1.0},{"not_picked":["Flex","Headbutt"],"picked":"Iron Wave","floor":2.0},{"not_picked":["Headbutt","Anger","Intimidate"],"picked":"SKIP","floor":6.0},{"not_picked":["Flex","Warcry","Entrench"],"picked":"SKIP","floor":11},{"not_picked":["Wild Strike","Clash","Havoc"],"picked":"SKIP","floor":12},{"not_picked":["Sentinel","Fiend Fire"],"picked":"Dual Wield","floor":13},{"not_picked":["Wild Strike","Reckless Charge"],"picked":"Flame Barrier","floor":14},{"not_picked":["Dark Embrace","Reaper"],"picked":"Demon Form","floor":16},{"not_picked":["Body Slam","Flex+1","Heavy Blade"],"picked":"SKIP","floor":18},{"not_picked":["Pommel Strike","Metallicize"],"picked":"Headbutt","floor":24},{"not_picked":["Pommel Strike","Whirlwind","Wild Strike"],"picked":"SKIP","floor":28},{"not_picked":["Body Slam","Infernal Blade","Headbutt"],"picked":"SKIP","floor":28},{"not_picked":["Immolate","Limit Break"],"picked":"Offering","floor":33},{"not_picked":["Flex+1","Battle Trance"],"picked":"Corruption+1","floor":35},{"not_picked":["Clash+1","Sword Boomerang","Anger"],"picked":"SKIP","floor":35},{"not_picked":["Flex+1","Anger","Wild Strike+1"],"picked":"SKIP","floor":36},{"not_picked":["Sentinel+1","Metallicize","True Grit"],"picked":"SKIP","floor":36},{"not_picked":["Secret Weapon","Chrysalis"],"picked":"Thinking Ahead","floor":37},{"not_picked":["HandOfGreed","Swift Strike"],"picked":"Apotheosis","floor":37},{"not_picked":["Swift Strike","Discovery"],"picked":"Finesse","floor":37},{"not_picked":["Whirlwind+1","Warcry","Clash"],"picked":"SKIP","floor":41},{"not_picked":["Thunderclap","Hemokinesis","Wild Strike+1"],"picked":"SKIP","floor":44},{"not_picked":["Fire Breathing","True Grit+1"],"picked":"Armaments+1","floor":46},{"not_picked":["Havoc+1","Reckless Charge+1"],"picked":"Entrench+1","floor":46},{"not_picked":["Pommel Strike+1","Clothesline+1"],"picked":"Reaper","floor":48}],"player_experience":182109,"relics_obtained":[{"floor":6.0,"key":"Mummified Hand"},{"floor":8,"key":"Blue Candle"},{"floor":9,"key":"Mercury Hourglass"},{"floor":12,"key":"Smiling Mask"},{"floor":14,"key":"Strawberry"},{"floor":24,"key":"Prayer Wheel"},{"floor":26,"key":"Turnip"},{"floor":29,"key":"FossilizedHelix"},{"floor":29,"key":"Darkstone Periapt"},{"floor":39,"key":"Magic Flower"},{"floor":41,"key":"Gremlin Horn"},{"floor":43,"key":"Bird Faced Urn"},{"floor":44,"key":"Shuriken"},{"floor":48,"key":"Champion Belt"}],"event_choices":[{"damage_healed":0.0,"max_hp_gain":0.0,"max_hp_loss":0.0,"gold_gain":0.0,"event_name":"Living Wall","player_choice":"Grow","floor":3.0,"gold_loss":0.0,"damage_taken":0.0,"cards_upgraded":["Searing Blow"]},{"damage_healed":0.0,"max_hp_gain":0.0,"max_hp_loss":0.0,"gold_gain":0.0,"event_name":"Shining Light","player_choice":"Entered Light","floor":4.0,"gold_loss":0.0,"damage_taken":16.0,"cards_upgraded":["Strike_R","Defend_R"]},{"damage_healed":0.0,"max_hp_gain":0.0,"max_hp_loss":0.0,"gold_gain":275.0,"event_name":"Golden Shrine","player_choice":"Desecrate","floor":5.0,"gold_loss":0.0,"damage_taken":0.0,"cards_obtained":["Regret"]},{"damage_healed":0,"gold_gain":0,"player_choice":"Searched \u00272\u0027 times","damage_taken":0,"max_hp_gain":0,"max_hp_loss":0,"event_name":"Dead Adventurer","floor":8,"gold_loss":0},{"cards_removed":["Regret"],"damage_healed":0,"gold_gain":0,"player_choice":"Card Removal","damage_taken":0,"max_hp_gain":0,"max_hp_loss":0,"event_name":"The Cleric","floor":10,"gold_loss":50},{"damage_healed":0,"gold_gain":0,"player_choice":"2 cards matched","damage_taken":0,"max_hp_gain":0,"max_hp_loss":0,"event_name":"Match and Keep!","floor":19,"gold_loss":0,"cards_obtained":["Bash","Body Slam"]},{"damage_healed":0,"gold_gain":0,"cards_transformed":["Strike_R"],"player_choice":"Transformed","damage_taken":0,"max_hp_gain":0,"max_hp_loss":0,"event_name":"Transmorgrifier","floor":21,"gold_loss":0,"cards_obtained":["Barricade"]},{"damage_healed":0,"gold_gain":0,"player_choice":"Obtained Relic","damage_taken":0,"relics_obtained":["Gambling Chip"],"max_hp_gain":0,"max_hp_loss":0,"event_name":"Addict","floor":22,"gold_loss":85},{"damage_healed":0,"gold_gain":0,"player_choice":"Fight","damage_taken":0,"max_hp_gain":0,"max_hp_loss":0,"event_name":"Colosseum","floor":29,"gold_loss":0},{"damage_healed":0,"gold_gain":0,"player_choice":"Fought Nobs","damage_taken":0,"max_hp_gain":0,"max_hp_loss":0,"event_name":"Colosseum","floor":29,"gold_loss":0},{"damage_healed":0,"gold_gain":0,"player_choice":"Memory 3","damage_taken":10,"max_hp_gain":0,"max_hp_loss":0,"event_name":"SensoryStone","floor":37,"gold_loss":0},{"damage_healed":0,"gold_gain":0,"player_choice":"Embrace Madness","damage_taken":11,"max_hp_gain":0,"max_hp_loss":0,"event_name":"Winding Halls","floor":38,"gold_loss":0,"cards_obtained":["Madness","Madness"]},{"damage_healed":0,"gold_gain":0,"player_choice":"Fight","damage_taken":0,"max_hp_gain":0,"max_hp_loss":0,"event_name":"Mysterious Sphere","floor":39,"gold_loss":0},{"cards_removed":["Flame Barrier"],"damage_healed":0,"gold_gain":0,"player_choice":"Removed Skill","damage_taken":0,"max_hp_gain":0,"max_hp_loss":0,"event_name":"Falling","floor":42,"gold_loss":0},{"damage_healed":0,"gold_gain":0,"player_choice":"Paid","damage_taken":0,"relics_obtained":["Red Mask"],"max_hp_gain":0,"max_hp_loss":0,"event_name":"Tomb of Lord Red Mask","floor":47,"gold_loss":105}],"is_beta":false,"boss_relics":[{"not_picked":["Velvet Choker","Ectoplasm"],"picked":"Mark of Pain"},{"not_picked":["energizedSpire:RedRose","energizedSpire:SpiderWeb"],"picked":"energizedSpire:CursedPentagram"}],"items_purged_floors":[0,0,20,31,45],"is_endless":false,"potions_floor_spawned":[2,8,11,13,14,16,24,28,29,33,41,44],"ascension_level":1}