{"path_per_floor":["M","$","?","?","M","R","M","M","T","M","M","M","?","M","R"],"character_chosen":"THE_SILENT","items_purchased":["Lantern","Cloak And Dagger","Calculated Gamble","Quick Slash"],"gold_per_floor":[359,68,243,318,334,334,354,371,394,408,423,443,443,457,457,457],"floor_reached":16,"campfire_rested":1,"playtime":1139,"item_purchase_floors":[2,2,2,2],"current_hp_per_floor":[32,32,32,21,21,21,21,20,20,20,20,20,20,17,38,0],"items_purged":[],"gold":457,"score":96,"play_id":"bcee06e2-1348-42d1-8bbb-332aeb70ef2c","local_time":"20180616200520","is_prod":false,"is_daily":false,"chose_seed":false,"is_ascension_mode":false,"campfire_upgraded":1,"win_rate":0,"timestamp":1529168720,"campfire_choices":[{"data":"Cloak And Dagger","floor":6,"key":"SMITH"},{"floor":15,"key":"REST"}],"path_taken":["M","$","?","?","M","R","M","M","T","M","M","?","?","M","R","BOSS"],"build_version":"2018-06-14v2","seed_source_timestamp":123022481075168,"purchased_purges":0,"victory":false,"master_deck":["Defend_G","Defend_G","Defend_G","Defend_G","Defend_G","Strike_G","Strike_G","Strike_G","Strike_G","Strike_G","Survivor","Neutralize","Dash+1","Cloak And Dagger+1","Calculated Gamble","Quick Slash","Doubt","Acrobatics","Sucker Punch","Noxious Fumes","Underhanded Strike","Backflip","Slice","Flying Knee"],"max_hp_per_floor":[70,70,70,70,70,70,70,70,70,70,70,70,70,70,70,70],"special_seed":17698,"relics":["Ring of the Snake","Lantern","Ancient Tea Set"],"card_choices":[{"not_picked":["Sucker Punch","Expertise"],"picked":"Dash","floor":1},{"not_picked":["Flechettes","Masterful Stab"],"picked":"Acrobatics","floor":5},{"not_picked":["Masterful Stab","Quick Slash"],"picked":"Sucker Punch","floor":7},{"not_picked":["Endless Agony","Footwork"],"picked":"Noxious Fumes","floor":8},{"not_picked":["Acrobatics","Doppelganger"],"picked":"Underhanded Strike","floor":10},{"not_picked":["Dodge and Roll","Skewer"],"picked":"Backflip","floor":11},{"not_picked":["Reflex","Outmaneuver"],"picked":"Slice","floor":12},{"not_picked":["Slice","Acrobatics"],"picked":"Flying Knee","floor":14}],"player_experience":522009,"potions_floor_usage":[11],"damage_taken":[{"damage":3,"enemies":"Jaw Worm","floor":1,"turns":6},{"damage":0,"enemies":"Small Slimes","floor":5,"turns":4},{"damage":0,"enemies":"Cultist","floor":7,"turns":4},{"damage":1,"enemies":"3 Louse","floor":8,"turns":3},{"damage":0,"enemies":"Large Slime","floor":10,"turns":6},{"damage":0,"enemies":"Blue Slaver","floor":11,"turns":4},{"damage":0,"enemies":"Lots of Slimes","floor":12,"turns":4},{"damage":3,"enemies":"Large Slime","floor":14,"turns":6},{"damage":38,"enemies":"The Guardian","floor":16,"turns":9}],"relics_obtained":[{"floor":9,"key":"Ancient Tea Set"}],"event_choices":[{"event_name":"Liars Game","player_choice":"agreed","floor":3,"damage_taken":0},{"event_name":"World of Goop","player_choice":"Gather Gold","floor":4,"damage_taken":0},{"event_name":"Living Wall","player_choice":"Grow","floor":13,"damage_taken":0}],"boss_relics":[],"items_purged_floors":[],"is_endless":true,"potions_floor_spawned":[10,14],"seed_played":"-2221277245895738515","killed_by":"The Guardian","ascension_level":0,"potions_obtained":[{"floor":10,"key":"EssenceOfSteel"},{"floor":14,"key":"Explosive Potion"}],"is_trial":false}