{"path_per_floor":["M","?","?","T","M","R","M","M","T","?","M","?","M","E","R","B",null,"M","?","M","?","?","R","M","?","T","R","M","M","R","M","R"],"character_chosen":"THE_SILENT","items_purchased":[],"gold_per_floor":[13,13,13,64,75,75,91,108,108,108,123,123,142,170,170,270,270,282,282,293,218,218,218,234,149,149,149,159,178,178,188,188],"floor_reached":33,"campfire_rested":0,"playtime":1825,"current_hp_per_floor":[70,75,75,75,75,75,75,74,74,74,74,74,74,67,67,39,75,74,74,73,73,73,73,69,69,69,69,69,62,62,61,61],"items_purged":[],"gold":188,"score":249,"play_id":"7f20ece3-b9a4-47a2-87d1-7d80de3d5437","local_time":"20180305103647","is_prod":false,"is_daily":false,"is_ascension_mode":false,"campfire_upgraded":6,"timestamp":1520235407,"path_taken":["M","?","?","?","M","R","M","?","T","?","M","?","?","E","R","BOSS","M","?","M","?","?","R","?","?","T","R","M","?","R","M","R","BOSS"],"build_version":"2018-03-02-BETA2","purchased_purges":0,"victory":false,"master_deck":["Defend_G","Defend_G","Defend_G","Defend_G","Strike_G","Strike_G","Strike_G","Strike_G","Survivor","Neutralize","Dodge and Roll+1","Quick Slash","Leg Sweep+1","Well Laid Plans+1","Infinite Blades","Predator","Dagger Spray+1","Tactician+1","Cloak And Dagger","Flying Knee","Writhe","Dash+1","Dash+1","Backflip+1","Backflip+1"],"max_hp_per_floor":[70,75,75,75,75,75,75,75,75,75,75,75,75,75,75,75,75,75,75,75,75,75,75,75,75,75,75,75,75,75,75,75],"relics":["Ring of the Snake","Torii","Lantern","Tingsha","Unceasing Top","Sozu","Ancient Tea Set","Blue Candle","Gambling Chip"],"card_choices":[{"not_picked":["Expertise","Poisoned Stab"],"picked":"Dodge and Roll"},{"not_picked":["Underhanded Strike","Dodge and Roll"],"picked":"Quick Slash"},{"not_picked":["Underhanded Strike","Dodge and Roll"],"picked":"Leg Sweep"},{"not_picked":["Caltrops","Quick Slash"],"picked":"Well Laid Plans"},{"not_picked":["Grand Finale","PiercingWail"],"picked":"Predator"},{"not_picked":["Sucker Punch","Wraith Form"],"picked":"Dagger Spray"},{"not_picked":["Corpse Explosion","Grand Finale"],"picked":"Tactician"},{"not_picked":["Deflect","Masterful Stab"],"picked":"Cloak And Dagger"},{"not_picked":["Underhanded Strike","After Image"],"picked":"Dash"},{"not_picked":["Dagger Throw","Prepared"],"picked":"Dash"},{"not_picked":["Calculated Gamble","Dagger Throw"],"picked":"Backflip"},{"not_picked":["Dagger Spray","Grand Finale"],"picked":"Backflip"}],"player_experience":255879,"potions_floor_usage":[14,33,33],"damage_taken":[{"damage":0,"enemies":"Small Slimes","floor":1,"turns":5},{"damage":0,"enemies":"Cultist","floor":5,"turns":5},{"damage":0,"enemies":"2 Louse","floor":7,"turns":2},{"damage":1,"enemies":"Blue Slaver","floor":8,"turns":5},{"damage":0,"enemies":"Exordium Wildlife","floor":11,"turns":6},{"damage":0,"enemies":"Large Slime","floor":13,"turns":9},{"damage":7,"enemies":"Lagavulin","floor":14,"turns":8},{"damage":28,"enemies":"The Guardian","floor":16,"turns":15},{"damage":1,"enemies":"Spheric Guardian","floor":18,"turns":4},{"damage":1,"enemies":"Chosen","floor":20,"turns":5},{"damage":4,"enemies":"Centurion and Healer","floor":24,"turns":8},{"damage":0,"enemies":"Snake Plant","floor":28,"turns":5},{"damage":7,"enemies":"3 Cultists","floor":29,"turns":5},{"damage":1,"enemies":"Snecko","floor":31,"turns":6},{"damage":62,"enemies":"Collector","floor":33,"turns":21}],"event_choices":[{"event_name":"Big Fish","player_choice":"Donut","floor":2,"damage_taken":0},{"event_name":"Living Wall","player_choice":"Forget","floor":3,"damage_taken":0},{"event_name":"Accursed Blacksmith","player_choice":"Forge","floor":10,"damage_taken":0},{"event_name":"Match and Keep!","player_choice":"1 cards matched","floor":12,"damage_taken":0},{"event_name":"The Library","player_choice":"Read","floor":19,"damage_taken":0},{"event_name":"Beggar","player_choice":"Gave Gold","floor":21,"damage_taken":0},{"event_name":"The Mausoleum","player_choice":"Yes","floor":22,"damage_taken":0},{"event_name":"Addict","player_choice":"Obtained Relic","floor":25,"damage_taken":0}],"boss_relics":[{"not_picked":["Tiny House","Cursed Key"],"picked":"Sozu"}],"potions_floor_spawned":[5,13,14,16,20,29,31],"seed_played":"2184608948233173864","killed_by":"Collector","ascension_level":0,"is_trial":false}