{"path_per_floor":["M","?","$","?","M","R","M","R","T","M","R","?","M","E","R","B",null,"M","?","M","?","?","R","E","R","T","M","?","R","M","M","R","B",null,"M","?","M","?","M","R","T","$","T","M","E","M","$","?","R"],"character_chosen":"IRONCLAD","items_purchased":["Flash of Steel","Whetstone","Torii","Anger","Oddly Smooth Stone","Rupture","Rampage","AttackPotion"],"gold_per_floor":[111,111,16,16,27,27,45,45,119,137,137,137,162,198,198,322,322,337,337,362,362,362,362,393,393,393,406,331,331,346,359,359,487,487,512,512,532,532,553,553,553,23,47,60,401,426,14,73,73,73],"floor_reached":50,"campfire_rested":0,"playtime":1872,"current_hp_per_floor":[80,80,80,80,80,80,80,80,80,79,79,59,65,64,64,14,80,80,80,80,80,80,80,83,83,83,85,85,85,71,85,85,75,85,85,77,83,72,73,73,73,73,73,82,80,85,82,65,65,0],"items_purged":["Injury","Parasite"],"gold":73,"score":565,"play_id":"5cccc447-7845-4be6-97cb-d42f64d98f62","local_time":"20180510052959","is_prod":false,"is_daily":false,"chose_seed":false,"is_ascension_mode":false,"campfire_upgraded":10,"timestamp":1525919399,"path_taken":["M","?","$","?","?","R","M","R","T","M","R","?","M","E","R","BOSS","M","?","M","?","?","R","E","R","T","?","?","R","M","M","R","BOSS","M","?","?","?","?","R","?","?","T","?","E","M","$","?","R","BOSS"],"build_version":"2018-05-08","seed_source_timestamp":892063974000956,"purchased_purges":2,"victory":false,"master_deck":["Strike_R+1","Strike_R+1","Strike_R+1","Strike_R+1","Strike_R+1","Defend_R+1","Defend_R+1","Defend_R+1","Bash+1","Battle Trance+1","Flash of Steel+1","Flex+1","Thunderclap+1","Iron Wave+1","Headbutt","Reaper+1","Brutality","Dual Wield+1","Hemokinesis+1","Dropkick+1","Bloodletting+1","Clothesline","Flex+1","Body Slam+1","Impervious","Clash+1","Dual Wield+1","Madness","Madness","Cleave+1","Anger","Carnage+1","Headbutt+1","Clash+1","Rupture+1","Rampage+1","Sword Boomerang"],"max_hp_per_floor":[80,80,80,80,80,80,80,80,80,80,80,80,80,80,80,80,80,80,80,80,80,80,80,85,85,85,85,85,85,85,85,85,85,85,85,85,85,85,85,85,85,85,85,85,85,85,82,82,82,82],"relics":["Burning Blood","Ice Cream","Dodecahedron","Golden Idol","Gambling Chip","Cursed Key","Mercury Hourglass","Bronze Scales","Philosopher\u0027s Stone","Frozen Egg 2","Whetstone","Torii","Happy Flower","Old Coin","Oddly Smooth Stone","Red Skull"],"card_choices":[{"not_picked":["Pommel Strike","Twin Strike"],"picked":"Battle Trance","floor":1},{"not_picked":["Sentinel","Power Through"],"picked":"Flex","floor":5},{"not_picked":["Havoc","Heavy Blade"],"picked":"Thunderclap","floor":7},{"not_picked":["Combust","Twin Strike"],"picked":"Iron Wave","floor":10},{"not_picked":["Infernal Blade","Armaments"],"picked":"Headbutt","floor":13},{"not_picked":["Anger","True Grit"],"picked":"Reaper","floor":14},{"not_picked":["Juggernaut","Reaper"],"picked":"Brutality","floor":16},{"not_picked":["Searing Blow","Thunderclap"],"picked":"Dual Wield","floor":18},{"not_picked":["Armaments","Warcry"],"picked":"Hemokinesis","floor":20},{"not_picked":["Disarm","Reaper"],"picked":"Bloodletting","floor":24},{"not_picked":["Dropkick","Flex"],"picked":"Clothesline","floor":27},{"not_picked":["Armaments","Pummel"],"picked":"Flex","floor":30},{"not_picked":["Havoc","Heavy Blade"],"picked":"Body Slam","floor":31},{"not_picked":["Feed","Brutality"],"picked":"Impervious","floor":33},{"not_picked":["Clothesline","Sword Boomerang"],"picked":"Clash","floor":35},{"not_picked":["Searing Blow","Heavy Blade"],"picked":"Dual Wield","floor":37},{"not_picked":["Feed","Searing Blow"],"picked":"Cleave","floor":39},{"not_picked":["Feel No Pain","Rupture"],"picked":"Carnage","floor":44},{"not_picked":["Dual Wield","True Grit"],"picked":"Headbutt","floor":45},{"not_picked":["Combust","Thunderclap"],"picked":"Clash","floor":46},{"not_picked":["Bloodletting","Headbutt"],"picked":"Sword Boomerang","floor":48}],"player_experience":414483,"potions_floor_usage":[24,24,24,24,24,33,33,45,50,50,50],"damage_taken":[{"damage":6,"enemies":"Jaw Worm","floor":1,"turns":5},{"damage":2,"enemies":"2 Louse","floor":5,"turns":3},{"damage":0,"enemies":"Small Slimes","floor":7,"turns":2},{"damage":7,"enemies":"Gremlin Gang","floor":10,"turns":3},{"damage":0,"enemies":"Blue Slaver","floor":13,"turns":2},{"damage":7,"enemies":"Gremlin Nob","floor":14,"turns":3},{"damage":68,"enemies":"The Guardian","floor":16,"turns":7},{"damage":5,"enemies":"Shell Parasite","floor":18,"turns":2},{"damage":0,"enemies":"Chosen","floor":20,"turns":2},{"damage":24,"enemies":"Slavers","floor":24,"turns":4},{"damage":1,"enemies":"Snake Plant","floor":27,"turns":2},{"damage":20,"enemies":"Centurion and Healer","floor":30,"turns":2},{"damage":3,"enemies":"3 Cultists","floor":31,"turns":3},{"damage":25,"enemies":"Collector","floor":33,"turns":4},{"damage":2,"enemies":"Orb Walker","floor":35,"turns":2},{"damage":0,"enemies":"Flame Bruiser 1 Orb","floor":37,"turns":2},{"damage":17,"enemies":"Sphere and 2 Shapes","floor":39,"turns":3},{"damage":10,"enemies":"Spire Growth","floor":44,"turns":3},{"damage":15,"enemies":"2 Orb Walkers","floor":45,"turns":3},{"damage":6,"enemies":"Maw","floor":46,"turns":4},{"damage":28,"enemies":"Mysterious Sphere","floor":48,"turns":3},{"damage":122,"enemies":"Donu and Deca","floor":50,"turns":5}],"event_choices":[{"event_name":"Living Wall","player_choice":"Forget","floor":2,"damage_taken":0},{"event_name":"Bonfire Elementals","player_choice":"BASIC","floor":4,"damage_taken":0},{"event_name":"Golden Idol","player_choice":"Take Damage","floor":12,"damage_taken":0},{"event_name":"Back to Basics","player_choice":"Simplicity","floor":19,"damage_taken":0},{"event_name":"The Library","player_choice":"Read","floor":21,"damage_taken":0},{"event_name":"The Lab","player_choice":"Got Potions","floor":22,"damage_taken":0},{"event_name":"Beggar","player_choice":"Gave Gold","floor":28,"damage_taken":0},{"event_name":"Wheel of Change","player_choice":"Damage","floor":36,"damage_taken":0},{"event_name":"Winding Halls","player_choice":"Embrace Madness","floor":38,"damage_taken":0},{"event_name":"Mysterious Sphere","player_choice":"Fight","floor":48,"damage_taken":0}],"boss_relics":[{"not_picked":["Orrery","Snecko Eye"],"picked":"Cursed Key"},{"not_picked":["Runic Dome","Velvet Choker"],"picked":"Philosopher\u0027s Stone"}],"potions_floor_spawned":[5,7,16,20,24,30,31,33,39,44,45,46,48],"seed_played":"3806393937776876225","killed_by":"Donu and Deca","ascension_level":0,"is_trial":false}