{"gold_per_floor":[114,114,129,129,129,154,165,9,9,9,25,25,25,39,39,158,158,181,195,195,45,60,60],"floor_reached":23,"playtime":1076,"items_purged":["Strike_R"],"score":191,"play_id":"758e0a1b-3616-41a4-9a59-e2ee8ebb1bc4","local_time":"20181025135113","is_ascension_mode":false,"campfire_choices":[{"data":"Demon Form","floor":12,"key":"SMITH"},{"data":"Metallicize","floor":15,"key":"SMITH"}],"neow_cost":"PERCENT_DAMAGE","seed_source_timestamp":14132166480969,"circlet_count":0,"master_deck":["Strike_R","Strike_R","Strike_R","Defend_R","Defend_R","Defend_R","Defend_R","Headbutt","Demon Form+1","Whirlwind","Twin Strike","Shrug It Off","Metallicize+1","Injury","Heavy Blade","Whirlwind","Barricade","Feel No Pain","Burning Pact","Berserk","Rupture+1"],"relics":["Burning Blood","Du-Vu Doll","NlothsMask","Lantern","Golden Idol","Boot","Runic Pyramid","Oddly Smooth Stone"],"potions_floor_usage":[3,6,18,23,23],"damage_taken":[{"damage":0,"enemies":"Small Slimes","floor":1,"turns":3},{"damage":2,"enemies":"Cultist","floor":3,"turns":5},{"damage":31,"enemies":"3 Sentries","floor":6,"turns":4},{"damage":7,"enemies":"2 Louse","floor":7,"turns":4},{"damage":7,"enemies":"2 Fungi Beasts","floor":11,"turns":3},{"damage":4,"enemies":"Blue Slaver","floor":14,"turns":3},{"damage":13,"enemies":"The Guardian","floor":16,"turns":8},{"damage":38,"enemies":"2 Thieves","floor":18,"turns":4},{"damage":7,"enemies":"Shell Parasite","floor":19,"turns":10},{"damage":7,"enemies":"Snecko","floor":22,"turns":7},{"damage":57,"enemies":"Gremlin Leader","floor":23,"turns":5}],"seed_played":"1735256576973789668","potions_obtained":[{"floor":1,"key":"EntropicBrew"},{"floor":7,"key":"GamblersBrew"},{"floor":14,"key":"Block Potion"},{"floor":18,"key":"Strength Potion"},{"floor":22,"key":"Block Potion"}],"is_trial":false,"path_per_floor":["M","?","M","?","?","E","M","$","T","?","M","R","T","M","R","B",null,"M","M","?","$","M"],"character_chosen":"IRONCLAD","items_purchased":["Metallicize","Oddly Smooth Stone"],"campfire_rested":0,"item_purchase_floors":[8,21],"current_hp_per_floor":[62,62,66,59,59,34,33,33,33,33,32,32,32,34,34,27,80,48,47,47,47,46,0],"gold":60,"neow_bonus":"ONE_RARE_RELIC","is_prod":false,"is_daily":false,"chose_seed":false,"campfire_upgraded":2,"win_rate":0,"timestamp":1540464673,"path_taken":["M","?","M","?","?","E","?","?","T","?","M","R","?","M","R","BOSS","M","M","?","$","M","E"],"build_version":"2018-10-24","purchased_purges":1,"victory":false,"max_hp_per_floor":[80,80,80,80,80,80,80,80,80,80,80,80,80,80,80,80,80,80,80,80,80,80,80],"card_choices":[{"not_picked":["Second Wind","Iron Wave"],"picked":"Headbutt","floor":1},{"not_picked":["Headbutt","Perfected Strike"],"picked":"Whirlwind","floor":3},{"not_picked":["Intimidate","Dropkick"],"picked":"Twin Strike","floor":6},{"not_picked":["Entrench","Wild Strike"],"picked":"Shrug It Off","floor":7},{"not_picked":["Bloodletting","Rampage"],"picked":"Heavy Blade","floor":11},{"not_picked":["Carnage","Wild Strike"],"picked":"Whirlwind","floor":14},{"not_picked":["Exhume","Brutality"],"picked":"Barricade","floor":16},{"not_picked":["Sword Boomerang+1","Pommel Strike"],"picked":"Feel No Pain","floor":18},{"not_picked":["Blood for Blood","Cleave","Sword Boomerang"],"picked":"SKIP","floor":19},{"not_picked":["Combust+1","Clothesline+1"],"picked":"Rupture+1","floor":22}],"player_experience":829575,"relics_obtained":[{"floor":6,"key":"Lantern"},{"floor":13,"key":"Boot"}],"event_choices":[{"cards_removed":["Bash"],"damage_healed":0,"gold_gain":0,"player_choice":"Took Card","damage_taken":0,"max_hp_gain":0,"max_hp_loss":0,"event_name":"NoteForYourself","floor":2,"gold_loss":0,"cards_obtained":["Demon Form"]},{"cards_removed":["Strike_R"],"damage_healed":0,"gold_gain":0,"player_choice":"Card Removal","damage_taken":7,"max_hp_gain":0,"max_hp_loss":0,"event_name":"Golden Wing","floor":4,"gold_loss":0},{"damage_healed":0,"gold_gain":0,"player_choice":"Trade","damage_taken":0,"relics_obtained":["NlothsMask"],"max_hp_gain":0,"max_hp_loss":0,"event_name":"FaceTrader","floor":5,"gold_loss":0},{"damage_healed":0,"gold_gain":0,"player_choice":"Take Wound","damage_taken":0,"relics_obtained":["Golden Idol"],"max_hp_gain":0,"max_hp_loss":0,"event_name":"Golden Idol","floor":10,"gold_loss":0,"cards_obtained":["Injury"]},{"damage_healed":0,"gold_gain":0,"player_choice":"2 cards matched","damage_taken":0,"max_hp_gain":0,"max_hp_loss":0,"event_name":"Match and Keep!","floor":20,"gold_loss":0,"cards_obtained":["Burning Pact","Berserk"]}],"is_beta":true,"boss_relics":[{"not_picked":["Fusion Hammer","Runic Dome"],"picked":"Runic Pyramid"}],"items_purged_floors":[8],"is_endless":false,"potions_floor_spawned":[1,7,14,18,22],"killed_by":"Gremlin Leader","ascension_level":0}