{"gold_per_floor":[110,110,185,205,215,215,228,239,239,254,283,283,295,309,309,404,404,414,414,431,431,530,559,559,569,615,565,583,583,583,15,15,110,110,122,122,122,135,149,149,149,149,230,249,269,281,307,21,21,21],"floor_reached":50,"playtime":1703,"items_purged":["Shame"],"score":771,"play_id":"6dadcf18-a916-4931-9fd3-763525031764","local_time":"20180717045743","is_ascension_mode":false,"campfire_choices":[{"data":"Carnage","floor":6,"key":"SMITH"},{"data":"Armaments","floor":12,"key":"SMITH"},{"data":"Limit Break","floor":15,"key":"SMITH"},{"data":"Inflame","floor":24,"key":"SMITH"},{"floor":29,"key":"REST"},{"floor":32,"key":"REST"},{"data":"Inflame","floor":40,"key":"SMITH"},{"data":"Limit Break","floor":42,"key":"SMITH"},{"data":"Limit Break","floor":49,"key":"SMITH"}],"neow_cost":"","seed_source_timestamp":0,"circlet_count":0,"master_deck":["Strike_R","Strike_R","Strike_R","Strike_R","Defend_R","Defend_R","Defend_R","Bash","Twin Strike","Carnage+1","Iron Wave","Thunderclap","Armaments+1","Power Through","Inflame+1","Limit Break+1","Heavy Blade","Immolate","Body Slam","Ghostly+1","Ghostly","Ghostly","Ghostly","Ghostly+1","Burning Pact","Whirlwind","Flex+1","Second Wind","Injury","Double Tap","Inflame+1","Shrug It Off","Limit Break+1","Dropkick+1","Warcry","Body Slam+1","Spot Weakness+1","Dropkick","Limit Break+1","Shrug It Off+1","Shrug It Off+1","Armaments+1","Apotheosis"],"special_seed":17729,"relics":["Burning Blood","Mercury Hourglass","Question Card","Mark of Pain","Bronze Scales","Lantern","Pantograph","Cursed Key","Shovel","Self Forming Clay","Gremlin Horn"],"potions_floor_usage":[11,16,23,23,23,28,33,33,45,50,50,50],"damage_taken":[{"damage":8,"enemies":"Jaw Worm","floor":1,"turns":3},{"damage":5,"enemies":"2 Louse","floor":4,"turns":3},{"damage":0,"enemies":"Cultist","floor":5,"turns":2},{"damage":13,"enemies":"Gremlin Gang","floor":7,"turns":5},{"damage":7,"enemies":"Blue Slaver","floor":8,"turns":2},{"damage":0,"enemies":"Large Slime","floor":10,"turns":4},{"damage":11,"enemies":"3 Sentries","floor":11,"turns":4},{"damage":0,"enemies":"3 Louse","floor":13,"turns":2},{"damage":8,"enemies":"Lots of Slimes","floor":14,"turns":3},{"damage":54,"enemies":"The Guardian","floor":16,"turns":10},{"damage":0,"enemies":"Chosen","floor":18,"turns":4},{"damage":3,"enemies":"Spheric Guardian","floor":20,"turns":4},{"damage":34,"enemies":"Gremlin Leader","floor":23,"turns":9},{"damage":10,"enemies":"Snecko","floor":25,"turns":4},{"damage":7,"enemies":"Chosen and Byrds","floor":28,"turns":4},{"damage":14,"enemies":"Collector","floor":33,"turns":7},{"damage":10,"enemies":"3 Shapes","floor":35,"turns":4},{"damage":0,"floor":36,"turns":6},{"damage":0,"enemies":"Flame Bruiser 1 Orb","floor":38,"turns":4},{"damage":2,"enemies":"Transient","floor":39,"turns":5},{"damage":9,"enemies":"Spire Growth","floor":44,"turns":4},{"damage":10,"enemies":"Sphere and 2 Shapes","floor":45,"turns":4},{"damage":16,"enemies":"Maw","floor":46,"turns":6},{"damage":8,"enemies":"Nemesis","floor":47,"turns":5},{"damage":44,"enemies":"Time Eater","floor":50,"turns":4}],"seed_played":"-6709258171721631228","potions_obtained":[{"floor":8,"key":"SpeedPotion"},{"floor":10,"key":"AttackPotion"},{"floor":11,"key":"SkillPotion"},{"floor":13,"key":"Explosive Potion"},{"floor":20,"key":"Energy Potion"},{"floor":25,"key":"BloodPotion"},{"floor":28,"key":"PowerPotion"},{"floor":35,"key":"Fire Potion"},{"floor":36,"key":"Ancient Potion"},{"floor":44,"key":"Swift Potion"},{"floor":46,"key":"FearPotion"}],"is_trial":false,"path_per_floor":["M","?","?","M","M","R","M","M","T","M","E","R","M","M","R","B",null,"M","?","M","?","?","E","R","M","T","?","M","R","?","$","R","B",null,"M","?","?","M","M","R","?","R","T","M","M","M","E","$","R"],"character_chosen":"IRONCLAD","items_purchased":["Pantograph","Double Tap","Inflame","Shrug It Off","PowerPotion","Apotheosis"],"campfire_rested":2,"item_purchase_floors":[31,31,31,31,31,48],"current_hp_per_floor":[78,83,72,73,79,79,72,71,71,77,72,72,78,76,76,28,85,85,42,42,42,42,14,14,10,10,10,13,25,25,25,37,34,42,38,42,42,42,42,42,42,42,42,39,35,25,23,23,23,0],"gold":21,"neow_bonus":"","is_prod":false,"is_daily":false,"chose_seed":false,"campfire_upgraded":7,"win_rate":0,"timestamp":1531792663,"path_taken":["M","?","?","M","M","R","M","?","T","M","E","R","?","M","R","BOSS","M","?","?","?","?","E","R","M","T","?","M","R","?","$","R","BOSS","M","?","?","M","M","R","?","R","T","?","M","M","E","$","R","BOSS"],"build_version":"2018-07-13","purchased_purges":1,"victory":false,"max_hp_per_floor":[80,85,85,85,85,85,85,85,85,85,85,85,85,85,85,85,85,85,42,42,42,42,42,42,42,42,42,42,42,42,42,42,42,42,42,42,42,42,42,42,42,42,42,42,42,42,42,42,42,42],"card_choices":[{"not_picked":["Havoc","Body Slam"],"picked":"Twin Strike","floor":1},{"not_picked":["Impervious","Headbutt"],"picked":"Carnage","floor":4},{"not_picked":["Body Slam","Thunderclap"],"picked":"Iron Wave","floor":5},{"not_picked":["Sword Boomerang","Sever Soul"],"picked":"Thunderclap","floor":7},{"not_picked":["Evolve","Rampage"],"picked":"Armaments","floor":8},{"not_picked":["Ghostly Armor","Clash"],"picked":"Power Through","floor":10},{"not_picked":["Twin Strike","Ghostly Armor"],"picked":"Inflame","floor":11},{"not_picked":["Headbutt","Twin Strike","Pommel Strike"],"picked":"Limit Break","floor":13},{"not_picked":["Searing Blow","Anger","Reckless Charge"],"picked":"Heavy Blade","floor":14},{"not_picked":["Demon Form","Brutality","Berserk"],"picked":"Immolate","floor":16},{"not_picked":["Power Through","Pummel","Anger"],"picked":"Body Slam","floor":18},{"not_picked":["Armaments+1","Flame Barrier","Rupture"],"picked":"Burning Pact","floor":20},{"not_picked":["Shockwave","Carnage","Disarm"],"picked":"Whirlwind","floor":23},{"not_picked":["Shockwave","Heavy Blade","Ghostly Armor+1"],"picked":"Flex+1","floor":25},{"not_picked":["Battle Trance","Pommel Strike+1","Headbutt+1"],"picked":"Second Wind","floor":28},{"not_picked":["Immolate","Bludgeon","Double Tap"],"picked":"Limit Break","floor":33},{"not_picked":["Clash","Burning Pact+1","Iron Wave+1"],"picked":"Dropkick+1","floor":35},{"not_picked":["Fire Breathing","Twin Strike","Pommel Strike+1"],"picked":"Warcry","floor":36},{"not_picked":["Warcry+1","Power Through","Armaments"],"picked":"Body Slam+1","floor":38},{"not_picked":["Ghostly Armor+1","Heavy Blade","Headbutt+1"],"picked":"Spot Weakness+1","floor":39},{"not_picked":["Evolve+1","Armaments+1","Seeing Red"],"picked":"Limit Break","floor":44},{"not_picked":["Second Wind","Flame Barrier+1","Anger"],"picked":"Shrug It Off+1","floor":45},{"not_picked":["Perfected Strike+1","Feel No Pain","Armaments+1"],"picked":"Shrug It Off+1","floor":46},{"not_picked":["Blood for Blood","Clash","Feel No Pain"],"picked":"Armaments+1","floor":47}],"player_experience":551109,"relics_obtained":[{"floor":9,"key":"Mercury Hourglass"},{"floor":11,"key":"Question Card"},{"floor":23,"key":"Bronze Scales"},{"floor":26,"key":"Lantern"},{"floor":36,"key":"Shovel"},{"floor":43,"key":"Self Forming Clay"},{"floor":47,"key":"Gremlin Horn"}],"event_choices":[{"event_name":"Big Fish","player_choice":"Donut","floor":2,"damage_taken":0},{"event_name":"World of Goop","player_choice":"Gather Gold","floor":3,"damage_taken":0},{"event_name":"Ghosts","player_choice":"Became a Ghost","floor":19,"damage_taken":0},{"event_name":"Upgrade Shrine","player_choice":"Upgraded","floor":21,"damage_taken":0},{"event_name":"Nest","player_choice":"Stole From Cult","floor":22,"damage_taken":0},{"event_name":"The Joust","player_choice":"Bet on Owner","floor":27,"damage_taken":0},{"event_name":"Accursed Blacksmith","player_choice":"Forge","floor":30,"damage_taken":0},{"event_name":"MindBloom","player_choice":"Fight","floor":36,"damage_taken":0},{"event_name":"Falling","player_choice":"Removed Attack","floor":37,"damage_taken":0},{"event_name":"Transmorgrifier","player_choice":"Transform","floor":41,"damage_taken":0}],"boss_relics":[{"not_picked":["Tiny House","Orrery"],"picked":"Mark of Pain"},{"not_picked":["Astrolabe","Fusion Hammer"],"picked":"Cursed Key"}],"items_purged_floors":[48],"is_endless":false,"potions_floor_spawned":[8,10,11,13,20,25,28,35,36,44,46],"killed_by":"Time Eater","ascension_level":0}