{"gold_per_floor":[113,113,38,213,233,233,262,279,328,361,361,378,411,421,421,516,516,526,526,538,538,538,564,564,592,617,645,663,697,4,24,24,128,128,148,160,160,160,160,160,189,189,242,242,268,299,23,70,70,165,165,183,195,370,370,370,405,420,453,453,487,487,487,503,530,530,625,625,635,709,759,834,884,912,922,954,954,987,1037,1002,1030,1040,1040,1139,1169,1187,1290,1366,1384,1396,1396,1446,1474,1474,1785,1811,1828,0,12,12,108,108],"floor_reached":102,"playtime":11162,"items_purged":["Warcry","Shame"],"score":3485,"play_id":"dec26b67-6a2d-4463-89d1-125405afd725","local_time":"20180713111515","daily_mods":["Draft","Heirloom","Specialized","Allstar","Time Dilation","Elite Swarm","Vintage"],"is_ascension_mode":false,"campfire_choices":[{"data":"Reckless Charge","floor":6,"key":"SMITH"},{"data":"Double Tap","floor":11,"key":"SMITH"},{"data":"Offering","floor":15,"key":"SMITH"},{"data":"Reaper","floor":24,"key":"SMITH"},{"data":"Spot Weakness","floor":32,"key":"SMITH"},{"data":"Demon Form","floor":40,"key":"SMITH"},{"data":"Hemokinesis","floor":42,"key":"SMITH"},{"data":"Pummel","floor":44,"key":"SMITH"},{"data":"Clothesline","floor":49,"key":"SMITH"},{"data":"1","floor":66,"key":"LIFT"},{"data":"2","floor":83,"key":"LIFT"},{"data":"3","floor":91,"key":"LIFT"},{"floor":100,"key":"DIG"}],"neow_cost":"","seed_source_timestamp":0,"circlet_count":5,"master_deck":["Reckless Charge+1","Iron Wave+1","Pommel Strike+1","Intimidate","Pummel+1","Spot Weakness+1","Clothesline+1","Ghostly Armor","Thunderclap","Rage+1","Pommel Strike+1","Doubt","Double Tap+1","Offering+1","Impervious","Demon Form+1","Hemokinesis+1","Writhe","Reaper+1","Impervious+1","Blood for Blood+1","Immolate+1","Flex+1","Madness+1","Madness+1","Brutality","Offering+1","Regret","Doubt","Regret","Offering+1","Limit Break+1","Exhume+1","Limit Break+1","Offering+1","Feed+1","Exhume+1","Barricade+1","Berserk+1","Limit Break+1","Havoc+1","Mayhem+1","Exhume+1","Exhume+1","Panache+1","Metallicize+1","Rupture+1","Feel No Pain+1","Inflame+1","Rupture+1","Fire Breathing+1","Evolve+1","Corruption+1","Corruption+1","Fire Breathing+1","Combust+1","Rupture+1","Metallicize+1","Feel No Pain+1","Evolve+1","Rupture+1","Feel No Pain+1","Combust+1","Feel No Pain+1","Fire Breathing+1","Metallicize+1","Rupture+1","Rupture+1","Rupture+1","Metallicize+1","Evolve+1","Limit Break+1"],"special_seed":17725,"relics":["Black Blood","Magic Flower","Centennial Puzzle","Blue Candle","The Courier","Happy Flower","Bag of Preparation","Champion Belt","Bronze Scales","Torii","Potion Belt","Mango","White Beast Statue","Orichalcum","Vajra","Pen Nib","Juzu Bracelet","Bottled Lightning","Ancient Tea Set","Ginger","Strawberry","Gambling Chip","Sling","Molten Egg 2","Oddly Smooth Stone","Regal Pillow","Toxic Egg 2","Bag of Marbles","Darkstone Periapt","Pear","Turnip","Boot","Lantern","Blood Vial","War Paint","Medical Kit","Anchor","Tiny Chest","Red Skull","Calling Bell","Letter Opener","Ornamental Fan","Du-Vu Doll","Mummified Hand","Art of War","Dream Catcher","Unceasing Top","Dodecahedron","Whetstone","Gremlin Horn","Omamori","SsserpentHead","Girya","Thread and Needle","Bottled Flame","Philosopher\u0027s Stone","Meat on the Bone","Matryoshka","Frozen Egg 2","Question Card","Paper Frog","Smiling Mask","Kunai","Pantograph","Dead Branch","Bottled Tornado","Shovel","Mercury Hourglass","Calipers","Incense Burner","Self Forming Clay","Tiny House","Ice Cream","Bird Faced Urn","Shuriken","Singing Bowl","Charon\u0027s Ashes","Prayer Wheel","Sundial","Old Coin","Circlet","HandDrill","Empty Cage"],"potions_floor_usage":[101,101,101,101,101],"damage_taken":[{"damage":3,"enemies":"Cultist","floor":1,"turns":2},{"damage":2,"enemies":"2 Louse","floor":5,"turns":1},{"damage":4,"enemies":"Gremlin Nob","floor":7,"turns":3},{"damage":1,"enemies":"Jaw Worm","floor":8,"turns":2},{"damage":6,"enemies":"Lagavulin","floor":10,"turns":3},{"damage":4,"enemies":"2 Fungi Beasts","floor":12,"turns":1},{"damage":6,"enemies":"3 Sentries","floor":13,"turns":2},{"damage":5,"enemies":"Blue Slaver","floor":14,"turns":1},{"damage":11,"enemies":"Slime Boss","floor":16,"turns":2},{"damage":5,"enemies":"Chosen","floor":18,"turns":3},{"damage":10,"enemies":"2 Thieves","floor":20,"turns":1},{"damage":8,"enemies":"Slavers","floor":23,"turns":2},{"damage":14,"enemies":"Gremlin Leader","floor":25,"turns":2},{"damage":9,"enemies":"Slavers","floor":27,"turns":1},{"damage":12,"enemies":"Snake Plant","floor":28,"turns":2},{"damage":13,"enemies":"Book of Stabbing","floor":29,"turns":1},{"damage":9,"enemies":"Centurion and Healer","floor":31,"turns":1},{"damage":12,"enemies":"Champ","floor":33,"turns":3},{"damage":9,"enemies":"3 Darklings","floor":35,"turns":2},{"damage":5,"enemies":"Orb Walker","floor":36,"turns":1},{"damage":10,"floor":38,"turns":1},{"damage":8,"enemies":"Giant Head","floor":41,"turns":1},{"damage":9,"enemies":"2 Orb Walkers","floor":46,"turns":1},{"damage":6,"enemies":"3 Darklings","floor":48,"turns":1},{"damage":24,"enemies":"Donu and Deca","floor":50,"turns":5},{"damage":3,"enemies":"Cultist","floor":52,"turns":1},{"damage":2,"enemies":"2 Louse","floor":53,"turns":1},{"damage":8,"enemies":"Lagavulin","floor":57,"turns":1},{"damage":10,"enemies":"Small Slimes","floor":58,"turns":1},{"damage":7,"enemies":"Gremlin Nob","floor":59,"turns":1},{"damage":3,"enemies":"Lagavulin","floor":61,"turns":1},{"damage":0,"enemies":"Gremlin Gang","floor":64,"turns":1},{"damage":17,"enemies":"Gremlin Nob","floor":65,"turns":1},{"damage":3,"enemies":"Slime Boss","floor":67,"turns":1},{"damage":8,"enemies":"2 Thieves","floor":69,"turns":1},{"damage":16,"enemies":"Slavers","floor":74,"turns":1},{"damage":15,"enemies":"Shell Parasite","floor":75,"turns":1},{"damage":23,"enemies":"Book of Stabbing","floor":76,"turns":1},{"damage":6,"enemies":"Gremlin Leader","floor":78,"turns":1},{"damage":10,"enemies":"Slavers","floor":81,"turns":1},{"damage":7,"enemies":"Snake Plant","floor":82,"turns":1},{"damage":17,"enemies":"Collector","floor":84,"turns":1},{"damage":3,"enemies":"3 Darklings","floor":86,"turns":1},{"damage":1,"floor":87,"turns":1},{"damage":1,"enemies":"Orb Walker","floor":89,"turns":1},{"damage":2,"enemies":"4 Shapes","floor":90,"turns":1},{"damage":5,"enemies":"2 Orb Walkers","floor":93,"turns":1},{"damage":5,"enemies":"Sphere and 2 Shapes","floor":95,"turns":1},{"damage":17,"enemies":"Nemesis","floor":96,"turns":1},{"damage":5,"enemies":"Spire Growth","floor":97,"turns":1},{"damage":4,"enemies":"Maw","floor":99,"turns":1},{"damage":51,"enemies":"Time Eater","floor":101,"turns":2}],"seed_played":"6913120566544854688","potions_obtained":[{"floor":5,"key":"LiquidBronze"},{"floor":10,"key":"Swift Potion"},{"floor":12,"key":"PowerPotion"},{"floor":14,"key":"Explosive Potion"},{"floor":16,"key":"Ancient Potion"},{"floor":18,"key":"Dexterity Potion"},{"floor":20,"key":"EssenceOfSteel"},{"floor":23,"key":"Regen Potion"},{"floor":33,"key":"SkillPotion"},{"floor":35,"key":"Dexterity Potion"},{"floor":38,"key":"Dexterity Potion"},{"floor":101,"key":"Block Potion"}],"is_trial":true,"path_per_floor":["M","?","$","?","M","R","E","M","T","E","R","M","E","M","R","B",null,"M","?","M","?","?","E","R","E","T","E","M","E","$","M","R","B",null,"M","M","?","?","?","R","E","R","T","R","T","E","$","M","R","B",null,"M","M","?","?","?","E","M","E","T","E","?","?","M","E","R","B",null,"M","T","?","T","?","E","M","E","T","E","T","?","E","M","R","B",null,"M","?","T","M","M","R","?","E","T","M","E","M","$","M","R","B"],"character_chosen":"IRONCLAD","items_purchased":["Sling","Molten Egg 2","Oddly Smooth Stone","Regal Pillow","Blood for Blood+1","Medical Kit","Anchor","HandDrill","Panache+1","Metallicize+1","Rupture+1","Feel No Pain+1","Inflame+1","Rupture+1","Fire Breathing+1","Evolve+1","Corruption+1","Corruption+1","Fire Breathing+1","Combust+1","Rupture+1","Metallicize+1","Feel No Pain+1","Evolve+1","Rupture+1","Feel No Pain+1","Combust+1","Feel No Pain+1","Fire Breathing+1","Metallicize+1","Rupture+1","Rupture+1","Rupture+1","Metallicize+1","Evolve+1"],"campfire_rested":0,"item_purchase_floors":[30,30,30,30,30,47,47,98,98,98,98,98,98,98,98,98,98,98,98,98,98,98,98,98,98,98,98,98,98,98,98,98,98,98,98],"current_hp_per_floor":[80,80,80,80,80,80,80,80,80,80,80,80,80,80,80,92,94,94,94,93,93,74,75,75,99,99,99,103,99,99,99,99,106,106,106,116,116,116,101,101,108,108,108,108,108,116,116,116,116,116,134,134,134,140,146,146,146,146,146,146,146,139,139,146,146,146,146,146,146,146,146,146,146,145,146,144,144,150,150,150,154,154,154,152,159,162,162,162,162,162,162,162,165,165,165,165,165,165,169,169,146,169],"gold":108,"neow_bonus":"","is_prod":false,"is_daily":false,"chose_seed":false,"campfire_upgraded":9,"win_rate":0,"timestamp":1531469715,"path_taken":["M","?","?","?","?","R","E","M","T","E","R","M","E","M","R","BOSS","M","?","M","?","?","E","R","E","T","E","M","E","?","M","R","BOSS","M","M","?","?","?","R","E","R","T","R","?","E","$","M","R","BOSS","M","M","?","?","?","E","M","E","T","E","?","?","M","E","R","BOSS","M","?","?","?","?","E","M","E","T","E","?","?","E","M","R","BOSS","M","?","?","M","M","R","?","E","T","M","E","M","?","M","R","BOSS"],"build_version":"2018-07-12","purchased_purges":2,"victory":false,"max_hp_per_floor":[80,80,80,80,80,80,80,80,80,80,80,80,80,80,80,94,94,94,94,94,94,99,99,99,99,99,99,106,106,106,106,106,106,106,106,116,116,116,116,116,116,116,116,116,116,116,116,116,116,116,134,134,134,140,146,146,146,146,146,146,146,146,146,146,146,146,146,146,146,146,146,146,146,146,146,150,150,150,150,150,154,154,154,154,159,162,162,162,162,162,162,162,165,165,165,165,165,165,169,169,169,169],"card_choices":[{"not_picked":["Shrug It Off","Wild Strike"],"picked":"Reckless Charge","floor":0},{"not_picked":["Wild Strike","Corruption"],"picked":"Hemokinesis","floor":0},{"not_picked":["Metallicize","Twin Strike"],"picked":"Clash","floor":0},{"not_picked":["Body Slam","Combust"],"picked":"Iron Wave","floor":0},{"not_picked":["Body Slam","Anger"],"picked":"Ghostly Armor","floor":0},{"not_picked":["Perfected Strike","Twin Strike"],"picked":"Pommel Strike","floor":0},{"not_picked":["True Grit","Sword Boomerang"],"picked":"Warcry","floor":0},{"not_picked":["Flame Barrier","Pommel Strike"],"picked":"Intimidate","floor":0},{"not_picked":["Dropkick","Anger"],"picked":"Pummel","floor":0},{"not_picked":["Flex","Fire Breathing"],"picked":"Spot Weakness","floor":0},{"not_picked":["Wild Strike","Hemokinesis"],"picked":"Clothesline","floor":0},{"not_picked":["Evolve","Intimidate"],"picked":"Ghostly Armor","floor":0},{"not_picked":["Blood for Blood","Heavy Blade"],"picked":"Thunderclap","floor":0},{"not_picked":["Sword Boomerang","Pommel Strike"],"picked":"Rage","floor":0},{"not_picked":["Burning Pact","Twin Strike"],"picked":"Pommel Strike","floor":0},{"not_picked":["Juggernaut","Impervious"],"picked":"Double Tap","floor":7},{"not_picked":["Exhume","Immolate"],"picked":"Offering","floor":10},{"not_picked":["Fiend Fire","Juggernaut"],"picked":"Impervious","floor":13},{"not_picked":["Dark Embrace","Limit Break"],"picked":"Demon Form","floor":16},{"not_picked":["Impervious","Bludgeon"],"picked":"Reaper","floor":23},{"not_picked":["Fiend Fire","Reaper"],"picked":"Impervious","floor":25},{"not_picked":["Bludgeon","Fiend Fire","Juggernaut"],"picked":"SKIP","floor":27},{"not_picked":["Reaper","Dark Embrace","Fiend Fire"],"picked":"SKIP","floor":29},{"not_picked":["Bludgeon+1","Impervious+1"],"picked":"Immolate+1","floor":33},{"not_picked":["Hemokinesis+1","Shrug It Off+1"],"picked":"Flex+1","floor":38},{"not_picked":["Juggernaut","Dark Embrace"],"picked":"Brutality","floor":41},{"not_picked":["Brutality","Feed+1"],"picked":"Offering+1","floor":46},{"not_picked":["Impervious+1","Berserk"],"picked":"Offering+1","floor":57},{"not_picked":["Double Tap+1","Demon Form"],"picked":"Limit Break+1","floor":59},{"not_picked":["Impervious+1","Juggernaut"],"picked":"Exhume+1","floor":61},{"not_picked":["Fiend Fire+1","Feed+1"],"picked":"Limit Break+1","floor":65},{"not_picked":["Berserk","Limit Break+1"],"picked":"Offering+1","floor":67},{"not_picked":["Barricade+1","Bludgeon+1","Demon Form+1"],"picked":"Feed+1","floor":74},{"not_picked":["Bludgeon+1","Feed+1","Impervious+1"],"picked":"Exhume+1","floor":76},{"not_picked":["Fiend Fire+1","Impervious+1","Demon Form+1"],"picked":"Barricade+1","floor":78},{"not_picked":["Demon Form+1","Dark Embrace+1","Immolate+1"],"picked":"Berserk+1","floor":81},{"not_picked":["Feed+1","Impervious+1","Brutality+1"],"picked":"Limit Break+1","floor":84},{"not_picked":["Twin Strike+1","Sentinel+1","Pummel+1"],"picked":"Havoc+1","floor":85},{"not_picked":["Trip+1","The Bomb+1","Master of Strategy+1"],"picked":"Mayhem+1","floor":92},{"not_picked":["Double Tap+1","Immolate+1","Impervious+1"],"picked":"Exhume+1","floor":93},{"not_picked":["Bludgeon+1","Fiend Fire+1","Barricade+1"],"picked":"Exhume+1","floor":96},{"not_picked":["Barricade+1","Exhume+1","Brutality+1"],"picked":"Limit Break+1","floor":101}],"player_experience":539947,"relics_obtained":[{"floor":1,"key":"Centennial Puzzle"},{"floor":5,"key":"Blue Candle"},{"floor":7,"key":"The Courier"},{"floor":8,"key":"Happy Flower"},{"floor":9,"key":"Bag of Preparation"},{"floor":10,"key":"Champion Belt"},{"floor":12,"key":"Bronze Scales"},{"floor":13,"key":"Torii"},{"floor":14,"key":"Potion Belt"},{"floor":16,"key":"Mango"},{"floor":18,"key":"Orichalcum"},{"floor":20,"key":"Vajra"},{"floor":23,"key":"Juzu Bracelet"},{"floor":25,"key":"Bottled Lightning"},{"floor":26,"key":"Ancient Tea Set"},{"floor":27,"key":"Ginger"},{"floor":28,"key":"Strawberry"},{"floor":29,"key":"Gambling Chip"},{"floor":31,"key":"Toxic Egg 2"},{"floor":33,"key":"Bag of Marbles"},{"floor":35,"key":"Darkstone Periapt"},{"floor":36,"key":"Pear"},{"floor":38,"key":"Turnip"},{"floor":41,"key":"Boot"},{"floor":43,"key":"Lantern"},{"floor":45,"key":"Blood Vial"},{"floor":46,"key":"War Paint"},{"floor":48,"key":"Tiny Chest"},{"floor":50,"key":"Red Skull"},{"floor":51,"key":"Letter Opener"},{"floor":51,"key":"Ornamental Fan"},{"floor":51,"key":"Du-Vu Doll"},{"floor":52,"key":"Mummified Hand"},{"floor":53,"key":"Art of War"},{"floor":57,"key":"Unceasing Top"},{"floor":58,"key":"Dodecahedron"},{"floor":59,"key":"Whetstone"},{"floor":60,"key":"Gremlin Horn"},{"floor":61,"key":"Omamori"},{"floor":64,"key":"Girya"},{"floor":65,"key":"Thread and Needle"},{"floor":67,"key":"Bottled Flame"},{"floor":69,"key":"Meat on the Bone"},{"floor":70,"key":"Matryoshka"},{"floor":72,"key":"Frozen Egg 2"},{"floor":72,"key":"Question Card"},{"floor":74,"key":"Paper Frog"},{"floor":75,"key":"Smiling Mask"},{"floor":76,"key":"Kunai"},{"floor":77,"key":"Pantograph"},{"floor":77,"key":"Dead Branch"},{"floor":78,"key":"Bottled Tornado"},{"floor":79,"key":"Shovel"},{"floor":81,"key":"Calipers"},{"floor":82,"key":"Incense Burner"},{"floor":84,"key":"Self Forming Clay"},{"floor":86,"key":"Ice Cream"},{"floor":87,"key":"Bird Faced Urn"},{"floor":88,"key":"Shuriken"},{"floor":89,"key":"Singing Bowl"},{"floor":90,"key":"Charon\u0027s Ashes"},{"floor":93,"key":"Prayer Wheel"},{"floor":94,"key":"Sundial"},{"floor":95,"key":"Old Coin"},{"floor":96,"key":"Circlet"},{"floor":97,"key":"Circlet"},{"floor":99,"key":"Circlet"},{"floor":100,"key":"Circlet"},{"floor":101,"key":"Circlet"}],"event_choices":[{"event_name":"Upgrade Shrine","player_choice":"Upgraded","floor":2,"damage_taken":0},{"event_name":"Liars Game","player_choice":"agreed","floor":4,"damage_taken":0},{"event_name":"Transmorgrifier","player_choice":"Transform","floor":19,"damage_taken":0},{"event_name":"The Mausoleum","player_choice":"Yes","floor":21,"damage_taken":0},{"event_name":"Forgotten Altar","player_choice":"Shed Blood","floor":22,"damage_taken":0},{"event_name":"The Lab","player_choice":"Got Potions","floor":37,"damage_taken":0},{"event_name":"MindBloom","player_choice":"Fight","floor":38,"damage_taken":0},{"event_name":"Winding Halls","player_choice":"Embrace Madness","floor":39,"damage_taken":0},{"event_name":"Liars Game","player_choice":"agreed","floor":54,"damage_taken":0},{"event_name":"Big Fish","player_choice":"Box","floor":55,"damage_taken":0},{"event_name":"The Lab","player_choice":"Got Potions","floor":56,"damage_taken":0},{"event_name":"Golden Wing","player_choice":"Card Removal","floor":62,"damage_taken":0},{"event_name":"FaceTrader","player_choice":"Trade","floor":63,"damage_taken":0},{"event_name":"Ghosts","player_choice":"Ignored","floor":71,"damage_taken":0},{"event_name":"The Woman in Blue","player_choice":"Bought 0 Potions","floor":73,"damage_taken":0},{"event_name":"Addict","player_choice":"Obtained Relic","floor":80,"damage_taken":0},{"event_name":"Mysterious Sphere","player_choice":"Fight","floor":87,"damage_taken":0},{"event_name":"SensoryStone","player_choice":"Memory 1","floor":92,"damage_taken":0}],"boss_relics":[{"not_picked":["Pandora\u0027s Box","Fusion Hammer"],"picked":"White Beast Statue"},{"not_picked":["Astrolabe","Runic Dome"],"picked":"Black Blood"},{"not_picked":["Mark of Pain","Coffee Dripper"],"picked":"Calling Bell"},{"not_picked":["Cursed Key","Astrolabe"],"picked":"Philosopher\u0027s Stone"},{"not_picked":["Snecko Eye","Runic Pyramid"],"picked":"Tiny House"},{"not_picked":["Busted Crown","Sozu"],"picked":"Empty Cage"}],"items_purged_floors":[3,98],"is_endless":true,"potions_floor_spawned":[5,10,12,14,16,18,20,23,25,27,28,29,31,33,35,36,38,41,46,48,50,52,53,57,58,59,61,64,65,67,69,74,75,76,78,81,82,84,86,87,89,90,93,95,96,97,99,101],"ascension_level":0}