{"path_per_floor":["M","M","?","?","M","R","E","?","T","M","?","M","$","?","R","B",null,"M","M","?","T","M","E","M","R","T","R","M","M","E","M","R","B",null,"M","?","M","?","M","E","$","R","T","E","?","M","?","$","R"],"character_chosen":"IRONCLAD","items_purchased":["Shockwave","Juzu Bracelet","Question Card","Blood Vial","Anchor"],"gold_per_floor":[109,129,129,129,141,141,167,167,167,181,181,200,85,85,85,183,183,195,207,207,276,286,317,327,327,351,351,369,388,422,439,439,537,567,578,578,588,588,599,628,73,73,73,105,154,164,164,44,44,44],"floor_reached":50,"campfire_rested":0,"playtime":2650,"current_hp_per_floor":[96,96,96,77,81,81,58,58,58,62,62,58,58,51,51,29,96,83,79,48,48,48,48,48,48,48,48,48,48,36,42,42,37,53,53,46,51,51,34,36,36,36,36,25,33,41,31,31,31,0],"items_purged":["Decay","Defend_R"],"gold":44,"score":643,"play_id":"df8beef5-dde7-43c7-b0c0-4f90ad557bb8","local_time":"20180331221428","is_prod":false,"is_daily":false,"is_ascension_mode":false,"campfire_upgraded":7,"timestamp":1522523668,"path_taken":["M","M","?","?","?","R","E","?","T","M","?","M","$","?","R","BOSS","M","M","?","?","M","E","M","R","T","R","M","M","E","M","R","BOSS","M","?","?","?","M","E","?","R","T","E","?","M","?","$","R","BOSS"],"build_version":"2018-03-29","purchased_purges":2,"victory":false,"master_deck":["Strike_R","Strike_R","Strike_R","Strike_R+1","Strike_R","Defend_R","Defend_R","Defend_R","Bash","Searing Blow+8","Flex+1","Metallicize","Dropkick","Wild Strike","Carnage","Shockwave","Demon Form+1","Headbutt","Ghostly","Ghostly","Ghostly+1","Ghostly","Ghostly","Clothesline+1","Dual Wield","Feed","Bludgeon","Impervious","Entrench","Madness","Madness","Armaments+1","Uppercut+1","Impervious","Secret Technique","Sadistic Nature","Bandage Up"],"max_hp_per_floor":[96,96,96,96,96,96,96,96,96,96,96,96,96,96,96,96,96,96,96,48,48,48,48,48,48,48,48,48,48,48,48,48,48,53,53,53,53,53,53,53,53,53,53,53,53,53,53,53,53,53],"relics":["Burning Blood","Pen Nib","The Courier","Snecko Eye","Paper Frog","Bronze Scales","Oddly Smooth Stone","Shovel","Tiny House","Gremlin Horn","Juzu Bracelet","Question Card","Blood Vial","Charon\u0027s Ashes","Bag of Marbles","Red Skull","Anchor"],"card_choices":[{"not_picked":["Warcry","Havoc"],"picked":"Searing Blow","floor":1},{"not_picked":["Rupture","Searing Blow"],"picked":"Flex","floor":2},{"not_picked":["Headbutt","Heavy Blade"],"picked":"Metallicize","floor":5},{"not_picked":["Burning Pact","Dark Embrace"],"picked":"Dropkick","floor":7},{"not_picked":["Burning Pact","Thunderclap"],"picked":"Wild Strike","floor":10},{"not_picked":["Sentinel","Havoc"],"picked":"Carnage","floor":12},{"not_picked":["Offering","Feed"],"picked":"Demon Form","floor":16},{"not_picked":["Thunderclap","True Grit"],"picked":"Headbutt","floor":19},{"not_picked":["Rampage","Wild Strike"],"picked":"Clothesline","floor":23},{"not_picked":["Seeing Red","Thunderclap"],"picked":"Dual Wield","floor":24},{"not_picked":["Rage","Hemokinesis"],"picked":"Feed","floor":29},{"not_picked":["Pommel Strike","Flex"],"picked":"Bludgeon","floor":31},{"not_picked":["Barricade","Double Tap"],"picked":"Impervious","floor":33},{"not_picked":["Heavy Blade","Perfected Strike"],"picked":"Entrench","floor":34},{"not_picked":["Flex","Shrug It Off"],"picked":"Armaments","floor":37},{"not_picked":["Burning Pact","Carnage"],"picked":"Uppercut","floor":39},{"not_picked":["Blood for Blood","Fire Breathing","Headbutt"],"picked":"Impervious","floor":44},{"not_picked":["Trip","Bandage Up","Panache"],"picked":"Secret Technique","floor":47},{"not_picked":["Dramatic Entrance","Thinking Ahead","Dark Shackles"],"picked":"Sadistic Nature","floor":47},{"not_picked":["Deep Breath","Transmutation","Dramatic Entrance"],"picked":"Bandage Up","floor":47}],"player_experience":305384,"potions_floor_usage":[16,30,30,33,33,33,50,50,50],"damage_taken":[{"damage":3,"enemies":"Small Slimes","floor":1,"turns":4},{"damage":1,"enemies":"Cultist","floor":2,"turns":3},{"damage":2,"enemies":"2 Louse","floor":5,"turns":2},{"damage":29,"enemies":"Gremlin Nob","floor":7,"turns":4},{"damage":2,"enemies":"Large Slime","floor":10,"turns":5},{"damage":10,"enemies":"Blue Slaver","floor":12,"turns":3},{"damage":28,"enemies":"Hexaghost","floor":16,"turns":8},{"damage":19,"enemies":"2 Thieves","floor":18,"turns":3},{"damage":10,"enemies":"Spheric Guardian","floor":19,"turns":3},{"damage":4,"enemies":"Centurion and Healer","floor":22,"turns":6},{"damage":0,"enemies":"Book of Stabbing","floor":23,"turns":3},{"damage":0,"enemies":"Cultist and Chosen","floor":24,"turns":5},{"damage":0,"enemies":"Snecko","floor":28,"turns":2},{"damage":0,"enemies":"Centurion and Healer","floor":29,"turns":4},{"damage":18,"enemies":"Gremlin Leader","floor":30,"turns":4},{"damage":0,"enemies":"Sentry and Sphere","floor":31,"turns":4},{"damage":11,"enemies":"Collector","floor":33,"turns":6},{"damage":1,"enemies":"3 Shapes","floor":35,"turns":3},{"damage":1,"enemies":"Flame Bruiser 1 Orb","floor":37,"turns":2},{"damage":23,"enemies":"4 Shapes","floor":39,"turns":8},{"damage":4,"enemies":"Giant Head","floor":40,"turns":6},{"damage":19,"enemies":"2 Orb Walkers","floor":44,"turns":4},{"damage":0,"enemies":"Mysterious Sphere","floor":45,"turns":2},{"damage":0,"enemies":"Maw","floor":46,"turns":4},{"damage":45,"enemies":"Time Eater","floor":50,"turns":5}],"event_choices":[{"event_name":"Upgrade Shrine","player_choice":"Upgraded","floor":3,"damage_taken":0},{"event_name":"Shining Light","player_choice":"Entered Light","floor":4,"damage_taken":0},{"event_name":"Wheel of Change","player_choice":"Curse","floor":8,"damage_taken":0},{"event_name":"Living Wall","player_choice":"Grow","floor":11,"damage_taken":0},{"event_name":"Golden Wing","player_choice":"Card Removal","floor":14,"damage_taken":0},{"event_name":"Ghosts","player_choice":"Became a Ghost","floor":20,"damage_taken":0},{"event_name":"Winding Halls","player_choice":"Embrace Madness","floor":36,"damage_taken":0},{"event_name":"Tomb of Lord Red Mask","player_choice":"Ignored","floor":38,"damage_taken":0},{"event_name":"Mysterious Sphere","player_choice":"Fight","floor":45,"damage_taken":0},{"event_name":"SensoryStone","player_choice":"Memory 3","floor":47,"damage_taken":0}],"boss_relics":[{"not_picked":["Astrolabe","Runic Cube"],"picked":"Snecko Eye"},{"not_picked":["Cursed Key","White Beast Statue"],"picked":"Tiny House"}],"potions_floor_spawned":[2,5,16,19,22,24,30,31,33,35,37,46],"seed_played":"2077072526217624862","killed_by":"Time Eater","ascension_level":0,"is_trial":false}