{"gold_per_floor":[115,115,0,0,12,12,25,25,25,25,25,38,73,83,83,184,184,198,167,177,77,91,117,117,144,190,203,11,31,31,31,31,132,132,150,164,210,210,220,253,253,353,432,458,458,486,103,103,103,103,103,103,53,84,84],"floor_reached":56,"playtime":12268,"items_purged":["Strike_G","Strike_G"],"score":1400,"play_id":"b8e3182a-9982-44f3-bfd6-c575780a6084","local_time":"20190805041832","is_ascension_mode":true,"campfire_choices":[{"data":"Backflip","floor":6.0,"key":"SMITH"},{"data":"Neutralize","floor":8.0,"key":"SMITH"},{"data":"Dash","floor":10.0,"key":"SMITH"},{"data":"Blur","floor":15.0,"key":"SMITH"},{"floor":24.0,"key":"REST"},{"floor":30.0,"key":"REST"},{"data":"Apotheosis","floor":32.0,"key":"SMITH"},{"floor":41.0,"key":"RECALL"},{"data":"Caltrops","floor":49.0,"key":"SMITH"},{"data":"Prepared","floor":52.0,"key":"SMITH"}],"neow_cost":"NONE","seed_source_timestamp":0,"circlet_count":0,"master_deck":["Strike_G","Defend_G","Defend_G","Defend_G","Defend_G","Defend_G","Survivor","Neutralize+1","Cloak And Dagger","Backflip+1","Dash+1","Riddle With Holes","Backflip","Blur+1","PiercingWail","After Image","Masterful Stab","Dodge and Roll","A Thousand Cuts","Well Laid Plans","Outmaneuver","Backstab","Escape Plan","Noxious Fumes","Noxious Fumes","Prepared+1","Backflip","Bane+1","Apotheosis+1","Ghostly","Ghostly","Ghostly","Ghostly","Ghostly","Tools of the Trade","Crippling Poison","Sadistic Nature","Caltrops+1"],"special_seed":0,"relics":["Ring of the Snake","Juzu Bracelet","Du-Vu Doll","Orrery","Boot","Blood Vial","Centennial Puzzle","Busted Crown","Tingsha","Toxic Egg 2","Pocketwatch","Oddly Smooth Stone","Bottled Flame","Mango","Anchor"],"potions_floor_usage":[55,55],"damage_taken":[{"damage":0.0,"enemies":"2 Louse","floor":1.0,"turns":3.0},{"damage":0.0,"enemies":"Small Slimes","floor":5.0,"turns":3.0},{"damage":0.0,"enemies":"Cultist","floor":7.0,"turns":4.0},{"damage":1.0,"enemies":"Large Slime","floor":12.0,"turns":8.0},{"damage":9.0,"enemies":"3 Sentries","floor":13.0,"turns":9.0},{"damage":0.0,"enemies":"Blue Slaver","floor":14.0,"turns":3.0},{"damage":5.0,"enemies":"The Guardian","floor":16.0,"turns":14.0},{"damage":0.0,"enemies":"3 Byrds","floor":18.0,"turns":6.0},{"damage":10.0,"enemies":"2 Thieves","floor":19.0,"turns":5.0},{"damage":20.0,"enemies":"Centurion and Healer","floor":20.0,"turns":8.0},{"damage":6.0,"enemies":"3 Cultists","floor":22.0,"turns":7.0},{"damage":5.0,"enemies":"Gremlin Leader","floor":23.0,"turns":8.0},{"damage":36.0,"enemies":"Slavers","floor":25.0,"turns":9.0},{"damage":20.0,"enemies":"Snake Plant","floor":27.0,"turns":5.0},{"damage":3.0,"enemies":"Centurion and Healer","floor":29.0,"turns":8.0},{"damage":0.0,"enemies":"Champ","floor":33.0,"turns":14.0},{"damage":0.0,"enemies":"3 Shapes","floor":35.0,"turns":7.0},{"damage":0.0,"enemies":"3 Darklings","floor":36.0,"turns":5.0},{"damage":0.0,"enemies":"2 Orb Walkers","floor":37.0,"turns":7.0},{"damage":0.0,"enemies":"Sphere and 2 Shapes","floor":39.0,"turns":7.0},{"damage":0.0,"enemies":"Nemesis","floor":40.0,"turns":8.0},{"damage":0.0,"enemies":"Mind Bloom Boss Battle","floor":42.0,"turns":9.0},{"damage":0.0,"enemies":"Reptomancer","floor":44.0,"turns":7.0},{"damage":2.0,"enemies":"Giant Head","floor":46.0,"turns":11.0},{"damage":28.0,"enemies":"Time Eater","floor":50.0,"turns":16.0},{"damage":3.0,"enemies":"Shield and Spear","floor":54.0,"turns":8.0},{"damage":13,"enemies":"The Heart","floor":55,"turns":13}],"seed_played":"6499249822712801749","potions_obtained":[{"floor":12.0,"key":"SteroidPotion"},{"floor":13.0,"key":"Explosive Potion"},{"floor":14.0,"key":"SkillPotion"},{"floor":16.0,"key":"Swift Potion"},{"floor":19.0,"key":"GamblersBrew"},{"floor":20.0,"key":"LiquidBronze"},{"floor":25.0,"key":"SteroidPotion"},{"floor":29.0,"key":"LiquidBronze"},{"floor":33.0,"key":"SpeedPotion"},{"floor":35.0,"key":"SneckoOil"},{"floor":42.0,"key":"SteroidPotion"},{"floor":46.0,"key":"Fruit Juice"}],"is_trial":false,"path_per_floor":["M","?","$","?","M","R","M","R","T","R","?","M","E","M","R","B",null,"M","M","M","$","M","E","R","E","T","M","$","M","R","?","R","B",null,"M","M","?","?","M","E","R","?","T","E","?","E","$","$","R","B",null,"R","$","E","B",null],"character_chosen":"THE_SILENT","items_purchased":["Dash","Apotheosis","Mango","Caltrops","PowerPotion"],"campfire_rested":2,"item_purchase_floors":[3,28,47,47,53],"current_hp_per_floor":[70,75,75,75,75,75,75,75,75,75,75,74,65,65,65,60,75,75,65,45,45,39,34,56,20,20,2,2,1,23,23,23,25,37,37,37,37,32,34,36,36,37,37,37,37,35,49,49,49,28,56,56,56,53,42],"gold":84,"neow_bonus":"THREE_CARDS","is_prod":false,"is_daily":false,"chose_seed":false,"campfire_upgraded":7,"win_rate":0,"timestamp":1564946312,"path_taken":["M","?","$","?","M","R","M","R","T","R","?","M","E","M","R","BOSS","M","M","M","$","M","E","R","E","T","M","?","M","R","?","R","BOSS","M","M","?","?","M","E","R","?","T","E","?","E","?","$","R","BOSS","R","$","E","BOSS"],"build_version":"2019-07-17","purchased_purges":2,"victory":true,"max_hp_per_floor":[70,75,75,75,75,75,75,75,75,75,75,75,75,75,75,75,75,75,75,75,75,75,75,75,75,75,75,75,75,75,37,37,37,37,37,37,37,37,37,37,37,37,37,37,37,37,51,51,51,56,56,56,56,56,56],"card_choices":[{"not_picked":["Deflect","Sucker Punch"],"picked":"Cloak And Dagger","floor":0.0},{"not_picked":["Cloak And Dagger","Sucker Punch"],"picked":"Backflip","floor":1.0},{"not_picked":["Predator","Flying Knee"],"picked":"Backflip","floor":5.0},{"not_picked":["Eviscerate","Escape Plan"],"picked":"Blur","floor":7.0},{"not_picked":["Underhanded Strike","Dagger Throw"],"picked":"Masterful Stab","floor":12.0},{"not_picked":["Unload","Backflip"],"picked":"Dodge and Roll","floor":13.0},{"not_picked":["Underhanded Strike","Quick Slash","Flying Knee"],"picked":"SKIP","floor":14.0},{"not_picked":["Wraith Form v2","Phantasmal Killer"],"picked":"A Thousand Cuts","floor":16.0},{"not_picked":["Quick Slash","Flying Knee"],"picked":"Well Laid Plans","floor":17.0},{"not_picked":["All Out Attack","Cloak And Dagger"],"picked":"Outmaneuver","floor":17.0},{"not_picked":["Prepared","Well Laid Plans"],"picked":"Backstab","floor":17.0},{"not_picked":["Skewer","Prepared"],"picked":"Escape Plan","floor":17.0},{"not_picked":["Masterful Stab","Heel Hook+1"],"picked":"Noxious Fumes","floor":18.0},{"not_picked":["Cloak And Dagger","Underhanded Strike"],"picked":"Noxious Fumes","floor":19.0},{"not_picked":["Tactician+1","Acrobatics"],"picked":"Prepared","floor":20.0},{"not_picked":["Endless Agony+1","Night Terror","Prepared"],"picked":"SKIP","floor":22.0},{"not_picked":["Sucker Punch+1","Dagger Spray"],"picked":"Backflip","floor":23.0},{"not_picked":["Flying Knee+1","Masterful Stab","Sucker Punch"],"picked":"SKIP","floor":25.0},{"not_picked":["Infinite Blades+1","Choke"],"picked":"Bane+1","floor":27.0},{"not_picked":["Dagger Throw","Flying Knee","Dagger Spray+1"],"picked":"SKIP","floor":29.0},{"not_picked":["Wraith Form v2","Malaise"],"picked":"Tools of the Trade","floor":33.0},{"not_picked":["Backstab"],"picked":"SKIP","floor":35.0},{"not_picked":[],"picked":"Crippling Poison","floor":36.0},{"not_picked":[],"picked":"Sadistic Nature","floor":38.0},{"not_picked":["Finisher"],"picked":"SKIP","floor":39.0},{"not_picked":["Finisher"],"picked":"SKIP","floor":39.0},{"not_picked":["Finisher"],"picked":"SKIP","floor":40.0},{"not_picked":["Dagger Throw"],"picked":"SKIP","floor":44.0},{"not_picked":["Phantasmal Killer+1"],"picked":"SKIP","floor":46.0},{"not_picked":["Tactician+1"],"picked":"SKIP","floor":54.0}],"player_experience":140230,"relics_obtained":[{"floor":9.0,"key":"Juzu Bracelet"},{"floor":13.0,"key":"Du-Vu Doll"},{"floor":23.0,"key":"Boot"},{"floor":25.0,"key":"Blood Vial"},{"floor":26.0,"key":"Centennial Puzzle"},{"floor":37.0,"key":"Tingsha"},{"floor":40.0,"key":"Toxic Egg 2"},{"floor":42.0,"key":"Pocketwatch"},{"floor":44.0,"key":"Oddly Smooth Stone"},{"floor":46.0,"key":"Bottled Flame"},{"floor":54.0,"key":"Anchor"}],"event_choices":[{"damage_healed":0.0,"max_hp_gain":5.0,"max_hp_loss":0.0,"gold_gain":0.0,"event_name":"Big Fish","player_choice":"Donut","floor":2.0,"gold_loss":0.0,"damage_taken":0.0},{"damage_healed":0.0,"max_hp_gain":0.0,"max_hp_loss":0.0,"gold_gain":0.0,"cards_transformed":["Strike_G"],"event_name":"Living Wall","player_choice":"Change","floor":4.0,"gold_loss":0.0,"damage_taken":0.0,"cards_obtained":["Riddle With Holes"]},{"damage_healed":0.0,"max_hp_gain":0.0,"max_hp_loss":0.0,"gold_gain":0.0,"event_name":"Match and Keep!","player_choice":"2 cards matched","floor":11.0,"gold_loss":0.0,"damage_taken":0.0,"cards_obtained":["PiercingWail","After Image"]},{"damage_healed":0.0,"max_hp_gain":0.0,"max_hp_loss":38.0,"gold_gain":0.0,"event_name":"Ghosts","player_choice":"Became a Ghost","floor":31.0,"gold_loss":0.0,"damage_taken":0.0,"cards_obtained":["Ghostly","Ghostly","Ghostly","Ghostly","Ghostly"]},{"damage_healed":0.0,"max_hp_gain":0.0,"max_hp_loss":0.0,"gold_gain":0.0,"event_name":"Mysterious Sphere","player_choice":"Fight","floor":37.0,"gold_loss":0.0,"damage_taken":0.0},{"damage_healed":0.0,"max_hp_gain":0.0,"max_hp_loss":0.0,"gold_gain":0.0,"event_name":"SensoryStone","player_choice":"Memory 2","floor":38.0,"gold_loss":0.0,"damage_taken":5.0},{"damage_healed":0.0,"max_hp_gain":0.0,"max_hp_loss":0.0,"gold_gain":0.0,"event_name":"MindBloom","player_choice":"Fight","floor":42.0,"gold_loss":0.0,"damage_taken":0.0},{"cards_removed":["Strike_G"],"damage_healed":0.0,"max_hp_gain":0.0,"max_hp_loss":0.0,"gold_gain":0.0,"event_name":"Falling","player_choice":"Removed Attack","floor":45.0,"gold_loss":0.0,"damage_taken":0.0}],"is_beta":false,"boss_relics":[{"not_picked":["Runic Dome","Lizard Tail"],"picked":"Orrery"},{"not_picked":["Empty Cage","WristBlade"],"picked":"Busted Crown"}],"items_purged_floors":[3,21],"is_endless":false,"potions_floor_spawned":[12,13,14,16,19,20,25,29,33,35,42,46],"ascension_level":1}