{"gold_per_floor":[212,212,230,12,30,64,14,43,43,56,68,68,83,83,83,213,213,236,236,254,254,254,284,306,318,330,342,369,296,336,362,374,486,498,524,554,579,9,9,9,36,36,89,89,89,122,122,157,157,157],"floor_reached":51,"playtime":6941,"items_purged":[],"score":780,"play_id":"e0f37789-b2ab-431a-9126-adbd15074a42","local_time":"20181025081539","is_ascension_mode":false,"campfire_choices":[{"data":"Zap","floor":12,"key":"SMITH"},{"data":"Hologram","floor":15,"key":"SMITH"},{"data":"Dualcast","floor":25,"key":"SMITH"},{"data":"Fission","floor":32,"key":"SMITH"},{"data":"Defragment","floor":40,"key":"SMITH"},{"floor":45,"key":"REST"},{"data":"Jack Of All Trades","floor":47,"key":"SMITH"},{"data":"Double Energy","floor":49,"key":"SMITH"}],"neow_cost":"NONE","seed_source_timestamp":87774534488467,"circlet_count":0,"master_deck":["Strike_B+1","Strike_B+1","Strike_B+1","Strike_B+1","Defend_B+1","Defend_B+1","Defend_B+1","Defend_B+1","Zap+1","Dualcast+1","Cold Snap+1","Turbo","Go for the Eyes","Glacier","Streamline+1","Hologram+1","Compile Driver","Self Repair","Gash+1","Steam","All For One+1","Fission+1","Go for the Eyes+1","Necronomicurse","Loop","Turbo+1","Seek","Ball Lightning+1","Hyperbeam+1","Sweeping Beam+1","BootSequence+1","Redo+1","HandOfGreed+1","Finesse","All For One+1","Conserve Battery","Turbo","Defragment+1","Compile Driver+1","Madness","Madness","Double Energy+1","Sadistic Nature","Blind","Jack Of All Trades+1","Gash+1","Turbo+1","Beam Cell+1"],"relics":["Cracked Core","Membership Card","Dream Catcher","Darkstone Periapt","Molten Egg 2","Bloody Idol","Black Star","Necronomicon","MawBank","Whetstone","Meat on the Bone","Kunai","Letter Opener","Symbiotic Virus","Philosopher\u0027s Stone","Turnip","Unceasing Top","Art of War","Happy Flower","Smiling Mask","Shuriken","Question Card"],"potions_floor_usage":[6,8,16,33,33,46,50,50],"damage_taken":[{"damage":0,"enemies":"Small Slimes","floor":1,"turns":3},{"damage":3,"enemies":"Jaw Worm","floor":3,"turns":3},{"damage":5,"enemies":"2 Louse","floor":5,"turns":3},{"damage":22,"enemies":"3 Sentries","floor":6,"turns":10},{"damage":15,"enemies":"Lagavulin","floor":8,"turns":8},{"damage":2,"enemies":"Red Slaver","floor":10,"turns":5},{"damage":4,"enemies":"Large Slime","floor":11,"turns":4},{"damage":13,"enemies":"2 Fungi Beasts","floor":13,"turns":3},{"damage":6,"enemies":"The Guardian","floor":16,"turns":13},{"damage":10,"enemies":"3 Byrds","floor":18,"turns":6},{"damage":10,"enemies":"Spheric Guardian","floor":20,"turns":3},{"damage":42,"enemies":"Slavers","floor":23,"turns":7},{"damage":0,"enemies":"Centurion and Healer","floor":24,"turns":4},{"damage":5,"enemies":"Cultist and Chosen","floor":28,"turns":5},{"damage":17,"enemies":"Book of Stabbing","floor":30,"turns":3},{"damage":0,"enemies":"Chosen and Byrds","floor":31,"turns":3},{"damage":13,"enemies":"Champ","floor":33,"turns":7},{"damage":9,"enemies":"3 Shapes","floor":35,"turns":2},{"damage":10,"enemies":"Orb Walker","floor":36,"turns":2},{"damage":12,"enemies":"Writhing Mass","floor":37,"turns":5},{"damage":58,"enemies":"Nemesis","floor":41,"turns":5},{"damage":13,"enemies":"Reptomancer","floor":46,"turns":5},{"damage":0,"enemies":"Spire Growth","floor":48,"turns":2},{"damage":45,"enemies":"Time Eater","floor":50,"turns":9}],"seed_played":"1611704937556140099","potions_obtained":[{"floor":1,"key":"Fire Potion"},{"floor":5,"key":"PowerPotion"},{"floor":13,"key":"FearPotion"},{"floor":18,"key":"GamblersBrew"},{"floor":24,"key":"GamblersBrew"},{"floor":30,"key":"Dexterity Potion"},{"floor":33,"key":"Dexterity Potion"},{"floor":36,"key":"Fire Potion"},{"floor":41,"key":"SkillPotion"}],"is_trial":false,"path_per_floor":["M","?","M","$","M","E","$","E","T","M","M","R","M","?","R","B",null,"M","?","M","?","?","E","M","R","T","$","M","?","E","M","R","B",null,"M","M","M","$","?","R","E","?","T","?","R","E","R","M","R","B"],"character_chosen":"DEFECT","items_purchased":["Membership Card","Go for the Eyes","Hologram","Compile Driver","Turnip","Unceasing Top","HandOfGreed+1","Finesse","All For One+1","Conserve Battery","Turbo","Defragment","Compile Driver+1"],"campfire_rested":1,"item_purchase_floors":[4,4,7,7,38,38,38,38,38,38,38,38,38],"current_hp_per_floor":[75,80,77,77,72,50,50,35,35,40,43,43,30,30,30,31,74,71,71,68,68,58,28,45,50,55,60,72,77,68,78,80,72,80,76,75,80,80,70,70,29,19,24,24,48,59,59,69,69,46],"gold":157,"neow_bonus":"HUNDRED_GOLD","is_prod":false,"is_daily":false,"chose_seed":false,"campfire_upgraded":7,"win_rate":0,"timestamp":1540444539,"path_taken":["M","?","M","$","?","E","$","E","T","M","M","R","M","?","R","BOSS","M","?","M","?","?","E","M","R","T","$","M","?","E","M","R","BOSS","M","M","M","$","?","R","E","?","T","?","R","E","R","M","R","BOSS"],"build_version":"2018-10-23","purchased_purges":0,"victory":true,"max_hp_per_floor":[75,80,80,80,80,80,80,80,80,80,80,80,80,74,74,74,74,74,74,74,74,80,80,80,80,80,80,80,80,80,80,80,80,80,80,80,80,80,80,80,80,80,80,80,80,80,80,80,80,80],"card_choices":[{"not_picked":["Double Energy","Steam Power"],"picked":"Cold Snap","floor":1},{"not_picked":["Coolheaded","Fusion"],"picked":"Turbo","floor":3},{"not_picked":["Ball Lightning","Static Discharge"],"picked":"Glacier","floor":5},{"not_picked":["Self Repair","Double Energy"],"picked":"Streamline","floor":6},{"not_picked":["Compile Driver","Darkness"],"picked":"Self Repair","floor":8},{"not_picked":["Cold Snap+1","Rebound+1"],"picked":"Gash+1","floor":10},{"not_picked":["Self Repair","Undo"],"picked":"Steam","floor":11},{"not_picked":["Ball Lightning+1","FTL+1"],"picked":"All For One+1","floor":13},{"not_picked":["Buffer","Biased Cognition"],"picked":"Fission","floor":16},{"not_picked":["Cold Snap+1","Go for the Eyes+1"],"picked":"Rebound+1","floor":18},{"not_picked":["Conserve Battery","Gash+1"],"picked":"Go for the Eyes+1","floor":20},{"not_picked":["Ball Lightning+1","Rebound+1"],"picked":"Loop","floor":23},{"not_picked":["Go for the Eyes+1","Coolheaded","Skim"],"picked":"SKIP","floor":24},{"not_picked":["Barrage+1","Tempest"],"picked":"Turbo+1","floor":28},{"not_picked":["Sweeping Beam+1","Heatsinks"],"picked":"Seek","floor":30},{"not_picked":["Scrape+1","Steam"],"picked":"Ball Lightning+1","floor":31},{"not_picked":["Reboot","Amplify"],"picked":"Hyperbeam+1","floor":33},{"not_picked":["Auto Shields+1","Heatsinks+1"],"picked":"Sweeping Beam+1","floor":35},{"not_picked":["Compile Driver+1","Leap"],"picked":"BootSequence+1","floor":36},{"not_picked":["Ball Lightning+1","Turbo+1"],"picked":"Redo+1","floor":37},{"not_picked":["Gash+1","Go for the Eyes+1"],"picked":"Double Energy","floor":41},{"not_picked":["Panacea","PanicButton"],"picked":"Sadistic Nature","floor":42},{"not_picked":["Enlightenment","PanicButton"],"picked":"Blind","floor":42},{"not_picked":["Dark Shackles","Impatience"],"picked":"Jack Of All Trades","floor":42},{"not_picked":["Melter+1","Redo+1"],"picked":"Gash+1","floor":45},{"not_picked":["Coolheaded","Reinforced Body"],"picked":"Turbo+1","floor":46},{"not_picked":["Rip and Tear+1","Loop","Conserve Battery"],"picked":"Beam Cell+1","floor":48}],"player_experience":820644,"relics_obtained":[{"floor":6,"key":"Dream Catcher"},{"floor":8,"key":"Darkstone Periapt"},{"floor":9,"key":"Molten Egg 2"},{"floor":22,"key":"Necronomicon"},{"floor":23,"key":"MawBank"},{"floor":23,"key":"Whetstone"},{"floor":26,"key":"Meat on the Bone"},{"floor":30,"key":"Letter Opener"},{"floor":30,"key":"Symbiotic Virus"},{"floor":41,"key":"Art of War"},{"floor":41,"key":"Happy Flower"},{"floor":43,"key":"Smiling Mask"},{"floor":46,"key":"Shuriken"},{"floor":46,"key":"Question Card"}],"event_choices":[{"damage_healed":0,"gold_gain":0,"player_choice":"Donut","damage_taken":0,"max_hp_gain":5,"max_hp_loss":0,"event_name":"Big Fish","floor":2,"gold_loss":0},{"damage_healed":0,"gold_gain":0,"player_choice":"Lose Max HP","damage_taken":0,"relics_obtained":["Golden Idol"],"max_hp_gain":0,"max_hp_loss":6,"event_name":"Golden Idol","floor":14,"gold_loss":0},{"damage_healed":0,"gold_gain":0,"player_choice":"Simplicity","damage_taken":0,"max_hp_gain":0,"max_hp_loss":0,"event_name":"Back to Basics","floor":19,"gold_loss":0,"cards_upgraded":["Strike_B","Strike_B","Strike_B","Strike_B","Defend_B","Defend_B","Defend_B","Defend_B"]},{"damage_healed":0,"gold_gain":0,"player_choice":"Gave Idol","damage_taken":0,"relics_obtained":["Bloody Idol"],"max_hp_gain":0,"max_hp_loss":0,"event_name":"Forgotten Altar","floor":21,"relics_lost":["Golden Idol"],"gold_loss":0},{"damage_healed":0,"gold_gain":0,"player_choice":"Obtained Book","damage_taken":16,"max_hp_gain":0,"max_hp_loss":0,"event_name":"Cursed Tome","floor":22,"gold_loss":0},{"damage_healed":0,"gold_gain":0,"player_choice":"Obtained Relic","damage_taken":0,"relics_obtained":["Kunai"],"max_hp_gain":0,"max_hp_loss":0,"event_name":"Addict","floor":29,"gold_loss":85},{"damage_healed":0,"gold_gain":0,"player_choice":"Embrace Madness","damage_taken":10,"max_hp_gain":0,"max_hp_loss":0,"event_name":"Winding Halls","floor":39,"gold_loss":0,"cards_obtained":["Madness","Madness"]},{"damage_healed":0,"gold_gain":0,"player_choice":"Memory 3","damage_taken":10,"max_hp_gain":0,"max_hp_loss":0,"event_name":"SensoryStone","floor":42,"gold_loss":0},{"cards_removed":["Rebound"],"damage_healed":0,"gold_gain":0,"player_choice":"Removed Attack","damage_taken":0,"max_hp_gain":0,"max_hp_loss":0,"event_name":"Falling","floor":44,"gold_loss":0}],"is_beta":true,"boss_relics":[{"not_picked":["Orrery","Eternal Feather"],"picked":"Black Star"},{"not_picked":["Astrolabe","FrozenCore"],"picked":"Philosopher\u0027s Stone"}],"items_purged_floors":[],"is_endless":false,"potions_floor_spawned":[1,5,13,18,24,30,33,36,41],"ascension_level":0}