{"path_per_floor":["M","M","M","?","M","R","E","R","T","?","?","T","?","$","R","B",null,"M","?","M","?","M","R","E","M","T","T","?"],"character_chosen":"THE_SILENT","items_purchased":["Toolbox","Accuracy"],"gold_per_floor":[11,29,46,46,57,57,90,90,171,246,421,421,421,11,11,107,107,121,121,137,137,157,157,189,203,203,282,282],"floor_reached":29,"campfire_rested":2,"playtime":1717,"current_hp_per_floor":[68,65,63,60,54,54,27,48,48,37,37,37,30,30,30,30,70,53,37,25,25,19,40,25,21,21,21,8],"items_purged":["Strike_G"],"gold":282,"score":291,"play_id":"5a955de8-94d2-425c-b9bd-da08a9b1e830","is_prod":false,"is_daily":false,"is_ascension_mode":false,"campfire_upgraded":2,"path_taken":["M","M","M","?","?","R","E","R","T","?","?","?","?","$","R","BOSS","M","?","M","?","?","R","E","M","T","?","?","M"],"build_version":"2018-02-15-BETA1","purchased_purges":1,"victory":false,"master_deck":["Defend_G+1","Defend_G+1","Defend_G+1","Defend_G+1","Defend_G+1","Strike_G+1","Strike_G+1","Strike_G+1","Strike_G+1","Survivor","Neutralize","Tools of the Trade","Poisoned Stab","Backflip","Cloak And Dagger+1","Leg Sweep+1","Dagger Throw","Accuracy","After Image","Flying Knee","Heel Hook","Infinite Blades","Noxious Fumes"],"max_hp_per_floor":[70,70,70,70,70,70,70,70,70,70,70,70,70,70,70,70,70,70,70,70,70,70,70,70,70,70,70,75],"relics":["Ring of the Snake","Ginger","Tingsha","Kunai","Ornamental Fan","Toolbox","Sozu","Nilry\u0027s Codex","Anchor","Unceasing Top","Toxic Egg 2"],"card_choices":[{"not_picked":["Doppelganger","A Thousand Cuts"],"picked":"Tools of the Trade"},{"not_picked":["Prepared","Bane"],"picked":"Poisoned Stab"},{"not_picked":["Quick Slash","Flying Knee"],"picked":"Backflip"},{"not_picked":["Doppelganger","Deadly Poison"],"picked":"Cloak And Dagger"},{"not_picked":["Poisoned Stab","Choke"],"picked":"Leg Sweep"},{"not_picked":["Wraith Form","Deflect"],"picked":"Dagger Throw"},{"not_picked":["Corpse Explosion","Venomology"],"picked":"After Image"},{"not_picked":["Crippling Poison","Backflip"],"picked":"Flying Knee"},{"not_picked":["Crippling Poison","Dagger Throw"],"picked":"Heel Hook"},{"not_picked":["All Out Attack","Quick Slash"],"picked":"Infinite Blades"},{"not_picked":["Prepared","Bouncing Flask"],"picked":"Noxious Fumes"}],"player_experience":214864,"potions_floor_usage":[7,16],"damage_taken":[{"damage":2,"enemies":"Cultist","floor":1,"turns":4},{"damage":3,"enemies":"Jaw Worm","floor":2,"turns":4},{"damage":2,"enemies":"Small Slimes","floor":3,"turns":3},{"damage":6,"enemies":"Gremlin Gang","floor":5,"turns":5},{"damage":27,"enemies":"Lagavulin","floor":7,"turns":9},{"damage":0,"enemies":"Hexaghost","floor":16,"turns":12},{"damage":17,"enemies":"2 Thieves","floor":18,"turns":4},{"damage":12,"enemies":"3 Byrds","floor":20,"turns":3},{"damage":6,"enemies":"Centurion and Healer","floor":22,"turns":6},{"damage":15,"enemies":"Gremlin Leader","floor":24,"turns":11},{"damage":4,"enemies":"Snecko","floor":25,"turns":5},{"damage":22,"enemies":"Chosen and Byrds","floor":29,"turns":5}],"event_choices":[{"event_name":"Scrap Ooze","player_choice":"success","floor":4,"damage_taken":3},{"event_name":"World of Goop","player_choice":"Gather Gold","floor":10,"damage_taken":0},{"event_name":"Liars Game","player_choice":"agreed","floor":11,"damage_taken":0},{"event_name":"Golden Wing","player_choice":"Card Removal","floor":13,"damage_taken":0},{"event_name":"Cursed Tome","player_choice":"Obtained Book","floor":19,"damage_taken":0},{"event_name":"Back to Basics","player_choice":"Simplicity","floor":21,"damage_taken":0},{"event_name":"Forgotten Altar","player_choice":"Shed Blood","floor":28,"damage_taken":0}],"boss_relics":[{"not_picked":["The Specimen","Question Card"],"picked":"Sozu"}],"potions_floor_spawned":[2,3,16,18,20,22,24],"seed_played":"3209474154109129898","killed_by":"Chosen and Byrds","ascension_level":0,"is_trial":false}