{"path_per_floor":["M","M","M","?","$","R","?","R","T","M","E","M","R","M","R","B",null,"M","M","?","?"],"character_chosen":"THE_SILENT","items_purchased":[],"gold_per_floor":[112,127,145,145,70,70,20,20,74,94,119,139,139,156,156,260,260,274,290,205,230],"floor_reached":22,"campfire_rested":0,"playtime":1151,"current_hp_per_floor":[63,58,53,58,58,58,58,58,58,45,26,26,26,24,24,19,68,67,57,64,21],"items_purged":["Defend_G"],"gold":230,"score":186,"play_id":"9cc305b7-3ef3-4567-8562-d6c69493fdc5","is_prod":false,"is_daily":false,"is_ascension_mode":false,"campfire_upgraded":4,"path_taken":["M","M","?","?","$","R","?","R","T","M","E","?","R","M","R","BOSS","M","M","?","?","?"],"build_version":"2018-02-16-BETA2","purchased_purges":1,"victory":false,"master_deck":["Defend_G","Defend_G+1","Defend_G+1","Strike_G","Strike_G","Strike_G","Survivor","Neutralize+1","Footwork+1","Accuracy","Backflip+1","Accuracy","PiercingWail","Flying Knee+1","After Image","Blur"],"max_hp_per_floor":[63,63,63,68,68,68,68,68,68,68,68,68,68,68,68,68,68,68,68,75,75],"relics":["Ring of the Snake","War Paint","Oddly Smooth Stone","Black Star","Strawberry","Red Mask"],"card_choices":[{"not_picked":["PiercingWail","Blade Dance"],"picked":"Footwork"},{"not_picked":["Dodge and Roll","Sucker Punch"],"picked":"Accuracy"},{"not_picked":["Quick Slash","Tactician"],"picked":"Backflip"},{"not_picked":["Reflex","Outmaneuver"],"picked":"Accuracy"},{"not_picked":["Dagger Spray","Underhanded Strike"],"picked":"PiercingWail"},{"not_picked":["Prepared","Poisoned Stab"],"picked":"Flying Knee"},{"not_picked":["Grand Finale","Unload"],"picked":"After Image"},{"not_picked":["Dagger Throw","Concentrate"],"picked":"Blur"}],"player_experience":221572,"potions_floor_usage":[11,11,16,19,21],"damage_taken":[{"damage":0,"enemies":"Cultist","floor":1,"turns":4},{"damage":5,"enemies":"2 Louse","floor":2,"turns":3},{"damage":5,"enemies":"Jaw Worm","floor":3,"turns":6},{"damage":13,"enemies":"2 Fungi Beasts","floor":10,"turns":5},{"damage":19,"enemies":"Lagavulin","floor":11,"turns":11},{"damage":0,"enemies":"Blue Slaver","floor":12,"turns":5},{"damage":2,"enemies":"Exordium Wildlife","floor":14,"turns":5},{"damage":5,"enemies":"The Guardian","floor":16,"turns":12},{"damage":1,"enemies":"Spheric Guardian","floor":18,"turns":10},{"damage":10,"enemies":"Chosen","floor":19,"turns":12},{"damage":43,"enemies":"Masked Bandits","floor":21,"turns":11},{"damage":31,"enemies":"Snecko","floor":22,"turns":10}],"event_choices":[{"event_name":"Big Fish","player_choice":"Donut","floor":4,"damage_taken":0},{"event_name":"The Cleric","player_choice":"Card Removal","floor":7,"damage_taken":0},{"event_name":"Addict","player_choice":"Obtained Relic","floor":20,"damage_taken":0},{"event_name":"Masked Bandits","player_choice":"Fought over 205 gold","floor":21,"damage_taken":0}],"boss_relics":[{"not_picked":["Snecko Eye","Orrery"],"picked":"Black Star"}],"potions_floor_spawned":[2,10,14,16,18],"seed_played":"5211176791282254942","killed_by":"Snecko","ascension_level":0,"is_trial":false}