{"gold_per_floor":[12,25,43,56,56,87,87,87,87,87,101,66,85,99,99,202,202,216,231,231,506,33,67,86,86,116,116,127,127,144,154,154,251,251,265,265,280,46,46,46,58,23,23,23,35,35,49,59,59,59],"floor_reached":50,"playtime":2538,"items_purged":["Regret"],"score":518,"play_id":"f17aeeff-8986-4a6b-9c54-b1d0a1da7bca","local_time":"20180823014000","is_ascension_mode":false,"campfire_choices":[{"data":"Neutralize","floor":7.0,"key":"SMITH"},{"data":"Poisoned Stab","floor":10.0,"key":"SMITH"},{"data":"Cloak And Dagger","floor":15.0,"key":"SMITH"},{"floor":25.0,"key":"REST"},{"floor":27.0,"key":"REST"},{"floor":32.0,"key":"REST"},{"data":"Bullet Time","floor":40,"key":"SMITH"},{"data":"Catalyst","floor":44,"key":"SMITH"},{"floor":46,"key":"REST"},{"floor":49,"key":"REST"}],"neow_cost":"NO_GOLD","seed_source_timestamp":0,"circlet_count":0,"master_deck":["Defend_G+1","Defend_G+1","Defend_G+1","Defend_G+1","Strike_G+1","Strike_G+1","Strike_G+1","Strike_G+1","Survivor","Neutralize+1","Masterful Stab","Doppelganger","Dagger Spray","Sucker Punch+1","Prepared","Poisoned Stab+1","Blade Dance","Leg Sweep","Cloak And Dagger+1","Backflip","Corpse Explosion","Quick Slash","Well Laid Plans","Flash of Steel","Forethought","Forethought","Calculated Gamble","Noxious Fumes","Catalyst+1","Heel Hook","Injury","Deflect","Bullet Time+1","Finisher+1","Venomology","Riddle With Holes+1","Parasite","Dash+1","Footwork+1","Deadly Poison+1","Deadly Poison+1","Riddle With Holes","Pain","Terror","Choke+1","Venomology"],"special_seed":0,"relics":["Ring of the Snake","Bag of Preparation","Boot","Cursed Key","Paper Crane","Frozen Egg 2","Tiny Chest","White Beast Statue","Meat on the Bone","Lee\u0027s Waffle","Nunchaku","Blue Candle"],"potions_floor_usage":[33,33,35,37,37,39,41,41,45,47,47,47,50,50,50],"damage_taken":[{"damage":0.0,"enemies":"2 Louse","floor":1.0,"turns":3.0},{"damage":2.0,"enemies":"Small Slimes","floor":2.0,"turns":3.0},{"damage":1.0,"enemies":"Jaw Worm","floor":3.0,"turns":4.0},{"damage":6.0,"enemies":"Blue Slaver","floor":4.0,"turns":4.0},{"damage":14.0,"enemies":"Gremlin Nob","floor":6.0,"turns":4.0},{"damage":0.0,"enemies":"Exordium Thugs","floor":11.0,"turns":3.0},{"damage":2.0,"enemies":"Looter","floor":13.0,"turns":3.0},{"damage":0.0,"enemies":"Exordium Wildlife","floor":14.0,"turns":1.0},{"damage":20.0,"enemies":"The Guardian","floor":16.0,"turns":13.0},{"damage":6.0,"enemies":"2 Thieves","floor":18.0,"turns":2.0},{"damage":0.0,"enemies":"3 Byrds","floor":19.0,"turns":2.0},{"damage":32.0,"enemies":"Slavers","floor":23.0,"turns":2.0},{"damage":0.0,"enemies":"3 Cultists","floor":24.0,"turns":2.0},{"damage":21.0,"enemies":"Chosen and Byrds","floor":28.0,"turns":5.0},{"damage":9.0,"enemies":"Shelled Parasite and Fungi","floor":30.0,"turns":4.0},{"damage":14.0,"enemies":"Snecko","floor":31.0,"turns":6.0},{"damage":29,"enemies":"Collector","floor":33,"turns":7},{"damage":48,"enemies":"Flame Bruiser 1 Orb","floor":35,"turns":7},{"damage":1,"enemies":"3 Darklings","floor":37,"turns":2},{"damage":17,"floor":39,"turns":6},{"damage":16,"enemies":"Sphere and 2 Shapes","floor":41,"turns":6},{"damage":22,"enemies":"Spire Growth","floor":45,"turns":4},{"damage":5,"enemies":"Jaw Worm Horde","floor":47,"turns":4},{"damage":43,"enemies":"Sphere and 2 Shapes","floor":48,"turns":7},{"damage":58,"enemies":"Time Eater","floor":50,"turns":10}],"seed_played":"5645045088134711264","potions_obtained":[{"floor":1.0,"key":"SpeedPotion"},{"floor":6.0,"key":"Block Potion"},{"floor":13.0,"key":"SteroidPotion"},{"floor":14.0,"key":"Ancient Potion"},{"floor":23.0,"key":"Dexterity Potion"},{"floor":28.0,"key":"Strength Potion"},{"floor":31.0,"key":"Energy Potion"},{"floor":33,"key":"Ancient Potion"},{"floor":35,"key":"Dexterity Potion"},{"floor":37,"key":"Dexterity Potion"},{"floor":39,"key":"GhostInAJar"},{"floor":41,"key":"Swift Potion"},{"floor":45,"key":"FearPotion"},{"floor":47,"key":"Strength Potion"},{"floor":48,"key":"SteroidPotion"}],"is_trial":false,"path_per_floor":["M","M","M","M","?","E","R","?","T","R","M","?","M","M","R","B",null,"M","M","?","?","$","E","M","R","T","R","M","?","M","M","R","B",null,"M","T","M","$","?","R","M","$","T","R","M","R","M","M","R"],"character_chosen":"THE_SILENT","items_purchased":["Paper Crane","Calculated Gamble","Noxious Fumes","Lee\u0027s Waffle","Footwork+1","Riddle With Holes"],"campfire_rested":5,"item_purchase_floors":[22,22,22,38,38,42],"current_hp_per_floor":[70,68,67,61,66,52,52,37,37,37,37,55,53,53,53,33,75,69,69,41,41,41,9,9,31,31,53,32,32,23,9,31,2,75,27,27,43,82,65,65,49,49,49,49,39,63,58,27,51,0],"gold":59,"neow_bonus":"TRANSFORM_TWO_CARDS","is_prod":false,"is_daily":false,"chose_seed":false,"campfire_upgraded":5,"win_rate":0,"timestamp":1534977600,"path_taken":["M","M","M","M","?","E","R","?","T","R","?","?","M","?","R","BOSS","M","M","?","?","?","E","M","R","T","R","?","?","M","?","R","BOSS","M","?","?","$","?","R","M","?","T","R","?","R","M","M","R","BOSS"],"build_version":"2018-08-21","purchased_purges":1,"victory":false,"max_hp_per_floor":[70,70,70,70,75,75,75,75,75,75,75,75,75,75,75,75,75,75,75,75,75,75,75,75,75,75,75,75,75,75,75,75,75,75,75,75,75,82,82,82,82,82,82,82,82,82,82,82,82,82],"card_choices":[{"not_picked":["Backflip","Concentrate"],"picked":"Dagger Spray","floor":1.0},{"not_picked":["Outmaneuver","Slice"],"picked":"Sucker Punch","floor":2.0},{"not_picked":["Bane","Catalyst"],"picked":"Prepared","floor":3.0},{"not_picked":["Acrobatics","Prepared"],"picked":"Poisoned Stab","floor":4.0},{"not_picked":["Endless Agony","Slice"],"picked":"Blade Dance","floor":6.0},{"not_picked":["Phantasmal Killer","Eviscerate"],"picked":"Leg Sweep","floor":11.0},{"not_picked":["Setup","Slice"],"picked":"Cloak And Dagger","floor":13.0},{"not_picked":["Deadly Poison","Bouncing Flask"],"picked":"Backflip","floor":14.0},{"not_picked":["Phantasmal Killer","Grand Finale"],"picked":"Corpse Explosion","floor":16.0},{"not_picked":["Infinite Blades","Bane"],"picked":"Quick Slash","floor":18.0},{"not_picked":["Acrobatics","Quick Slash"],"picked":"Well Laid Plans","floor":19.0},{"not_picked":["Poisoned Stab","Dodge and Roll"],"picked":"Catalyst","floor":23.0},{"not_picked":["PiercingWail","Leg Sweep"],"picked":"Heel Hook","floor":24.0},{"not_picked":["Prepared","Acrobatics"],"picked":"Deflect","floor":28.0},{"not_picked":["Concentrate","Prepared+1"],"picked":"Bullet Time","floor":30.0},{"not_picked":["Acrobatics","All Out Attack"],"picked":"Finisher+1","floor":31.0},{"not_picked":["Envenom+1","Night Terror"],"picked":"Venomology","floor":33},{"not_picked":["Catalyst+1","Slice+1"],"picked":"Riddle With Holes+1","floor":35},{"not_picked":["Choke+1","Slice"],"picked":"Dash+1","floor":37},{"not_picked":["Crippling Poison+1","Dodge and Roll"],"picked":"Deadly Poison+1","floor":39},{"not_picked":["Well Laid Plans+1","Eviscerate"],"picked":"Deadly Poison+1","floor":41},{"not_picked":["Calculated Gamble","Prepared"],"picked":"Terror","floor":45},{"not_picked":["Backflip","All Out Attack"],"picked":"Choke+1","floor":47},{"not_picked":["Deflect+1","Slice"],"picked":"Venomology","floor":48}],"player_experience":645690,"relics_obtained":[{"floor":6.0,"key":"Bag of Preparation"},{"floor":9.0,"key":"Boot"},{"floor":23.0,"key":"Frozen Egg 2"},{"floor":26.0,"key":"Tiny Chest"},{"floor":36,"key":"Meat on the Bone"},{"floor":39,"key":"Nunchaku"},{"floor":43,"key":"Blue Candle"}],"event_choices":[{"event_name":"Big Fish","player_choice":"Donut","floor":5.0,"damage_taken":0.0},{"event_name":"Shining Light","player_choice":"Entered Light","floor":8.0,"damage_taken":0.0},{"event_name":"The Cleric","player_choice":"Healed","floor":12.0,"damage_taken":0.0},{"event_name":"Knowing Skull","player_choice":"CARD CARD CARD ","floor":20.0,"damage_taken":0.0},{"event_name":"Golden Shrine","player_choice":"Desecrate","floor":21.0,"damage_taken":0.0},{"event_name":"Back to Basics","player_choice":"Simplicity","floor":29.0,"damage_taken":0.0},{"event_name":"MindBloom","player_choice":"Fight","floor":39,"damage_taken":0}],"is_beta":true,"boss_relics":[{"not_picked":["Astrolabe","Empty Cage"],"picked":"Cursed Key"},{"not_picked":["Busted Crown","Runic Dome"],"picked":"White Beast Statue"}],"items_purged_floors":[22],"is_endless":false,"potions_floor_spawned":[1,6,13,14,23,28,31,33,35,37,39,41,45,47,48],"killed_by":"Time Eater","ascension_level":0}