{"gold_per_floor":[16,16,32,107,107,107,134,134,161,191,205,205,216,234,234,234],"floor_reached":16,"playtime":658,"items_purged":[],"score":110,"play_id":"8edbc17f-5d45-48e5-b670-d3e1d291b61d","local_time":"20180814063228","is_ascension_mode":false,"campfire_choices":[{"data":"Armaments","floor":6.0,"key":"SMITH"},{"data":"Bash","floor":8.0,"key":"SMITH"},{"data":"Ghostly Armor","floor":12.0,"key":"SMITH"},{"data":"Clash","floor":15.0,"key":"SMITH"}],"neow_cost":"NO_GOLD","seed_source_timestamp":0,"circlet_count":0,"master_deck":["Strike_R","Strike_R","Strike_R","Strike_R","Strike_R","Defend_R","Defend_R","Defend_R","Defend_R","Bash+1","Armaments+1","Thunderclap","Ghostly Armor+1","Shrug It Off","Pummel","Clash+1","Power Through"],"special_seed":0,"relics":["Burning Blood","Gambling Chip","Smiling Mask","Oddly Smooth Stone","Vajra","Turnip"],"potions_floor_usage":[16,16],"damage_taken":[{"damage":5.0,"enemies":"Small Slimes","floor":1.0,"turns":4.0},{"damage":7.0,"enemies":"2 Louse","floor":3.0,"turns":2.0},{"damage":34.0,"enemies":"Gremlin Nob","floor":7.0,"turns":5.0},{"damage":9.0,"enemies":"3 Sentries","floor":10.0,"turns":8.0},{"damage":0.0,"enemies":"Jaw Worm","floor":11.0,"turns":2.0},{"damage":1.0,"enemies":"Gremlin Gang","floor":13.0,"turns":6.0},{"damage":6.0,"enemies":"Blue Slaver","floor":14.0,"turns":2.0},{"damage":36,"enemies":"Hexaghost","floor":16,"turns":14}],"seed_played":"-7432084177290840585","potions_obtained":[{"floor":3.0,"key":"SteroidPotion"},{"floor":7.0,"key":"Weak Potion"},{"floor":11.0,"key":"SpeedPotion"},{"floor":13.0,"key":"Weak Potion"}],"is_trial":false,"path_per_floor":["M","?","M","?","?","R","E","R","T","E","M","R","M","M","R"],"character_chosen":"IRONCLAD","items_purchased":[],"campfire_rested":0,"item_purchase_floors":[],"current_hp_per_floor":[80,85,84,73,55,55,27,27,27,24,30,30,35,35,35,0],"gold":234,"neow_bonus":"ONE_RARE_RELIC","is_prod":false,"is_daily":false,"chose_seed":false,"campfire_upgraded":4,"win_rate":0,"timestamp":1534217548,"path_taken":["M","?","M","?","?","R","E","R","T","E","M","R","M","M","R","BOSS"],"build_version":"2018-08-08","purchased_purges":0,"victory":false,"max_hp_per_floor":[80,85,85,85,85,85,85,85,85,85,85,85,85,85,85,85],"card_choices":[{"not_picked":["Rage","Evolve"],"picked":"Armaments","floor":1.0},{"not_picked":["Seeing Red","Metallicize"],"picked":"Thunderclap","floor":3.0},{"not_picked":["Sentinel","Thunderclap"],"picked":"Ghostly Armor","floor":7.0},{"not_picked":["Searing Blow","Metallicize"],"picked":"Shrug It Off","floor":10.0},{"not_picked":["Rage","Twin Strike"],"picked":"Pummel","floor":11.0},{"not_picked":["Sword Boomerang","Body Slam"],"picked":"Clash","floor":13.0},{"not_picked":["Body Slam","Armaments"],"picked":"Power Through","floor":14.0}],"player_experience":634018,"relics_obtained":[{"floor":7.0,"key":"Oddly Smooth Stone"},{"floor":9.0,"key":"Vajra"},{"floor":10.0,"key":"Turnip"}],"event_choices":[{"event_name":"Big Fish","player_choice":"Donut","floor":2.0,"damage_taken":0.0},{"event_name":"World of Goop","player_choice":"Gather Gold","floor":4.0,"damage_taken":0.0},{"event_name":"Scrap Ooze","player_choice":"success","floor":5.0,"damage_taken":18.0}],"is_beta":true,"boss_relics":[],"items_purged_floors":[],"is_endless":false,"potions_floor_spawned":[3,7,11,13],"killed_by":"Hexaghost","ascension_level":0}