{"gold_per_floor":[110,121,134,150,165,165,197,197,278,304,304,324,324,349,349,454,454,441,441,366,281,201,201,219,246,272,272,283,312,326,352,352,451,451,464,480,480,496,516,516,543,543,543,573,585,619,619,619,619,619],"floor_reached":51,"playtime":4254,"items_purged":["Strike_R","Strike_R","Strike_R"],"score":1316,"play_id":"f0c9a44e-82a1-4494-baa2-54ad46d7f336","local_time":"20190501022700","is_ascension_mode":true,"campfire_choices":[{"data":"Metallicize","floor":6,"key":"SMITH"},{"data":"Disarm","floor":8,"key":"SMITH"},{"data":"Cleave","floor":13,"key":"SMITH"},{"data":"Bash","floor":15,"key":"SMITH"},{"data":"Disarm","floor":23,"key":"SMITH"},{"data":"Heavy Blade","floor":32,"key":"SMITH"},{"data":"Double Tap","floor":40,"key":"SMITH"},{"data":"Double Tap","floor":47,"key":"SMITH"},{"floor":49,"key":"REST"}],"neow_cost":"","seed_source_timestamp":481083071244090,"circlet_count":0,"master_deck":["Strike_R","Strike_R","Defend_R","Defend_R","Bash+1","Metallicize+1","Metallicize+1","Disarm+1","Trip","Double Tap+1","Cleave+1","strawberrySpire:DangerMountain+1","Shrug It Off","Inflame+1","Feed+1","Disarm+1","True Grit+1","Infernal Blade+1","strawberrySpire:FortFortyFour+1","Sentinel+1","Heavy Blade+1","Inflame+1","strawberrySpire:FortFortyFour+1","Seeing Red+1","Spot Weakness+1","Heavy Blade+1","Heavy Blade+1","Strike_R","Strike_R","Strike_R","Strike_R","Defend_R","Defend_R","Defend_R","Defend_R","Bash+1","Bash+1","Metallicize+1","Metallicize+1","Metallicize+1","Metallicize+1","Disarm+1","Disarm+1","Trip","Double Tap+1","Double Tap","Cleave+1","Cleave+1","strawberrySpire:DangerMountain+1","strawberrySpire:DangerMountain+1","Shrug It Off","Shrug It Off","Inflame+1","Inflame+1","Feed+1","Feed+1","Disarm+1","Disarm+1","True Grit+1","True Grit+1","Infernal Blade+1","Infernal Blade+1","strawberrySpire:FortFortyFour+1","strawberrySpire:FortFortyFour+1","Sentinel+1","Sentinel+1","Heavy Blade+1","Heavy Blade+1","Inflame+1","Inflame+1","strawberrySpire:FortFortyFour+1","strawberrySpire:FortFortyFour+1","Seeing Red+1","Seeing Red+1","Spot Weakness+1","Spot Weakness+1","Heavy Blade+1","Heavy Blade+1","Heavy Blade+1","Heavy Blade+1","Headbutt+1","strawberrySpire:ZonePlayer+1","Juggernaut+1","Whirlwind+1","Disarm+1","Shrug It Off+1"],"relics":["Burning Blood","strawberrySpire:ShipInABottle","Omamori","ClockworkSouvenir","Frozen Egg 2","Magic Flower","Blood Vial","Shuriken","Charon\u0027s Ashes","Boot","energizedSpire:DeadBattery","Pen Nib","strawberrySpire:TannedGloves","Bottled Tornado","Art of War","Self Forming Clay","Turnip","PreservedInsect","strawberrySpire:Dictionifier","Strawberry","Toxic Egg 2","Dream Catcher","Ornamental Fan","Happy Flower"],"potions_floor_usage":[14,16,24,28,31,50,50,50],"damage_taken":[{"damage":3,"enemies":"Cultist","floor":1,"turns":5},{"damage":2,"enemies":"2 Louse","floor":2,"turns":4},{"damage":0,"enemies":"Small Slimes","floor":3,"turns":4},{"damage":6,"enemies":"Looter","floor":4,"turns":4},{"damage":2,"enemies":"Large Slime","floor":5,"turns":13},{"damage":6,"enemies":"3 Sentries","floor":7,"turns":11},{"damage":9,"enemies":"Lagavulin","floor":10,"turns":7},{"damage":0,"enemies":"Red Slaver","floor":12,"turns":4},{"damage":14,"enemies":"Gremlin Nob","floor":14,"turns":4},{"damage":11,"enemies":"The Guardian","floor":16,"turns":13},{"damage":12,"enemies":"2 Thieves","floor":18,"turns":4},{"damage":10,"enemies":"3 Byrds","floor":24,"turns":4},{"damage":4,"enemies":"strawberrySpire:AncientClocktower","floor":25,"turns":12},{"damage":0,"enemies":"3 Cultists","floor":28,"turns":2},{"damage":0,"enemies":"Slavers","floor":29,"turns":5},{"damage":0,"enemies":"Snecko","floor":30,"turns":4},{"damage":14,"enemies":"Book of Stabbing","floor":31,"turns":4},{"damage":63,"enemies":"Automaton","floor":33,"turns":12},{"damage":0,"enemies":"3 Shapes","floor":35,"turns":3},{"damage":0,"enemies":"3 Darklings","floor":36,"turns":5},{"damage":0,"enemies":"Maw","floor":38,"turns":8},{"damage":8,"enemies":"Spire Growth","floor":39,"turns":6},{"damage":36,"enemies":"strawberrySpire:EssenceStones","floor":41,"turns":6},{"damage":10,"enemies":"Nemesis","floor":44,"turns":5},{"damage":30,"enemies":"4 Shapes","floor":45,"turns":9},{"damage":3,"enemies":"Giant Head","floor":46,"turns":7},{"damage":18,"enemies":"Awakened One","floor":50,"turns":8}],"seed_played":"-7837329109415061905","potions_obtained":[{"floor":3,"key":"Ancient Potion"},{"floor":4,"key":"FearPotion"},{"floor":14,"key":"AttackPotion"},{"floor":16,"key":"Energy Potion"},{"floor":18,"key":"AttackPotion"},{"floor":25,"key":"AttackPotion"},{"floor":31,"key":"SteroidPotion"},{"floor":33,"key":"SkillPotion"},{"floor":35,"key":"PowerPotion"}],"is_trial":false,"path_per_floor":["M","M","M","M","M","R","E","R","T","E","?","M","R","E","R","B",null,"M","?","?","?","?","R","M","E","T","T","M","E","M","E","R","B",null,"M","M","?","M","M","R","E","?","T","E","M","E","R","T","R","B",null],"character_chosen":"IRONCLAD","items_purchased":["strawberrySpire:ShipInABottle","Omamori","ClockworkSouvenir","Metallicize","Frozen Egg 2","Magic Flower","Metallicize+1","Disarm","Trip"],"campfire_rested":1,"item_purchase_floors":[0,0,0,0,0,0,0,0,0],"current_hp_per_floor":[80,80,80,80,80,80,80,80,80,80,80,80,80,75,75,76,80,77,62,62,62,85,85,89,93,93,93,93,93,93,94,94,49,101,101,101,67,85,95,95,90,90,90,98,92,107,107,107,140,137],"gold":619,"neow_bonus":"","is_prod":false,"is_daily":false,"chose_seed":false,"campfire_upgraded":8,"win_rate":0,"timestamp":1556666820,"path_taken":["M","M","?","M","M","R","E","R","T","E","?","M","R","E","R","BOSS","M","?","?","?","?","R","M","E","T","?","M","E","M","E","R","BOSS","M","M","?","M","M","R","E","?","T","E","M","E","R","?","R","BOSS"],"build_version":"2019-01-23","purchased_purges":3,"victory":true,"max_hp_per_floor":[80,80,80,80,80,80,80,80,80,80,80,80,80,80,80,80,80,80,85,85,85,85,85,89,93,93,93,93,93,93,97,97,101,101,101,101,101,105,109,109,124,124,124,128,136,140,140,140,140,144],"card_choices":[{"not_picked":["Clash","Combust+1"],"picked":"Armaments+1","floor":1},{"not_picked":["Thunderclap","Blood for Blood+1","Pommel Strike"],"picked":"SKIP","floor":2},{"not_picked":["Sword Boomerang+1","True Grit"],"picked":"Double Tap","floor":3},{"not_picked":["Heavy Blade+1","Hemokinesis","Flex"],"picked":"SKIP","floor":4},{"not_picked":["Blood for Blood+1","Havoc"],"picked":"Cleave","floor":5},{"not_picked":["strawberrySpire:Taunt","Burning Pact"],"picked":"strawberrySpire:DangerMountain+1","floor":7},{"not_picked":["strawberrySpire:Taunt+1","strawberrySpire:DebrisPile"],"picked":"Shrug It Off","floor":10},{"not_picked":["Clash","Pummel+1"],"picked":"Inflame+1","floor":12},{"not_picked":["strawberrySpire:Spite","Heavy Blade+1","Corruption+1"],"picked":"SKIP","floor":14},{"not_picked":["Offering","Reaper"],"picked":"Feed+1","floor":16},{"not_picked":["Havoc+1","Wild Strike+1"],"picked":"Disarm","floor":18},{"not_picked":["Wild Strike","strawberrySpire:GettingOverIt"],"picked":"True Grit+1","floor":24},{"not_picked":["Havoc","strawberrySpire:Aggression+1"],"picked":"Infernal Blade+1","floor":25},{"not_picked":["Iron Wave","True Grit"],"picked":"strawberrySpire:FortFortyFour+1","floor":28},{"not_picked":["strawberrySpire:DebrisPile","Havoc+1"],"picked":"Sentinel+1","floor":29},{"not_picked":["Searing Blow+2","strawberrySpire:Endurance"],"picked":"Heavy Blade","floor":30},{"not_picked":["Armaments+1","Thunderclap+1"],"picked":"Inflame+1","floor":31},{"not_picked":["Exhume","strawberrySpire:Harvest"],"picked":"strawberrySpire:FortFortyFour+1","floor":33},{"not_picked":["strawberrySpire:Endurance+1","Wild Strike"],"picked":"Seeing Red+1","floor":35},{"not_picked":["Havoc+1","Feel No Pain+1"],"picked":"Spot Weakness+1","floor":36},{"not_picked":["Reckless Charge+1","Evolve+1"],"picked":"Headbutt+1","floor":38},{"not_picked":["True Grit+1","Battle Trance"],"picked":"strawberrySpire:ZonePlayer+1","floor":39},{"not_picked":["Carnage+1","Flex+1","Dropkick+1"],"picked":"SKIP","floor":41},{"not_picked":["strawberrySpire:ZonePlayer+1","Clothesline+1"],"picked":"Juggernaut+1","floor":44},{"not_picked":["Flex+1","Havoc+1"],"picked":"Whirlwind+1","floor":45},{"not_picked":["Bludgeon+1","Anger"],"picked":"Disarm+1","floor":46},{"not_picked":["Battle Trance+1","strawberrySpire:FireDrill+1"],"picked":"Shrug It Off+1","floor":49}],"player_experience":126629,"relics_obtained":[{"floor":7,"key":"Blood Vial"},{"floor":9,"key":"Shuriken"},{"floor":10,"key":"Charon\u0027s Ashes"},{"floor":14,"key":"Boot"},{"floor":25,"key":"Bottled Tornado"},{"floor":26,"key":"Art of War"},{"floor":27,"key":"Self Forming Clay"},{"floor":29,"key":"Turnip"},{"floor":31,"key":"PreservedInsect"},{"floor":41,"key":"Strawberry"},{"floor":43,"key":"Toxic Egg 2"},{"floor":44,"key":"Dream Catcher"},{"floor":46,"key":"Ornamental Fan"},{"floor":48,"key":"Happy Flower"}],"event_choices":[{"cards_removed":["Defend_R"],"damage_healed":0,"gold_gain":0,"player_choice":"Offered Basic","damage_taken":0,"max_hp_gain":0,"max_hp_loss":0,"event_name":"Bonfire Elementals","floor":11,"gold_loss":0},{"damage_healed":0,"gold_gain":0,"player_choice":"Shed Blood","damage_taken":20,"max_hp_gain":5,"max_hp_loss":0,"event_name":"Forgotten Altar","floor":19,"gold_loss":0},{"cards_removed":["Defend_R"],"damage_healed":0,"gold_gain":0,"player_choice":"Gave Gold","damage_taken":0,"max_hp_gain":0,"max_hp_loss":0,"event_name":"Beggar","floor":20,"gold_loss":75},{"damage_healed":0,"gold_gain":0,"player_choice":"Obtained Relic","damage_taken":0,"relics_obtained":["Pen Nib"],"max_hp_gain":0,"max_hp_loss":0,"event_name":"Addict","floor":21,"gold_loss":85},{"cards_removed":["Trip"],"damage_healed":0,"gold_gain":0,"player_choice":"Removed Skill","damage_taken":0,"max_hp_gain":0,"max_hp_loss":0,"event_name":"Falling","floor":42,"gold_loss":0}],"is_beta":false,"boss_relics":[{"not_picked":["Eternal Feather","Ectoplasm"],"picked":"energizedSpire:DeadBattery"},{"not_picked":["energizedSpire:CursedPentagram","Black Star"],"picked":"strawberrySpire:Dictionifier"}],"items_purged_floors":[0,0,0],"is_endless":false,"potions_floor_spawned":[3,4,14,16,18,25,31,33,35,38,39,41],"ascension_level":1}