{"path_per_floor":["M","M","M","M","?","R","$","R","T","M","?","T","M","E","R","B",null,"M","M"],"character_chosen":"IRONCLAD","items_purchased":["Tiny Chest","Rampage","Bandage Up"],"gold_per_floor":[109,122,135,148,398,398,34,34,34,52,82,82,97,127,127,230,230,244,259,259],"floor_reached":20,"campfire_rested":0,"playtime":1368,"current_hp_per_floor":[72,69,72,58,58,58,58,58,58,59,57,57,55,61,61,31,72,43,20,0],"items_purged":["Regret"],"gold":259,"score":176,"play_id":"8ed6bae7-063a-4312-a708-d548601eb0f4","local_time":"20180511143218","is_prod":false,"is_daily":false,"chose_seed":false,"is_ascension_mode":false,"campfire_upgraded":3,"timestamp":1526038338,"path_taken":["M","M","?","M","?","R","$","R","T","M","?","?","M","E","R","BOSS","M","M","?"],"build_version":"2018-05-10","seed_source_timestamp":50542020671363,"purchased_purges":1,"victory":false,"master_deck":["Bash","Bloodletting","Cleave","Flex+1","Twin Strike","Rampage+1","Bandage Up","Pummel+1","Hemokinesis+1","True Grit","Demon Form+1","Impervious","Anger+1","Heavy Blade+1","Intimidate","Twin Strike+1","Feel No Pain","Infernal Blade","Clash+1","Evolve","Cleave+1","Iron Wave+1","Flame Barrier"],"max_hp_per_floor":[72,72,72,72,72,72,72,72,72,72,72,72,72,72,72,72,72,72,72,72],"relics":["Burning Blood","Torii","Tiny Chest","Molten Egg 2","Odd Mushroom","Blood Vial","Paper Frog","Pandora\u0027s Box"],"card_choices":[{"not_picked":["Wild Strike","Armaments"],"picked":"Bloodletting","floor":1},{"not_picked":["Rupture","Infernal Blade"],"picked":"Cleave","floor":2},{"not_picked":["Thunderclap","Armaments"],"picked":"Flex","floor":3},{"not_picked":["Sword Boomerang","Wild Strike"],"picked":"Twin Strike","floor":4},{"not_picked":["Anger","Rampage"],"picked":"Pummel","floor":10},{"not_picked":["Anger","Carnage"],"picked":"Hemokinesis","floor":11},{"not_picked":["Fire Breathing","Evolve"],"picked":"True Grit","floor":13},{"not_picked":["Wild Strike","Ghostly Armor"],"picked":"Demon Form","floor":14},{"not_picked":["Feed","Barricade"],"picked":"Impervious","floor":16},{"not_picked":["Anger","Reckless Charge"],"picked":"Iron Wave","floor":18},{"not_picked":["Headbutt","Infernal Blade"],"picked":"Flame Barrier","floor":19}],"player_experience":420775,"potions_floor_usage":[14,14,16],"damage_taken":[{"damage":2,"enemies":"Cultist","floor":1,"turns":4},{"damage":9,"enemies":"Jaw Worm","floor":2,"turns":4},{"damage":1,"enemies":"2 Louse","floor":3,"turns":2},{"damage":20,"enemies":"Exordium Wildlife","floor":4,"turns":6},{"damage":9,"enemies":"Large Slime","floor":10,"turns":6},{"damage":12,"enemies":"The Mushroom Lair","floor":11,"turns":3},{"damage":10,"enemies":"Blue Slaver","floor":13,"turns":3},{"damage":6,"enemies":"Lagavulin","floor":14,"turns":4},{"damage":42,"enemies":"The Guardian","floor":16,"turns":7},{"damage":35,"enemies":"Spheric Guardian","floor":18,"turns":4},{"damage":35,"enemies":"Shell Parasite","floor":19,"turns":4},{"damage":30,"enemies":"Masked Bandits","floor":20,"turns":3}],"event_choices":[{"event_name":"Golden Shrine","player_choice":"Desecrate","floor":5,"damage_taken":0},{"event_name":"Mushrooms","player_choice":"Fought Mushrooms","floor":11,"damage_taken":0},{"event_name":"Masked Bandits","player_choice":"Fought over 259 gold","floor":20,"damage_taken":0}],"boss_relics":[{"not_picked":["Black Blood","Runic Dome"],"picked":"Pandora\u0027s Box"}],"potions_floor_spawned":[3,11,13,14],"seed_played":"-2955013327852335821","killed_by":"Masked Bandits","ascension_level":0,"is_trial":false}