{"path_per_floor":["M","?","?","$","?","R","M","M","T","?","M","?","M","M","R","B",null],"character_chosen":"DEFECT","items_purchased":["Cold Snap","Coolheaded","Capacitor","Turbo"],"gold_per_floor":[111,286,286,41,41,41,52,69,95,95,112,212,232,248,248,353,353,353],"floor_reached":18,"campfire_rested":0,"playtime":715,"current_hp_per_floor":[70,70,70,70,55,55,46,45,45,33,33,33,30,21,21,17,75,63],"items_purged":["Defend_B"],"gold":353,"score":152,"play_id":"a8f1e30e-6f1d-4379-a0a6-62b3a7ad6c75","local_time":"20180430210607","is_prod":false,"is_daily":false,"chose_seed":false,"is_ascension_mode":false,"campfire_upgraded":2,"timestamp":1525111567,"path_taken":["M","?","?","$","?","R","M","M","T","?","M","?","M","M","R","BOSS","M"],"build_version":"2018-04-27v3","seed_source_timestamp":85392169141713,"purchased_purges":1,"victory":false,"master_deck":["Strike_B","Strike_B+1","Strike_B","Strike_B","Defend_B","Defend_B","Defend_B+1","Zap","Dualcast","Turbo+1","Cold Snap+1","Coolheaded","Capacitor","Turbo","Reinforced Body","Streamline","Sweeping Beam","Leap","Genetic Algorithm","Reboot"],"max_hp_per_floor":[75,75,75,75,75,75,75,75,75,75,75,75,75,75,75,75,75,75],"relics":["Cracked Core","Juzu Bracelet","Pen Nib","Snecko Eye"],"card_choices":[{"not_picked":["Stack","Sweeping Beam"],"picked":"Turbo","floor":1},{"not_picked":["Barrage","Turbo"],"picked":"Reinforced Body","floor":7},{"not_picked":["Reprogram","Sweeping Beam"],"picked":"Streamline","floor":8},{"not_picked":["Blizzard","Skim"],"picked":"Sweeping Beam","floor":11},{"not_picked":["Flux Capacitor","Stack"],"picked":"Leap","floor":13},{"not_picked":["Conserve Battery","Turbo"],"picked":"Genetic Algorithm","floor":14},{"not_picked":["Amplify","Multi-Cast"],"picked":"Reboot","floor":16}],"player_experience":395920,"potions_floor_usage":[16,16,16],"damage_taken":[{"damage":5,"enemies":"Small Slimes","floor":1,"turns":4},{"damage":9,"enemies":"Jaw Worm","floor":7,"turns":3},{"damage":1,"enemies":"2 Louse","floor":8,"turns":2},{"damage":0,"enemies":"Blue Slaver","floor":11,"turns":3},{"damage":3,"enemies":"Gremlin Gang","floor":13,"turns":5},{"damage":9,"enemies":"3 Louse","floor":14,"turns":3},{"damage":4,"enemies":"Hexaghost","floor":16,"turns":11},{"damage":12,"enemies":"Chosen","floor":18,"turns":3}],"event_choices":[{"event_name":"Liars Game","player_choice":"agreed","floor":2,"damage_taken":0},{"event_name":"Living Wall","player_choice":"Forget","floor":3,"damage_taken":0},{"event_name":"Shining Light","player_choice":"Entered Light","floor":5,"damage_taken":0},{"event_name":"Scrap Ooze","player_choice":"success","floor":10,"damage_taken":12},{"event_name":"Wheel of Change","player_choice":"Gold","floor":12,"damage_taken":0}],"boss_relics":[{"not_picked":["Calling Bell","Pandora\u0027s Box"],"picked":"Snecko Eye"}],"potions_floor_spawned":[1,8,13],"seed_played":"4969255760074565472","killed_by":"Chosen","ascension_level":0,"is_trial":false}