{"gold_per_floor":[119,394,73,90,107,107,139,152,230,230,36,56,81,100,100,204,204,224,224,236,248,57,57,90,90,159,259,134,165,80,100,100,198,228,242,242,242,9,21,21,36,36,36,36,36,85,85,100,100,100,100,100,23,53,53],"floor_reached":55,"playtime":1606,"items_purged":["Regret","Strike_R","Strike_R","Strike_R"],"score":906,"play_id":"40d09a6d-f58f-4535-954f-d24f78d4c3a8","local_time":"20181113140519","is_ascension_mode":true,"campfire_choices":[{"data":"Searing Blow","floor":6,"key":"SMITH"},{"data":"Searing Blow+1","floor":10,"key":"SMITH"},{"data":"Searing Blow+2","floor":15,"key":"SMITH"},{"data":"Searing Blow+3","floor":23,"key":"SMITH"},{"data":"Searing Blow+4","floor":25,"key":"SMITH"},{"data":"Searing Blow+5","floor":32,"key":"SMITH"},{"data":"Searing Blow+6","floor":40,"key":"SMITH"},{"data":"Searing Blow+7","floor":42,"key":"SMITH"},{"data":"Searing Blow+8","floor":44,"key":"SMITH"},{"data":"Searing Blow+9","floor":47,"key":"SMITH"},{"floor":49,"key":"RECALL"},{"data":"Searing Blow+10","floor":52,"key":"SMITH"}],"neow_cost":"NONE","seed_source_timestamp":244742997301777,"circlet_count":0,"master_deck":["Strike_R","Defend_R","Defend_R","Defend_R","Defend_R","Bash","Deep Breath","Carnage","Shrug It Off","Searing Blow+11","Offering","Shrug It Off","Iron Wave","Intimidate","Sword Boomerang","Shrug It Off","Uppercut+1","Flash of Steel","Magnetism","Flame Barrier"],"relics":["Burning Blood","PreservedInsect","Calipers","Self Forming Clay","Pen Nib","Juzu Bracelet","Busted Crown","MawBank","Happy Flower","Gremlin Horn","Turnip","Meat on the Bone","Oddly Smooth Stone","Pantograph","Calling Bell","Tiny Chest","Paper Frog","Bird Faced Urn","Strawberry","Mummified Hand"],"potions_floor_usage":[16,16,27,33,33,33,50,55,55],"damage_taken":[{"damage":8,"enemies":"Small Slimes","floor":1,"turns":4},{"damage":0,"enemies":"Cultist","floor":4,"turns":3},{"damage":5,"enemies":"Jaw Worm","floor":5,"turns":3},{"damage":27,"enemies":"Gremlin Nob","floor":7,"turns":4},{"damage":14,"enemies":"Large Slime","floor":8,"turns":5},{"damage":6,"enemies":"Blue Slaver","floor":12,"turns":3},{"damage":19,"enemies":"Lagavulin","floor":13,"turns":4},{"damage":6,"enemies":"3 Louse","floor":14,"turns":3},{"damage":23,"enemies":"Slime Boss","floor":16,"turns":8},{"damage":6,"enemies":"3 Byrds","floor":18,"turns":5},{"damage":6,"enemies":"Slavers","floor":24,"turns":4},{"damage":0,"enemies":"Colosseum Slavers","floor":27,"turns":3},{"damage":10,"enemies":"Colosseum Nobs","floor":27,"turns":4},{"damage":6,"enemies":"Book of Stabbing","floor":29,"turns":2},{"damage":6,"enemies":"Shell Parasite","floor":31,"turns":2},{"damage":6,"enemies":"Automaton","floor":33,"turns":5},{"damage":0,"enemies":"Orb Walker","floor":35,"turns":1},{"damage":6,"enemies":"3 Shapes","floor":39,"turns":3},{"damage":6,"enemies":"3 Darklings","floor":41,"turns":3},{"damage":10,"enemies":"Maw","floor":48,"turns":5},{"damage":48,"enemies":"Awakened One","floor":50,"turns":11},{"damage":6,"enemies":"Shield and Spear","floor":54,"turns":3},{"damage":92,"enemies":"The Heart","floor":55,"turns":8}],"seed_played":"1047336533352237703","potions_obtained":[{"floor":1,"key":"Ancient Potion"},{"floor":12,"key":"Explosive Potion"},{"floor":16,"key":"PowerPotion"},{"floor":24,"key":"Strength Potion"},{"floor":27,"key":"Swift Potion"},{"floor":29,"key":"EntropicBrew"},{"floor":48,"key":"Strength Potion"}],"is_trial":false,"path_per_floor":["M","?","$","M","M","R","E","M","T","R","$","M","E","M","R","B",null,"M","?","?","?","$","R","E","R","T","?","$","E","?","M","R","B",null,"M","?","?","$","M","R","M","R","T","R","?","T","R","M","R","B",null,"R","$","E","B"],"character_chosen":"IRONCLAD","items_purchased":["PreservedInsect","Shrug It Off","Searing Blow","Pen Nib","AttackPotion","AttackPotion","Shrug It Off","Flash of Steel","Flame Barrier"],"campfire_rested":0,"item_purchase_floors":[3,3,3,11,11,22,22,38,53],"current_hp_per_floor":[78,78,78,80,80,80,59,51,51,51,51,51,38,38,38,21,80,80,80,80,65,65,65,65,65,65,67,67,67,67,67,67,85,85,85,85,82,82,82,82,82,82,82,82,82,89,89,85,85,61,89,89,89,89,0],"gold":53,"neow_bonus":"RANDOM_COLORLESS","is_prod":false,"is_daily":false,"chose_seed":false,"campfire_upgraded":11,"win_rate":0,"timestamp":1542107119,"path_taken":["M","?","$","M","M","R","E","M","T","R","?","M","E","M","R","BOSS","M","?","?","?","$","R","E","R","T","?","?","E","?","M","R","BOSS","M","?","?","$","M","R","M","R","T","R","?","?","R","M","R","BOSS","R","$","E","BOSS"],"build_version":"2018-11-12","purchased_purges":4,"victory":false,"max_hp_per_floor":[80,80,80,80,80,80,80,80,80,80,80,80,80,80,80,80,80,80,80,80,85,85,85,85,85,85,85,85,85,85,85,85,85,85,85,85,82,82,82,82,82,82,82,82,82,89,89,89,89,89,89,89,89,89,89],"card_choices":[{"not_picked":["Thunderclap","Anger"],"picked":"Carnage","floor":1},{"not_picked":["Searing Blow","Thunderclap","Heavy Blade"],"picked":"SKIP","floor":4},{"not_picked":["Rupture","Flex","Wild Strike"],"picked":"SKIP","floor":5},{"not_picked":["Entrench","Havoc"],"picked":"Offering","floor":7},{"not_picked":["Warcry","Wild Strike"],"picked":"Shrug It Off","floor":8},{"not_picked":["Berserk","Flex","Perfected Strike"],"picked":"SKIP","floor":12},{"not_picked":["Hemokinesis","True Grit"],"picked":"Iron Wave","floor":13},{"not_picked":["Havoc","Carnage","Cleave"],"picked":"SKIP","floor":14},{"not_picked":[],"picked":"Intimidate","floor":18},{"not_picked":["Spot Weakness+1"],"picked":"SKIP","floor":24},{"not_picked":[],"picked":"Uppercut+1","floor":29},{"not_picked":["Fire Breathing"],"picked":"SKIP","floor":31},{"not_picked":["Perfected Strike"],"picked":"SKIP","floor":35},{"not_picked":["Clothesline+1"],"picked":"SKIP","floor":39},{"not_picked":["Sever Soul"],"picked":"SKIP","floor":41},{"not_picked":[],"picked":"Magnetism","floor":45},{"not_picked":["Battle Trance+1"],"picked":"SKIP","floor":48},{"not_picked":["Body Slam"],"picked":"SKIP","floor":54}],"player_experience":903313,"relics_obtained":[{"floor":7,"key":"Calipers"},{"floor":9,"key":"Self Forming Clay"},{"floor":13,"key":"Juzu Bracelet"},{"floor":24,"key":"Happy Flower"},{"floor":26,"key":"Gremlin Horn"},{"floor":27,"key":"Turnip"},{"floor":27,"key":"Meat on the Bone"},{"floor":29,"key":"Oddly Smooth Stone"},{"floor":34,"key":"Tiny Chest"},{"floor":34,"key":"Paper Frog"},{"floor":34,"key":"Bird Faced Urn"},{"floor":46,"key":"Strawberry"},{"floor":54,"key":"Mummified Hand"}],"event_choices":[{"damage_healed":0,"gold_gain":275,"player_choice":"Desecrate","damage_taken":0,"max_hp_gain":0,"max_hp_loss":0,"event_name":"Golden Shrine","floor":2,"gold_loss":0,"cards_obtained":["Regret"]},{"damage_healed":0,"gold_gain":0,"player_choice":"Gave Potion","damage_taken":0,"relics_obtained":["MawBank"],"max_hp_gain":0,"max_hp_loss":0,"event_name":"WeMeetAgain","floor":19,"gold_loss":0},{"damage_healed":0,"gold_gain":0,"cards_transformed":["Strike_R"],"player_choice":"Transformed","damage_taken":0,"max_hp_gain":0,"max_hp_loss":0,"event_name":"Transmorgrifier","floor":20,"gold_loss":0,"cards_obtained":["Sword Boomerang"]},{"damage_healed":0,"gold_gain":0,"player_choice":"Shed Blood","damage_taken":20,"max_hp_gain":5,"max_hp_loss":0,"event_name":"Forgotten Altar","floor":21,"gold_loss":0},{"damage_healed":0,"gold_gain":0,"player_choice":"Fight","damage_taken":0,"max_hp_gain":0,"max_hp_loss":0,"event_name":"Colosseum","floor":27,"gold_loss":0},{"damage_healed":0,"gold_gain":0,"player_choice":"Fought Nobs","damage_taken":0,"max_hp_gain":0,"max_hp_loss":0,"event_name":"Colosseum","floor":27,"gold_loss":0},{"damage_healed":0,"gold_gain":0,"player_choice":"Obtained Relic","damage_taken":0,"relics_obtained":["Pantograph"],"max_hp_gain":0,"max_hp_loss":0,"event_name":"Addict","floor":30,"gold_loss":85},{"damage_healed":0,"gold_gain":0,"player_choice":"Ignored","damage_taken":0,"max_hp_gain":0,"max_hp_loss":0,"event_name":"Tomb of Lord Red Mask","floor":36,"gold_loss":0},{"cards_removed":["Doubt","Parasite","Shame"],"damage_healed":0,"gold_gain":0,"player_choice":"Removed Curses","damage_taken":0,"max_hp_gain":0,"max_hp_loss":0,"event_name":"Fountain of Cleansing","floor":37,"gold_loss":0},{"damage_healed":0,"gold_gain":0,"player_choice":"Memory 1","damage_taken":0,"max_hp_gain":0,"max_hp_loss":0,"event_name":"SensoryStone","floor":45,"gold_loss":0}],"is_beta":true,"boss_relics":[{"not_picked":["Fusion Hammer","White Beast Statue"],"picked":"Busted Crown"},{"not_picked":["Philosopher\u0027s Stone","Mark of Pain"],"picked":"Calling Bell"}],"items_purged_floors":[3,22,28,38],"is_endless":false,"potions_floor_spawned":[1,12,13,16,24,27,29,31,33,48],"killed_by":"The Heart","ascension_level":1}