{"gold_per_floor":[116,134,144,157,169,196,215,215],"floor_reached":8,"playtime":525,"items_purged":[],"score":65,"play_id":"1b1087d7-cecd-471e-88b1-8e36b302224d","local_time":"20190104130259","is_ascension_mode":true,"campfire_choices":[],"neow_cost":"NONE","seed_source_timestamp":140134445393982,"circlet_count":0,"master_deck":["Strike_R","Strike_R","Strike_R","Strike_R","Defend_R","Defend_R","Defend_R","Defend_R","Bash","Brutality","strawberrySpire:ZonePlayer","Twin Strike","strawberrySpire:PowerStomp","Wild Strike","Armaments","Cleave","strawberrySpire:CrashLanding"],"relics":["Burning Blood","Dodecahedron"],"potions_floor_usage":[8],"damage_taken":[{"damage":12,"enemies":"Cultist","floor":1,"turns":4},{"damage":8,"enemies":"Jaw Worm","floor":2,"turns":4},{"damage":4,"enemies":"2 Louse","floor":3,"turns":4},{"damage":16,"enemies":"Looter","floor":4,"turns":3},{"damage":13,"enemies":"Red Slaver","floor":5,"turns":2},{"damage":42,"enemies":"3 Sentries","floor":6,"turns":10},{"damage":2,"enemies":"3 Louse","floor":7,"turns":2},{"damage":35,"enemies":"strawberrySpire:EnergyPylons","floor":8,"turns":5}],"seed_played":"1178948868852734149","potions_obtained":[{"floor":1,"key":"FearPotion"},{"floor":5,"key":"BloodPotion"}],"is_trial":false,"path_per_floor":["M","M","M","M","M","E","M","E"],"character_chosen":"IRONCLAD","items_purchased":[],"campfire_rested":0,"item_purchase_floors":[],"current_hp_per_floor":[74,72,74,64,57,21,25,0],"gold":215,"neow_bonus":"TRANSFORM_CARD","is_prod":false,"is_daily":false,"chose_seed":false,"campfire_upgraded":0,"win_rate":0,"timestamp":1546596179,"path_taken":["M","M","M","?","M","E","M","E"],"build_version":"2019-01-03v3","purchased_purges":0,"victory":false,"max_hp_per_floor":[80,80,80,80,80,80,80,80],"card_choices":[{"not_picked":["Warcry","Clash"],"picked":"strawberrySpire:ZonePlayer","floor":1},{"not_picked":["Perfected Strike","Intimidate"],"picked":"Twin Strike","floor":2},{"not_picked":["Warcry","True Grit"],"picked":"strawberrySpire:PowerStomp","floor":3},{"not_picked":["Berserk","True Grit"],"picked":"Wild Strike","floor":4},{"not_picked":["Cleave","Thunderclap"],"picked":"Armaments","floor":5},{"not_picked":["Evolve","Hemokinesis"],"picked":"Cleave","floor":6},{"not_picked":["Second Wind","strawberrySpire:Conflagrate"],"picked":"strawberrySpire:CrashLanding","floor":7}],"player_experience":1031604,"relics_obtained":[{"floor":6,"key":"Dodecahedron"}],"event_choices":[],"is_beta":true,"boss_relics":[],"items_purged_floors":[],"is_endless":false,"potions_floor_spawned":[1,5],"killed_by":"strawberrySpire:EnergyPylons","ascension_level":1}