{"path_per_floor":["M","$","?","$","M","R","M","?","T","E","M","M","R","M","R","B",null,"M","?","$","M","M","E","R","E","T","R"],"character_chosen":"THE_SILENT","items_purchased":["Flash of Steel","Dagger Spray","Blade Dance","Frozen Egg 2"],"gold_per_floor":[365,142,142,60,79,79,94,169,169,196,208,222,222,242,242,342,342,362,362,5,19,30,65,65,91,91,91,91],"floor_reached":28,"campfire_rested":1,"playtime":1731,"item_purchase_floors":[2,2,4,20],"current_hp_per_floor":[58,58,51,51,51,51,51,40,40,36,36,36,36,36,36,22,63,63,63,63,63,22,22,22,17,17,35,0],"items_purged":["Strike_G","Strike_G+1"],"gold":91,"score":283,"play_id":"dc396c93-c181-44ab-96a0-0faae369af4d","local_time":"20180526001425","is_prod":false,"is_daily":false,"chose_seed":false,"is_ascension_mode":false,"campfire_upgraded":4,"win_rate":0,"timestamp":1527282865,"campfire_choices":[{"data":"Flash of Steel","floor":6,"key":"SMITH"},{"data":"Dash","floor":13,"key":"SMITH"},{"data":"Backstab","floor":15,"key":"SMITH"},{"data":"Adrenaline","floor":24,"key":"SMITH"},{"floor":27,"key":"REST"}],"path_taken":["M","$","?","?","M","R","M","?","T","E","M","M","R","?","R","BOSS","M","?","$","M","M","E","R","E","T","R","E"],"build_version":"2018-05-24","seed_source_timestamp":797480976183559,"purchased_purges":2,"victory":false,"master_deck":["Defend_G+1","Defend_G+1","Defend_G+1","Defend_G+1","Defend_G+1","Strike_G+1","Strike_G+1","Survivor","Neutralize","Sucker Punch","Flash of Steel+1","Dagger Spray","Blade Dance","Dash","Dash","Cloak And Dagger","Dash+1","Backstab+1","PiercingWail","Adrenaline+1","Outmaneuver","Cloak And Dagger","Predator","Deflect","Blur","Footwork","Calculated Gamble","Endless Agony","PiercingWail+1","Cloak And Dagger"],"max_hp_per_floor":[63,63,63,63,63,63,63,63,63,63,63,63,63,63,63,63,63,63,63,63,63,63,63,63,63,63,63,63],"relics":["Ring of the Snake","Snake Skull","Paper Crane","Orrery","Frozen Egg 2","Lantern","Vajra","Ancient Tea Set"],"card_choices":[{"not_picked":["Poisoned Stab","Dodge and Roll"],"picked":"Sucker Punch","floor":1},{"not_picked":["Outmaneuver","PiercingWail"],"picked":"Dash","floor":5},{"not_picked":["Bane","Night Terror"],"picked":"Dash","floor":7},{"not_picked":["Outmaneuver","Prepared"],"picked":"Cloak And Dagger","floor":10},{"not_picked":["Deadly Poison","Catalyst"],"picked":"Dash","floor":11},{"not_picked":["Flechettes","Terror","Backstab"],"picked":"SKIP","floor":12},{"not_picked":["Flechettes","Terror"],"picked":"Backstab","floor":12},{"not_picked":["Dodge and Roll","Flechettes"],"picked":"PiercingWail","floor":14},{"not_picked":["Burst","Tactician"],"picked":"Adrenaline","floor":16},{"not_picked":["Distraction","Sucker Punch"],"picked":"Outmaneuver","floor":17},{"not_picked":["Escape Plan","Well Laid Plans"],"picked":"Cloak And Dagger","floor":17},{"not_picked":["Choke","PiercingWail"],"picked":"Predator","floor":17},{"not_picked":["Dagger Spray","Dagger Throw"],"picked":"Deflect","floor":17},{"not_picked":["Bane","Storm of Steel"],"picked":"Blur","floor":17},{"not_picked":["Sucker Punch+1","Terror"],"picked":"Footwork","floor":18},{"not_picked":["Dagger Spray","Footwork+1"],"picked":"Calculated Gamble","floor":21},{"not_picked":["Deflect","Underhanded Strike"],"picked":"Endless Agony","floor":22},{"not_picked":["Bane","Expertise"],"picked":"PiercingWail+1","floor":23},{"not_picked":["PiercingWail+1","Backflip"],"picked":"Cloak And Dagger","floor":25}],"player_experience":459275,"potions_floor_usage":[16,23,23,25,28],"damage_taken":[{"damage":5,"enemies":"Cultist","floor":1,"turns":4},{"damage":0,"enemies":"2 Louse","floor":5,"turns":1},{"damage":0,"enemies":"Jaw Worm","floor":7,"turns":2},{"damage":4,"enemies":"Gremlin Nob","floor":10,"turns":5},{"damage":0,"enemies":"Exordium Thugs","floor":11,"turns":5},{"damage":0,"enemies":"3 Louse","floor":12,"turns":3},{"damage":0,"enemies":"Large Slime","floor":14,"turns":5},{"damage":14,"enemies":"The Guardian","floor":16,"turns":14},{"damage":0,"enemies":"Spheric Guardian","floor":18,"turns":3},{"damage":0,"enemies":"3 Byrds","floor":21,"turns":7},{"damage":41,"enemies":"Cultist and Chosen","floor":22,"turns":12},{"damage":0,"enemies":"Slavers","floor":23,"turns":5},{"damage":5,"enemies":"Book of Stabbing","floor":25,"turns":8},{"damage":50,"enemies":"Gremlin Leader","floor":28,"turns":9}],"relics_obtained":[{"floor":9,"key":"Snake Skull"},{"floor":10,"key":"Paper Crane"},{"floor":23,"key":"Lantern"},{"floor":25,"key":"Vajra"},{"floor":26,"key":"Ancient Tea Set"}],"event_choices":[{"event_name":"Golden Wing","player_choice":"Card Removal","floor":3,"damage_taken":0},{"event_name":"World of Goop","player_choice":"Gather Gold","floor":8,"damage_taken":0},{"event_name":"Back to Basics","player_choice":"Simplicity","floor":19,"damage_taken":0}],"boss_relics":[{"not_picked":["Runic Dome","Eternal Feather"],"picked":"Orrery"}],"items_purged_floors":[2,20],"potions_floor_spawned":[5,11,12,16,25],"seed_played":"-6450765540675050879","killed_by":"Gremlin Leader","ascension_level":0,"potions_obtained":[{"floor":5,"key":"SteroidPotion"},{"floor":11,"key":"Poison Potion"},{"floor":12,"key":"Ancient Potion"},{"floor":16,"key":"Poison Potion"},{"floor":25,"key":"Regen Potion"}],"is_trial":false}