{"path_per_floor":["M","M","?","T","?","R","E","?","T","M","M","R","$","M","R","B",null,"M","M","?","M","M"],"character_chosen":"IRONCLAD","items_purchased":["Apotheosis","Bottled Lightning","Shrug It Off","Pummel","Bloodletting"],"gold_per_floor":[109,123,298,298,548,548,573,648,648,664,678,678,9,27,27,130,130,140,151,74,86,96,96],"floor_reached":23,"campfire_rested":0,"playtime":761,"current_hp_per_floor":[80,80,80,80,80,80,80,69,69,66,61,61,61,63,63,51,80,68,67,67,41,17,0],"items_purged":["Doubt"],"gold":96,"score":218,"play_id":"3f8217f0-e4c7-44cf-b365-0a2bc9ca6c63","local_time":"20180507161034","is_prod":false,"is_daily":false,"chose_seed":false,"is_ascension_mode":false,"campfire_upgraded":3,"timestamp":1525698634,"path_taken":["M","M","?","?","?","R","E","?","T","?","M","R","?","M","R","BOSS","M","M","?","?","M","E"],"build_version":"2018-05-03","seed_source_timestamp":672429190775732,"purchased_purges":1,"victory":false,"master_deck":["Strike_R","Strike_R","Strike_R","Strike_R","Strike_R","Defend_R","Defend_R","Defend_R","Defend_R","Bash","Iron Wave+1","Twin Strike+1","Regret","Thunderclap+1","Flex+1","Fiend Fire","Apotheosis+1","Shrug It Off+1","Pummel","Bloodletting+1","Shrug It Off+1","Offering+1","Clothesline+1","Uppercut","J.A.X.+1","Carnage","Metallicize"],"max_hp_per_floor":[80,80,80,80,80,80,80,80,80,80,80,80,80,80,80,80,80,80,80,80,80,80,80],"relics":["Burning Blood","NeowsBlessing","Toxic Egg 2","Art of War","Kunai","Bottled Lightning","Black Star"],"card_choices":[{"not_picked":["Armaments","Anger"],"picked":"Iron Wave","floor":1},{"not_picked":["Combust","Anger"],"picked":"Twin Strike","floor":2},{"not_picked":["Clash","Juggernaut"],"picked":"Thunderclap","floor":7},{"not_picked":["Body Slam","Thunderclap"],"picked":"Flex","floor":10},{"not_picked":["Iron Wave","Body Slam"],"picked":"Fiend Fire","floor":11},{"not_picked":["Anger","Havoc"],"picked":"Shrug It Off","floor":14},{"not_picked":["Feed","Demon Form"],"picked":"Offering","floor":16},{"not_picked":["Body Slam","Bloodletting"],"picked":"Clothesline","floor":18},{"not_picked":["Burning Pact","Cleave"],"picked":"Uppercut","floor":19},{"not_picked":["Evolve","Iron Wave"],"picked":"Carnage","floor":21},{"not_picked":["Headbutt","Fiend Fire"],"picked":"Metallicize","floor":22}],"player_experience":407760,"potions_floor_usage":[16,23],"damage_taken":[{"damage":0,"enemies":"Small Slimes","floor":1,"turns":1},{"damage":0,"enemies":"Jaw Worm","floor":2,"turns":1},{"damage":0,"enemies":"3 Sentries","floor":7,"turns":1},{"damage":9,"enemies":"2 Louse","floor":10,"turns":2},{"damage":11,"enemies":"Exordium Thugs","floor":11,"turns":3},{"damage":4,"enemies":"3 Louse","floor":14,"turns":2},{"damage":18,"enemies":"Slime Boss","floor":16,"turns":9},{"damage":18,"enemies":"Chosen","floor":18,"turns":4},{"damage":7,"enemies":"2 Thieves","floor":19,"turns":2},{"damage":32,"enemies":"Centurion and Healer","floor":21,"turns":5},{"damage":30,"enemies":"Sentry and Sphere","floor":22,"turns":5},{"damage":20,"enemies":"Gremlin Leader","floor":23,"turns":6}],"event_choices":[{"event_name":"Liars Game","player_choice":"agreed","floor":3,"damage_taken":0},{"event_name":"Golden Shrine","player_choice":"Desecrate","floor":5,"damage_taken":0},{"event_name":"World of Goop","player_choice":"Gather Gold","floor":8,"damage_taken":0},{"event_name":"Drug Dealer","player_choice":"Got JAXXED","floor":20,"damage_taken":0}],"boss_relics":[{"not_picked":["Sozu","Black Blood"],"picked":"Black Star"}],"potions_floor_spawned":[2,11,14,16,19],"seed_played":"-1213965818055578373","killed_by":"Gremlin Leader","ascension_level":0,"is_trial":false}