{"gold_per_floor":[112,122,135,135,135,135,166,166,244,31,31,47,90,103,103,199,199,223,223,223,14,34,34,57,78,104,137,158,72,72,97,97,190,190,215,215,235,260,280,313,313,313,339,264,264],"floor_reached":45,"playtime":2240,"items_purged":["Strike_G","Strike_G"],"score":950,"play_id":"d40493d9-26d6-4891-bd89-4083b22a03fb","local_time":"20190714161428","is_ascension_mode":true,"campfire_choices":[{"floor":6.0,"key":"REST"},{"data":"Malaise","floor":15.0,"key":"SMITH"},{"floor":23,"key":"REST"},{"floor":32,"key":"REST"},{"floor":42,"key":"REST"}],"neow_cost":"NONE","seed_source_timestamp":391507412907528,"circlet_count":0,"master_deck":["AscendersBane","Defend_G","Defend_G","Defend_G","Defend_G","Survivor","Neutralize","Slice","Quick Slash","Malaise+1","Cloak And Dagger","After Image+1","Backflip","Skewer","Glass Knife","Caltrops+1","PiercingWail","Dagger Spray","Backstab","Cloak And Dagger","PiercingWail","Well Laid Plans","Dodge and Roll","Adrenaline","Endless Agony+1","Calculated Gamble+1","Deadly Poison+1","Adrenaline"],"special_seed":0,"relics":["Ring of the Serpent","Bronze Scales","Shuriken","Golden Idol","Singing Bowl","Lantern","Question Card","Nilry\u0027s Codex","Potion Belt","Kunai","Astrolabe","WarpedTongs","Turnip"],"potions_floor_usage":[33,40,40],"damage_taken":[{"damage":0.0,"enemies":"Jaw Worm","floor":1.0,"turns":7.0},{"damage":2.0,"enemies":"2 Louse","floor":2.0,"turns":3.0},{"damage":0.0,"enemies":"Cultist","floor":3.0,"turns":3.0},{"damage":24.0,"enemies":"3 Sentries","floor":7.0,"turns":8.0},{"damage":1.0,"enemies":"Looter","floor":12.0,"turns":3.0},{"damage":12.0,"enemies":"Gremlin Nob","floor":13.0,"turns":4.0},{"damage":0.0,"enemies":"Exordium Wildlife","floor":14.0,"turns":2.0},{"damage":14,"enemies":"Hexaghost","floor":16,"turns":10},{"damage":4,"enemies":"3 Byrds","floor":18,"turns":3},{"damage":5,"enemies":"Shell Parasite","floor":22,"turns":6},{"damage":2,"enemies":"Centurion and Healer","floor":24,"turns":9},{"damage":5,"enemies":"Chosen and Byrds","floor":25,"turns":4},{"damage":6,"enemies":"Book of Stabbing","floor":27,"turns":5},{"damage":0,"enemies":"Snake Plant","floor":28,"turns":4},{"damage":5,"enemies":"Sentry and Sphere","floor":31,"turns":6},{"damage":25,"enemies":"Collector","floor":33,"turns":15},{"damage":21,"enemies":"3 Darklings","floor":35,"turns":7},{"damage":9,"enemies":"Orb Walker","floor":37,"turns":5},{"damage":3,"enemies":"4 Shapes","floor":38,"turns":12},{"damage":14,"enemies":"Spire Growth","floor":39,"turns":9},{"damage":11,"enemies":"Giant Head","floor":40,"turns":10},{"damage":35,"enemies":"Transient","floor":45,"turns":6}],"seed_played":"2426166658884473347","potions_obtained":[{"floor":2.0,"key":"Strength Potion"},{"floor":12.0,"key":"Poison Potion"},{"floor":13.0,"key":"Energy Potion"},{"floor":18,"key":"FairyPotion"},{"floor":22,"key":"Weak Potion"},{"floor":33,"key":"AttackPotion"}],"is_trial":false,"path_per_floor":["M","M","M","$","?","R","E","?","T","$","?","M","E","M","R","B",null,"M","T","?","$","M","R","M","M","T","E","M","$","$","M","R","B",null,"M","?","M","M","M","E","?","R","T","?","M"],"character_chosen":"THE_SILENT","items_purchased":["After Image","Backflip","PiercingWail","Dagger Spray","Well Laid Plans"],"campfire_rested":4,"item_purchase_floors":[10,10,21,21,29],"current_hp_per_floor":[59,57,57,57,39,58,34,34,34,34,34,35,23,25,25,11,51,47,47,26,26,21,40,38,33,33,29,31,31,31,26,46,21,56,37,37,30,29,15,6,8,31,31,31,0],"gold":264,"neow_bonus":"REMOVE_CARD","is_prod":false,"is_daily":false,"chose_seed":false,"campfire_upgraded":1,"win_rate":0,"timestamp":1563146068,"path_taken":["M","M","M","$","?","R","E","?","T","$","?","M","E","M","R","BOSS","M","?","?","$","M","R","M","M","T","E","M","?","$","M","R","BOSS","M","?","M","?","M","E","?","R","T","?","?"],"build_version":"2019-07-05","purchased_purges":2,"victory":false,"max_hp_per_floor":[66,66,66,66,66,66,66,60,60,60,60,62,62,64,64,64,64,64,64,64,64,64,64,64,64,64,66,68,68,68,68,68,68,68,70,70,72,74,74,76,78,78,78,78,78],"card_choices":[{"not_picked":["Acrobatics","Caltrops"],"picked":"Slice","floor":1.0},{"not_picked":["Bane","Infinite Blades"],"picked":"Quick Slash","floor":2.0},{"not_picked":["Leg Sweep","Prepared"],"picked":"Malaise","floor":3.0},{"not_picked":["Slice","Underhanded Strike"],"picked":"Cloak And Dagger","floor":7.0},{"not_picked":["Flying Knee","Caltrops","Sucker Punch"],"picked":"Singing Bowl","floor":12.0},{"not_picked":["Dagger Spray","Deflect"],"picked":"Skewer","floor":13.0},{"not_picked":["Acrobatics","All Out Attack","Blade Dance"],"picked":"Singing Bowl","floor":14.0},{"not_picked":["Grand Finale","Malaise"],"picked":"Glass Knife","floor":16},{"not_picked":["Sucker Punch+1","Bane"],"picked":"Caltrops+1","floor":18},{"not_picked":["Catalyst","Reflex","PiercingWail"],"picked":"Backstab","floor":22},{"not_picked":["Outmaneuver","PiercingWail","Infinite Blades"],"picked":"Cloak And Dagger","floor":24},{"not_picked":["Accuracy","Predator","Outmaneuver"],"picked":"PiercingWail","floor":25},{"not_picked":["Masterful Stab","Unload","Finisher","All Out Attack"],"picked":"Singing Bowl","floor":27},{"not_picked":["Underhanded Strike","Eviscerate","Poisoned Stab","Cloak And Dagger"],"picked":"Singing Bowl","floor":28},{"not_picked":["Blade Dance","Flying Knee","Unload"],"picked":"Dodge and Roll","floor":31},{"not_picked":["Die Die Die","Wraith Form v2","Unload"],"picked":"Adrenaline","floor":33},{"not_picked":["Expertise","Calculated Gamble","Cloak And Dagger","Dagger Throw+1"],"picked":"Singing Bowl","floor":35},{"not_picked":["Bouncing Flask","Backflip","Flechettes","Underhanded Strike"],"picked":"Singing Bowl","floor":37},{"not_picked":["Bane","Dagger Spray","Poisoned Stab","Bouncing Flask+1"],"picked":"Singing Bowl","floor":38},{"not_picked":["Prepared","PiercingWail+1","Eviscerate"],"picked":"Adrenaline","floor":39},{"not_picked":["Quick Slash","Deflect","Blur+1","Reflex"],"picked":"Singing Bowl","floor":40},{"not_picked":["Trip","Master of Strategy","Transmutation","Panacea"],"picked":"Singing Bowl","floor":41}],"player_experience":846744,"relics_obtained":[{"floor":7.0,"key":"Shuriken"},{"floor":9.0,"key":"Singing Bowl"},{"floor":13.0,"key":"Lantern"},{"floor":19,"key":"Question Card"},{"floor":20,"key":"Nilry\u0027s Codex"},{"floor":26,"key":"Potion Belt"},{"floor":27,"key":"Kunai"},{"floor":40,"key":"Turnip"}],"event_choices":[{"damage_healed":0.0,"max_hp_gain":0.0,"max_hp_loss":0.0,"gold_gain":0.0,"event_name":"Scrap Ooze","player_choice":"Success","floor":5.0,"gold_loss":0.0,"damage_taken":18.0,"relics_obtained":["Bronze Scales"]},{"damage_healed":0.0,"max_hp_gain":0.0,"max_hp_loss":6.0,"gold_gain":0.0,"event_name":"Golden Idol","player_choice":"Lose Max HP","floor":8.0,"gold_loss":0.0,"damage_taken":0.0,"relics_obtained":["Golden Idol"]},{"damage_healed":0.0,"max_hp_gain":0.0,"max_hp_loss":0.0,"gold_gain":0.0,"event_name":"Upgrade Shrine","player_choice":"Upgraded","floor":11.0,"gold_loss":0.0,"damage_taken":0.0,"cards_upgraded":["After Image"]},{"damage_healed":0,"gold_gain":0,"player_choice":"Obtained Book","damage_taken":21,"max_hp_gain":0,"max_hp_loss":0,"event_name":"Cursed Tome","floor":20,"gold_loss":0},{"damage_healed":0,"gold_gain":0,"player_choice":"Rummage","damage_taken":0,"relics_obtained":["WarpedTongs"],"max_hp_gain":0,"max_hp_loss":0,"event_name":"Accursed Blacksmith","floor":36,"gold_loss":0,"cards_obtained":["Pain"]},{"damage_healed":0,"gold_gain":0,"player_choice":"Memory 1","damage_taken":0,"max_hp_gain":0,"max_hp_loss":0,"event_name":"SensoryStone","floor":41,"gold_loss":0},{"cards_removed":["Pain"],"damage_healed":0,"gold_gain":0,"player_choice":"Single Remove","damage_taken":0,"max_hp_gain":0,"max_hp_loss":0,"event_name":"Designer","floor":44,"gold_loss":75}],"is_beta":false,"boss_relics":[{"not_picked":["Empty Cage","Runic Dome"],"picked":"Ring of the Serpent"},{"not_picked":["Calling Bell","Snecko Eye"],"picked":"Astrolabe"}],"items_purged_floors":[10,21],"is_endless":false,"potions_floor_spawned":[2,12,13,18,22,24,33],"killed_by":"Transient","ascension_level":20}