{"gold_per_floor":[110,124,46,60,79,107,107,119,119,131,131,163,176,176,176,253,253,272,272,288,288],"floor_reached":21,"playtime":679,"items_purged":[],"score":386,"play_id":"ed69dd5f-02eb-4817-a297-f61628a69673","local_time":"20190707090021","is_ascension_mode":true,"campfire_choices":[{"data":"Glass Knife","floor":7.0,"key":"SMITH"},{"data":"Footwork","floor":11.0,"key":"SMITH"},{"floor":15,"key":"REST"}],"neow_cost":"NONE","seed_source_timestamp":134816030928111,"circlet_count":0,"master_deck":["AscendersBane","Strike_G","Strike_G","Defend_G","Defend_G","Defend_G","Defend_G","Defend_G","Survivor","Neutralize+1","Glass Knife+1","Dagger Spray","Dagger Spray","Bouncing Flask","Footwork+1","Deadly Poison","Caltrops","PiercingWail","Catalyst","Dodge and Roll","Calculated Gamble+1","Glass Knife+1","Catalyst+1"],"special_seed":0,"relics":["Ring of the Snake","Bottled Flame","Shuriken","Vajra","Astrolabe"],"potions_floor_usage":[16,21],"damage_taken":[{"damage":3.0,"enemies":"Cultist","floor":1.0,"turns":4.0},{"damage":2.0,"enemies":"Jaw Worm","floor":2.0,"turns":5.0},{"damage":0.0,"enemies":"2 Louse","floor":4.0,"turns":2.0},{"damage":6.0,"enemies":"Lots of Slimes","floor":5.0,"turns":2.0},{"damage":14.0,"enemies":"Lagavulin","floor":6.0,"turns":7.0},{"damage":6.0,"enemies":"Looter","floor":8.0,"turns":4.0},{"damage":4.0,"enemies":"2 Fungi Beasts","floor":10.0,"turns":3.0},{"damage":32.0,"enemies":"Gremlin Nob","floor":12.0,"turns":4.0},{"damage":0.0,"enemies":"Blue Slaver","floor":13.0,"turns":2.0},{"damage":12,"enemies":"The Guardian","floor":16,"turns":9},{"damage":12,"enemies":"Spheric Guardian","floor":18,"turns":5},{"damage":19,"enemies":"Chosen","floor":20,"turns":4},{"damage":29,"enemies":"Sentry and Sphere","floor":21,"turns":5}],"seed_played":"-8002396288338843080","potions_obtained":[{"floor":4.0,"key":"AttackPotion"},{"floor":6.0,"key":"Weak Potion"},{"floor":8.0,"key":"FairyPotion"},{"floor":12.0,"key":"AttackPotion"},{"floor":16,"key":"LiquidBronze"}],"is_trial":false,"path_per_floor":["M","M","$","M","M","E","R","M","T","M","R","E","M","?","R","B",null,"M","?","M","M"],"character_chosen":"THE_SILENT","items_purchased":["Bouncing Flask"],"campfire_rested":1,"item_purchase_floors":[3],"current_hp_per_floor":[56,54,54,54,48,34,34,28,28,24,24,6,6,6,25,13,53,41,41,22,0],"gold":288,"neow_bonus":"ONE_RANDOM_RARE_CARD","is_prod":false,"is_daily":false,"chose_seed":false,"campfire_upgraded":2,"win_rate":0,"timestamp":1562515221,"path_taken":["M","?","$","M","M","E","R","M","T","M","R","E","M","?","R","BOSS","M","?","M","M"],"build_version":"2019-07-05","purchased_purges":0,"victory":false,"max_hp_per_floor":[66,66,66,66,66,66,66,66,66,66,66,66,66,66,66,66,66,66,66,66,66],"card_choices":[{"not_picked":["Endless Agony","Bouncing Flask"],"picked":"Dagger Spray","floor":1.0},{"not_picked":["Poisoned Stab","Infinite Blades"],"picked":"Dagger Spray","floor":2.0},{"not_picked":["Cloak And Dagger","Catalyst"],"picked":"Footwork","floor":4.0},{"not_picked":["Quick Slash","Skewer"],"picked":"Deadly Poison","floor":5.0},{"not_picked":["Eviscerate","Prepared"],"picked":"Caltrops","floor":6.0},{"not_picked":["Distraction","Backflip"],"picked":"PiercingWail","floor":8.0},{"not_picked":["Flying Knee","Slice"],"picked":"Catalyst","floor":10.0},{"not_picked":["Prepared","Skewer","Expertise"],"picked":"SKIP","floor":12.0},{"not_picked":["Sucker Punch","Skewer"],"picked":"Dodge and Roll","floor":13.0},{"not_picked":["Outmaneuver","Dagger Throw","Prepared"],"picked":"SKIP","floor":18},{"not_picked":["Flying Knee","Catalyst","Dagger Spray"],"picked":"SKIP","floor":20}],"player_experience":843451,"relics_obtained":[{"floor":6.0,"key":"Bottled Flame"},{"floor":9.0,"key":"Shuriken"},{"floor":12.0,"key":"Vajra"}],"event_choices":[{"damage_healed":0,"gold_gain":0,"player_choice":"Fled","damage_taken":0,"max_hp_gain":0,"max_hp_loss":0,"event_name":"Scrap Ooze","floor":14,"gold_loss":0},{"damage_healed":0,"gold_gain":0,"player_choice":"Upgraded","damage_taken":0,"max_hp_gain":0,"max_hp_loss":0,"event_name":"Upgrade Shrine","floor":19,"gold_loss":0,"cards_upgraded":["Neutralize"]}],"is_beta":false,"boss_relics":[{"not_picked":["Fusion Hammer","Empty Cage"],"picked":"Astrolabe"}],"items_purged_floors":[],"is_endless":false,"potions_floor_spawned":[4,6,8,12,16,20],"killed_by":"Sentry and Sphere","ascension_level":20}