{"gold_per_floor":[12,23,42,58,58,58,74,74,74,102,118,131,131,131,131,236,236,250,300,300],"floor_reached":20,"playtime":1358,"items_purged":[],"score":226,"play_id":"61ca8ddc-e5ec-408c-a7de-2076ffb3307f","local_time":"20180924214140","is_ascension_mode":false,"campfire_choices":[{"data":"Burst","floor":6,"key":"SMITH"},{"data":"Cloak And Dagger","floor":8,"key":"SMITH"},{"data":"Bouncing Flask","floor":13,"key":"SMITH"},{"data":"Armaments","floor":15,"key":"SMITH"}],"neow_cost":"NO_GOLD","seed_source_timestamp":96055618048169,"circlet_count":0,"master_deck":["Defend_G","Defend_G","Defend_G","Defend_G","Strike_G","Strike_G","Strike_G","Strike_G","Strike_G","Survivor","Neutralize","Burst+1","Deflect","Sucker Punch","Bouncing Flask+1","Cloak And Dagger+1","Crippling Poison","Cloak And Dagger","Deadly Poison","Armaments+1","Burst","Blade Dance+1"],"relics":["Ring of the Snake","Singing Bowl","Mummified Hand","HoveringKite"],"potions_floor_usage":[16,16,16,20],"damage_taken":[{"damage":4,"enemies":"Jaw Worm","floor":1,"turns":6},{"damage":0,"enemies":"2 Louse","floor":2,"turns":3},{"damage":0,"enemies":"Cultist","floor":3,"turns":4},{"damage":15,"enemies":"Large Slime","floor":4,"turns":12},{"damage":4,"enemies":"Exordium Thugs","floor":7,"turns":4},{"damage":15,"enemies":"3 Sentries","floor":10,"turns":11},{"damage":11,"enemies":"3 Louse","floor":11,"turns":2},{"damage":0,"enemies":"2 Fungi Beasts","floor":12,"turns":3},{"damage":0,"enemies":"Hexaghost","floor":16,"turns":9},{"damage":14,"enemies":"Chosen","floor":18,"turns":6},{"damage":1,"enemies":"Colosseum Slavers","floor":20,"turns":4},{"damage":63,"enemies":"Colosseum Nobs","floor":20,"turns":3}],"seed_played":"5945436690647052853","potions_obtained":[{"floor":2,"key":"SneckoOil"},{"floor":7,"key":"SpeedPotion"},{"floor":12,"key":"Energy Potion"},{"floor":16,"key":"SteroidPotion"}],"is_trial":false,"path_per_floor":["M","M","M","M","?","R","M","R","T","E","M","M","R","?","R","B",null,"M","?"],"character_chosen":"THE_SILENT","items_purchased":[],"campfire_rested":0,"item_purchase_floors":[],"current_hp_per_floor":[66,66,66,51,44,44,40,40,40,25,14,14,14,14,14,14,70,56,56,0],"gold":300,"neow_bonus":"THREE_RARE_CARDS","is_prod":false,"is_daily":false,"chose_seed":false,"campfire_upgraded":4,"win_rate":0,"timestamp":1537814500,"path_taken":["M","M","M","M","?","R","M","R","T","E","?","M","R","?","R","BOSS","M","?","?"],"build_version":"2018-09-20","purchased_purges":0,"victory":false,"max_hp_per_floor":[70,70,70,70,70,70,70,70,70,70,70,70,70,70,70,70,70,70,70,70],"card_choices":[{"not_picked":["Unload","Grand Finale"],"picked":"Burst","floor":0},{"not_picked":["Dagger Throw","Underhanded Strike"],"picked":"Deflect","floor":1},{"not_picked":["Finisher","Dagger Throw"],"picked":"Backflip","floor":2},{"not_picked":["Slice","Outmaneuver"],"picked":"Sucker Punch","floor":3},{"not_picked":["Outmaneuver","Finisher"],"picked":"Bouncing Flask","floor":4},{"not_picked":["Storm of Steel","Slice"],"picked":"Cloak And Dagger","floor":7},{"not_picked":["Bane","Dagger Throw"],"picked":"Crippling Poison","floor":10},{"not_picked":["Quick Slash","Deadly Poison"],"picked":"Cloak And Dagger","floor":11},{"not_picked":["Dagger Spray","Acrobatics"],"picked":"Deadly Poison","floor":12},{"not_picked":["Night Terror","Die Die Die"],"picked":"Burst","floor":16},{"not_picked":["Footwork","All Out Attack"],"picked":"Blade Dance+1","floor":18}],"player_experience":715941,"relics_obtained":[{"floor":9,"key":"Singing Bowl"},{"floor":10,"key":"Mummified Hand"}],"event_choices":[{"event_name":"Golden Wing","player_choice":"Card Removal","floor":5,"damage_taken":0},{"event_name":"NoteForYourself","player_choice":"Took Card","floor":14,"damage_taken":0},{"event_name":"The Joust","player_choice":"Bet on Murderer","floor":19,"damage_taken":0},{"event_name":"Colosseum","player_choice":"Fight","floor":20,"damage_taken":0},{"event_name":"Colosseum","player_choice":"Fought Nobs","floor":20,"damage_taken":0}],"is_beta":true,"boss_relics":[{"not_picked":["Snecko Eye","Velvet Choker"],"picked":"HoveringKite"}],"items_purged_floors":[],"is_endless":false,"potions_floor_spawned":[2,7,12,16],"killed_by":"Colosseum Nobs","ascension_level":0}