{"gold_per_floor":[19,19,35,50,61,61,61,96,96,109,109,139,157,190,190,286,286,302,314,264,277,294,294,294,294,294,294,311,311],"floor_reached":29,"playtime":1249,"items_purged":[],"score":259,"play_id":"f59894d9-9491-4805-bf22-e45c79baa92f","local_time":"20181205131901","is_ascension_mode":true,"campfire_choices":[{"data":"Dualcast","floor":6,"key":"SMITH"},{"data":"Fission","floor":11,"key":"SMITH"},{"floor":15,"key":"REST"},{"data":"Capacitor","floor":23,"key":"SMITH"},{"data":"Streamline","floor":25,"key":"SMITH"}],"neow_cost":"NO_GOLD","seed_source_timestamp":8577093753121,"circlet_count":0,"master_deck":["Strike_B","Strike_B","Defend_B","Defend_B","Defend_B","Defend_B","Zap+1","Dualcast+1","Streamline+1","Streamline","FTL","Rebound","Fission+1","Reinforced Body","Ball Lightning","Leap","Genetic Algorithm","Capacitor+1","Storm","All For One","Steam+1","Undo","Auto Shields","Blind","Enlightenment","Steam"],"relics":["Cracked Core","Omamori","Pear","Question Card","Sozu","MutagenicStrength","Bottled Tornado"],"potions_floor_usage":[14,16,16],"damage_taken":[{"damage":0,"enemies":"2 Louse","floor":1,"turns":1},{"damage":1,"enemies":"Jaw Worm","floor":3,"turns":2},{"damage":1,"enemies":"Cultist","floor":4,"turns":3},{"damage":2,"enemies":"Blue Slaver","floor":5,"turns":2},{"damage":14,"enemies":"3 Sentries","floor":8,"turns":8},{"damage":8,"enemies":"Lots of Slimes","floor":10,"turns":3},{"damage":28,"enemies":"Gremlin Nob","floor":12,"turns":4},{"damage":9,"enemies":"Gremlin Gang","floor":13,"turns":3},{"damage":10,"enemies":"3 Sentries","floor":14,"turns":2},{"damage":23,"enemies":"The Guardian","floor":16,"turns":9},{"damage":5,"enemies":"Chosen","floor":18,"turns":4},{"damage":10,"enemies":"Shell Parasite","floor":19,"turns":4},{"damage":1,"enemies":"Cultist and Chosen","floor":21,"turns":7},{"damage":22,"enemies":"Snecko","floor":22,"turns":6},{"damage":21,"enemies":"Centurion and Healer","floor":28,"turns":5},{"damage":10,"enemies":"Gremlin Leader","floor":29,"turns":5}],"seed_played":"-2179396197472688233","potions_obtained":[{"floor":5,"key":"SteroidPotion"},{"floor":10,"key":"PowerPotion"},{"floor":13,"key":"Poison Potion"}],"is_trial":false,"path_per_floor":["M","?","M","M","M","R","?","E","T","M","R","E","M","E","R","B",null,"M","M","?","M","M","R","?","R","T","?","M","E"],"character_chosen":"DEFECT","items_purchased":[],"campfire_rested":1,"item_purchase_floors":[],"current_hp_per_floor":[75,75,74,73,71,71,71,57,57,49,49,31,22,12,37,14,85,80,70,70,69,47,47,47,47,47,23,2,0],"gold":311,"neow_bonus":"REMOVE_TWO","is_prod":false,"is_daily":false,"chose_seed":false,"campfire_upgraded":4,"win_rate":0,"timestamp":1544005141,"path_taken":["M","?","M","M","M","R","?","E","T","M","R","E","?","E","R","BOSS","M","M","?","M","?","R","?","R","T","?","M","E"],"build_version":"2018-12-05","purchased_purges":0,"victory":false,"max_hp_per_floor":[75,75,75,75,75,75,75,75,75,75,75,85,85,85,85,85,85,85,85,85,85,85,85,85,85,85,85,85,85],"card_choices":[{"not_picked":["Compile Driver","Stack"],"picked":"Streamline","floor":1},{"not_picked":["Gash","Turbo"],"picked":"Streamline","floor":3},{"not_picked":["Streamline","Heatsinks"],"picked":"FTL","floor":4},{"not_picked":["Ball Lightning","Beam Cell"],"picked":"Rebound","floor":5},{"not_picked":["FTL","Melter"],"picked":"Ball Lightning","floor":8},{"not_picked":["Fission","Melter"],"picked":"Leap","floor":10},{"not_picked":["Rebound","Meteor Strike"],"picked":"Genetic Algorithm","floor":12},{"not_picked":["Static Discharge","Gash"],"picked":"Capacitor","floor":13},{"not_picked":["Hello World","Recycle"],"picked":"Storm","floor":14},{"not_picked":["Seek","Creative AI","Biased Cognition"],"picked":"All For One","floor":16},{"not_picked":["Coolheaded","Sweeping Beam+1","Go for the Eyes"],"picked":"Steam+1","floor":18},{"not_picked":["Coolheaded","Cold Snap","Beam Cell"],"picked":"Undo","floor":19},{"not_picked":["Stack","Chill","Undo","Skim"],"picked":"SKIP","floor":21},{"not_picked":["Barrage+1","Rebound","Sunder+1"],"picked":"Auto Shields","floor":22},{"not_picked":["Streamline+1","Stack","Chill"],"picked":"Steam","floor":28}],"player_experience":961848,"relics_obtained":[{"floor":8,"key":"Omamori"},{"floor":12,"key":"Pear"},{"floor":14,"key":"Question Card"},{"floor":26,"key":"Bottled Tornado"}],"event_choices":[{"damage_healed":0,"gold_gain":0,"player_choice":"Grow","damage_taken":0,"max_hp_gain":0,"max_hp_loss":0,"event_name":"Living Wall","floor":2,"gold_loss":0,"cards_upgraded":["Zap"]},{"damage_healed":0,"gold_gain":0,"player_choice":"2 cards matched","damage_taken":0,"max_hp_gain":0,"max_hp_loss":0,"event_name":"Match and Keep!","floor":7,"gold_loss":0,"cards_obtained":["Fission","Reinforced Body"]},{"damage_healed":0,"gold_gain":0,"player_choice":"Bet on Owner","damage_taken":0,"max_hp_gain":0,"max_hp_loss":0,"event_name":"The Joust","floor":20,"gold_loss":50},{"damage_healed":0,"gold_gain":0,"player_choice":"Inject Mutagens","damage_taken":0,"relics_obtained":["MutagenicStrength"],"max_hp_gain":0,"max_hp_loss":0,"event_name":"Drug Dealer","floor":24,"gold_loss":0},{"damage_healed":0,"gold_gain":0,"player_choice":"CARD CARD ","damage_taken":24,"max_hp_gain":0,"max_hp_loss":0,"event_name":"Knowing Skull","floor":27,"potions_obtained":[],"gold_loss":0,"cards_obtained":["Blind","Enlightenment"]}],"is_beta":true,"boss_relics":[{"not_picked":["Inserter","White Beast Statue"],"picked":"Sozu"}],"items_purged_floors":[],"is_endless":false,"potions_floor_spawned":[5,10,13,22],"killed_by":"Gremlin Leader","ascension_level":1}