{"gold_per_floor":[117,117,128,128,128,128,154,154,154,73,101,101,4,20,20,121,121,132,132,231,281,298,323,323,323],"floor_reached":25,"playtime":1208,"items_purged":[],"score":263,"play_id":"4937a1cb-7cf4-45d5-bce3-7047b8aefbe2","local_time":"20190324053347","is_ascension_mode":true,"campfire_choices":[{"data":"Dualcast","floor":6.0,"key":"SMITH"},{"data":"Cold Snap","floor":8.0,"key":"SMITH"},{"data":"strawberrySpire:Compressor","floor":12.0,"key":"SMITH"},{"data":"Conserve Battery","floor":15.0,"key":"SMITH"},{"data":"Hologram","floor":24,"key":"SMITH"}],"neow_cost":"NONE","seed_source_timestamp":0,"circlet_count":0,"master_deck":["Strike_B+1","Strike_B","Strike_B","Defend_B","Defend_B+1","Defend_B","Defend_B","Zap+1","Dualcast+1","Sweeping Beam","Cold Snap+1","Coolheaded","Glacier","strawberrySpire:Compressor+1","Conserve Battery+1","Compile Driver","Tempest","Echo Form","Loop","Necronomicurse","Decay","Hologram+1"],"special_seed":0,"relics":["Cracked Core","Orichalcum","Bottled Flame","Singing Bowl","Kunai","Cursed Key","Necronomicon","Omamori","Smiling Mask"],"potions_floor_usage":[25,25],"damage_taken":[{"damage":1.0,"enemies":"Cultist","floor":1.0,"turns":3.0},{"damage":0.0,"enemies":"Small Slimes","floor":3.0,"turns":3.0},{"damage":31.0,"enemies":"strawberrySpire:EnergyPylons","floor":7.0,"turns":4.0},{"damage":0.0,"enemies":"3 Sentries","floor":11.0,"turns":7.0},{"damage":1.0,"enemies":"Jaw Worm","floor":14.0,"turns":2.0},{"damage":10.0,"enemies":"The Guardian","floor":16.0,"turns":14.0},{"damage":18,"enemies":"3 Byrds","floor":18,"turns":5},{"damage":5,"enemies":"Shell Parasite","floor":22,"turns":7},{"damage":27,"enemies":"Gremlin Leader","floor":23,"turns":15},{"damage":11,"enemies":"strawberrySpire:AncientClocktower","floor":25,"turns":9}],"seed_played":"-9080017730175128444","potions_obtained":[{"floor":7.0,"key":"Strength Potion"},{"floor":11.0,"key":"Regen Potion"},{"floor":14.0,"key":"SpeedPotion"},{"floor":18,"key":"SneckoOil"}],"is_trial":false,"path_per_floor":["M","?","M","?","?","R","E","R","T","$","E","R","$","M","R","B",null,"M","?","?","T","M","E","R","E"],"character_chosen":"DEFECT","items_purchased":["Glacier","Conserve Battery","Compile Driver"],"campfire_rested":0,"item_purchase_floors":[10,13,13],"current_hp_per_floor":[74,74,74,67,52,52,21,21,21,21,21,21,21,20,20,25,75,57,41,41,41,36,11,11,0],"gold":323,"neow_bonus":"RANDOM_COMMON_RELIC","is_prod":false,"is_daily":false,"chose_seed":false,"campfire_upgraded":5,"win_rate":0,"timestamp":1553394827,"path_taken":["M","?","M","?","?","R","E","R","T","$","E","R","$","M","R","BOSS","M","?","?","?","?","E","R","E"],"build_version":"2019-03-15","purchased_purges":0,"victory":false,"max_hp_per_floor":[75,75,75,75,75,75,75,75,75,75,75,75,75,75,75,75,75,75,75,75,75,75,77,77,77],"card_choices":[{"not_picked":["strawberrySpire:Disconnect","strawberrySpire:GearCrunch"],"picked":"Sweeping Beam","floor":1.0},{"not_picked":["Reprogram","Coolheaded"],"picked":"Cold Snap","floor":3.0},{"not_picked":["Storm","Barrage"],"picked":"Coolheaded","floor":7.0},{"not_picked":["Steam","Redo"],"picked":"strawberrySpire:Compressor","floor":11.0},{"not_picked":["Sweeping Beam","Machine Learning"],"picked":"Tempest","floor":14.0},{"not_picked":["strawberrySpire:AnotherWinter","Fission"],"picked":"Echo Form","floor":16.0},{"not_picked":["Melter","Turbo"],"picked":"Loop","floor":18},{"not_picked":["Conserve Battery","Rebound"],"picked":"Hologram","floor":22},{"not_picked":["Reprogram","Leap","Redo"],"picked":"Singing Bowl","floor":23}],"player_experience":1190976,"relics_obtained":[{"floor":7.0,"key":"Bottled Flame"},{"floor":9.0,"key":"Singing Bowl"},{"floor":11.0,"key":"Kunai"},{"floor":19,"key":"Necronomicon"},{"floor":21,"key":"Omamori"},{"floor":23,"key":"Smiling Mask"}],"event_choices":[{"damage_healed":0.0,"max_hp_gain":0.0,"max_hp_loss":0.0,"gold_gain":0.0,"event_name":"Living Wall","player_choice":"Grow","floor":2.0,"gold_loss":0.0,"damage_taken":0.0,"cards_upgraded":["Zap"]},{"cards_removed":["Strike_B"],"damage_healed":0.0,"max_hp_gain":0.0,"max_hp_loss":0.0,"gold_gain":0.0,"event_name":"Golden Wing","player_choice":"Card Removal","floor":4.0,"gold_loss":0.0,"damage_taken":7.0},{"damage_healed":0.0,"max_hp_gain":0.0,"max_hp_loss":0.0,"gold_gain":0.0,"event_name":"Shining Light","player_choice":"Entered Light","floor":5.0,"gold_loss":0.0,"damage_taken":15.0,"cards_upgraded":["Defend_B","Strike_B"]},{"damage_healed":0,"gold_gain":0,"player_choice":"Obtained Book","damage_taken":16,"max_hp_gain":0,"max_hp_loss":0,"event_name":"Cursed Tome","floor":19,"gold_loss":0},{"damage_healed":0,"gold_gain":99,"player_choice":"Stole From Cult","damage_taken":0,"max_hp_gain":0,"max_hp_loss":0,"event_name":"Nest","floor":20,"gold_loss":0}],"is_beta":true,"boss_relics":[{"not_picked":["Orrery","Pandora\u0027s Box"],"picked":"Cursed Key"}],"items_purged_floors":[],"is_endless":false,"potions_floor_spawned":[7,11,14,18],"killed_by":"strawberrySpire:AncientClocktower","ascension_level":1}