{"gold_per_floor":[114,114,114,125,125,125,157,157,182,182,182,199,231,242,242,337,337,357,370,370,370,389,389,403,326,326,341,341,15,15,27,27,129,129,147,147,165,165,165,195,195],"floor_reached":41,"playtime":1692,"items_purged":[],"score":478,"play_id":"6c89295d-ea3c-40fd-a601-2a5e8e08bec9","local_time":"20180809055115","is_ascension_mode":false,"campfire_choices":[{"data":"Zap","floor":6.0,"key":"SMITH"},{"data":"Dualcast","floor":8.0,"key":"SMITH"},{"data":"Rebound","floor":15.0,"key":"SMITH"},{"data":"Hologram","floor":23.0,"key":"SMITH"},{"data":"Loop","floor":28.0,"key":"SMITH"},{"data":"White Noise","floor":30.0,"key":"SMITH"},{"data":"Defragment","floor":32.0,"key":"SMITH"}],"neow_cost":"NONE","seed_source_timestamp":0,"circlet_count":0,"master_deck":["Defend_B","Defend_B","Defend_B","Zap+1","Dualcast+1","Cold Snap","BootSequence","Ball Lightning+1","Rebound+1","Redo","Sunder+1","Auto Shields","Seek","Steam+1","White Noise+1","Redo+1","Hologram+1","Ball Lightning+1","Streamline+1","Doom and Gloom+1","Compile Driver+1","J.A.X.","Loop+1","Defragment+1","White Noise+1","Leap","Buffer","Go for the Eyes+1","BootSequence+1","Steam Power"],"special_seed":0,"relics":["Cracked Core","CultistMask","Potion Belt","Dream Catcher","Bag of Preparation","Molten Egg 2","Astrolabe","Shuriken","Anchor","Inserter","Spirit Poop","Omamori"],"potions_floor_usage":[35],"damage_taken":[{"damage":0.0,"enemies":"2 Louse","floor":1.0,"turns":4.0},{"damage":0.0,"enemies":"Cultist","floor":4.0,"turns":3.0},{"damage":19.0,"enemies":"Lagavulin","floor":7.0,"turns":5.0},{"damage":0.0,"enemies":"Small Slimes","floor":12.0,"turns":2.0},{"damage":0.0,"enemies":"3 Sentries","floor":13.0,"turns":6.0},{"damage":0.0,"enemies":"3 Louse","floor":14.0,"turns":2.0},{"damage":1.0,"enemies":"Slime Boss","floor":16.0,"turns":9.0},{"damage":0.0,"enemies":"Spheric Guardian","floor":18.0,"turns":3.0},{"damage":7.0,"enemies":"Shell Parasite","floor":19.0,"turns":4.0},{"damage":0.0,"enemies":"Snecko","floor":22.0,"turns":4.0},{"damage":0.0,"enemies":"Snake Plant","floor":24.0,"turns":2.0},{"damage":3.0,"enemies":"Centurion and Healer","floor":27.0,"turns":4.0},{"damage":0.0,"enemies":"Sentry and Sphere","floor":31.0,"turns":3.0},{"damage":63.0,"enemies":"Champ","floor":33.0,"turns":7.0},{"damage":49,"enemies":"3 Darklings","floor":35,"turns":6},{"damage":0,"enemies":"3 Shapes","floor":37,"turns":3},{"damage":45,"enemies":"Giant Head","floor":40,"turns":10},{"damage":13,"enemies":"Spire Growth","floor":41,"turns":2}],"seed_played":"-3740025560027077362","potions_obtained":[{"floor":1.0,"key":"AttackPotion"},{"floor":4.0,"key":"Dexterity Potion"},{"floor":14.0,"key":"SteroidPotion"},{"floor":22.0,"key":"SkillPotion"},{"floor":27.0,"key":"GamblersBrew"},{"floor":33.0,"key":"Swift Potion"},{"floor":40,"key":"SpeedPotion"}],"is_trial":false,"path_per_floor":["M","?","?","M","?","R","E","R","T","?","?","M","E","M","R","B",null,"M","M","?","?","M","R","M","?","T","M","R","$","R","M","R","B",null,"M","?","M","?","?","E"],"character_chosen":"DEFECT","items_purchased":["Defragment","Turbo","White Noise","Anchor"],"campfire_rested":0,"item_purchase_floors":[29,29,29,29],"current_hp_per_floor":[75,75,80,80,55,55,36,36,36,80,80,80,80,80,80,79,80,80,73,73,73,73,73,73,73,73,70,70,70,70,77,77,14,80,31,31,31,51,51,6,0],"gold":195,"neow_bonus":"TRANSFORM_CARD","is_prod":false,"is_daily":false,"chose_seed":false,"campfire_upgraded":7,"win_rate":0,"timestamp":1533783075,"path_taken":["M","?","?","M","?","R","E","R","T","?","?","?","E","?","R","BOSS","M","M","?","?","?","R","M","?","T","M","R","?","R","?","R","BOSS","M","?","M","?","?","E","M"],"build_version":"2018-08-07v3","purchased_purges":0,"victory":false,"max_hp_per_floor":[75,75,80,80,80,80,80,80,80,80,80,80,80,80,80,80,80,80,80,80,80,80,80,80,80,80,80,80,80,80,80,80,80,80,80,80,80,80,80,80,80],"card_choices":[{"not_picked":["Compile Driver","Tempest"],"picked":"BootSequence","floor":1.0},{"not_picked":["Coolheaded","Skim"],"picked":"Ball Lightning","floor":4.0},{"not_picked":["Steam","Turbo"],"picked":"Rebound","floor":7.0},{"not_picked":["Coolheaded","Doom and Gloom"],"picked":"Redo","floor":12.0},{"not_picked":["Glacier","Redo"],"picked":"Sunder","floor":13.0},{"not_picked":["Reinforced Body","Barrage+1"],"picked":"Auto Shields","floor":14.0},{"not_picked":["Fission","Amplify"],"picked":"Seek","floor":16.0},{"not_picked":["Turbo","Sweeping Beam+1"],"picked":"Hologram","floor":18.0},{"not_picked":["Redo","Leap"],"picked":"Ball Lightning+1","floor":19.0},{"not_picked":["Rebound+1","Compile Driver+1"],"picked":"Doom and Gloom+1","floor":22.0},{"not_picked":["Stack+1","Biased Cognition"],"picked":"Compile Driver+1","floor":24.0},{"not_picked":["Darkness+1","Chill+1"],"picked":"Loop","floor":27.0},{"not_picked":["BootSequence","Hello World"],"picked":"Leap","floor":31.0},{"not_picked":["Biased Cognition","Echo Form"],"picked":"Buffer","floor":33.0},{"not_picked":["Compile Driver+1","Cold Snap+1"],"picked":"Go for the Eyes+1","floor":35},{"not_picked":["Compile Driver+1","Redo+1"],"picked":"BootSequence+1","floor":37},{"not_picked":["Thunder Strike+1","Storm"],"picked":"Steam Power","floor":40}],"player_experience":609557,"relics_obtained":[{"floor":7.0,"key":"Dream Catcher"},{"floor":9.0,"key":"Bag of Preparation"},{"floor":13.0,"key":"Molten Egg 2"},{"floor":26.0,"key":"Shuriken"},{"floor":40,"key":"Omamori"}],"event_choices":[{"event_name":"FaceTrader","player_choice":"Trade","floor":2.0,"damage_taken":0.0},{"event_name":"Big Fish","player_choice":"Donut","floor":3.0,"damage_taken":0.0},{"event_name":"Scrap Ooze","player_choice":"success","floor":5.0,"damage_taken":25.0},{"event_name":"Wheel of Change","player_choice":"Full Heal","floor":10.0,"damage_taken":0.0},{"event_name":"Accursed Blacksmith","player_choice":"Forge","floor":11.0,"damage_taken":0.0},{"event_name":"Back to Basics","player_choice":"Elegance","floor":20.0,"damage_taken":0.0},{"event_name":"The Library","player_choice":"Read","floor":21.0,"damage_taken":0.0},{"event_name":"Drug Dealer","player_choice":"Got JAXXED","floor":25.0,"damage_taken":0.0},{"event_name":"Falling","player_choice":"Removed Skill","floor":36,"damage_taken":0},{"event_name":"Winding Halls","player_choice":"Writhe","floor":38,"damage_taken":0},{"event_name":"Bonfire Elementals","player_choice":"CURSE","floor":39,"damage_taken":0}],"is_beta":true,"boss_relics":[{"not_picked":["Busted Crown","Ectoplasm"],"picked":"Astrolabe"},{"not_picked":["Pandora\u0027s Box","Coffee Dripper"],"picked":"Inserter"}],"items_purged_floors":[],"is_endless":false,"potions_floor_spawned":[1,4,14,22,27,33,40],"killed_by":"Spire Growth","ascension_level":0}