{"gold_per_floor":[109,129,143,318,32,42,42,70,70,70,70,86,86,99,99,195,195,207,223,242,252,272,272,47,62,62,92,92,118,118,129,129,229,229,247,257],"floor_reached":36,"playtime":2181,"items_purged":["Doubt"],"score":460,"play_id":"49338cd4-3abb-4e08-9e9c-68eb63dea4e8","local_time":"20180929210954","is_ascension_mode":false,"campfire_choices":[{"data":"Cloak And Dagger","floor":7.0,"key":"SMITH"},{"floor":11,"key":"REST"},{"data":"Dodge and Roll","floor":15,"key":"SMITH"},{"floor":23,"key":"REST"},{"floor":28,"key":"REST"},{"data":"Catalyst","floor":30,"key":"SMITH"},{"floor":32,"key":"REST"}],"neow_cost":"PERCENT_DAMAGE","seed_source_timestamp":0,"circlet_count":0,"master_deck":["Survivor","Neutralize","Corpse Explosion","Predator+1","Dodge and Roll+1","Cloak And Dagger+1","Panache","Catalyst+1","Backstab","Cloak And Dagger+1","Prepared","After Image","Flechettes","Quick Slash","Distraction","All Out Attack","Outmaneuver","Reflex","Flying Knee","Heel Hook","Bane","Poisoned Stab","Bouncing Flask","Sucker Punch","Masterful Stab","Footwork+1","Deflect+1","Panache","Slice","Blade Dance","Catalyst+1","Blur","Cloak And Dagger","Envenom","Dash","Riddle With Holes+1"],"special_seed":0,"relics":["Ring of the Serpent","Centennial Puzzle","Ornamental Fan","Pandora\u0027s Box","The Specimen","Calipers","Smiling Mask"],"potions_floor_usage":[16,16,27,27,31,33],"damage_taken":[{"damage":2.0,"enemies":"Jaw Worm","floor":1.0,"turns":4.0},{"damage":3.0,"enemies":"Small Slimes","floor":2.0,"turns":3.0},{"damage":0.0,"enemies":"Cultist","floor":3.0,"turns":4.0},{"damage":5.0,"enemies":"Exordium Thugs","floor":6.0,"turns":3.0},{"damage":25.0,"enemies":"Gremlin Nob","floor":8.0,"turns":4.0},{"damage":0,"enemies":"3 Louse","floor":12,"turns":2},{"damage":0,"enemies":"Large Slime","floor":14,"turns":3},{"damage":20,"enemies":"The Guardian","floor":16,"turns":11},{"damage":13,"enemies":"Spheric Guardian","floor":18,"turns":4},{"damage":20,"enemies":"2 Thieves","floor":19,"turns":2},{"damage":1,"enemies":"Chosen and Byrds","floor":20,"turns":2},{"damage":13,"enemies":"Snecko","floor":21,"turns":4},{"damage":6,"enemies":"Cultist and Chosen","floor":22,"turns":4},{"damage":0,"enemies":"3 Cultists","floor":25,"turns":3},{"damage":11,"enemies":"Gremlin Leader","floor":27,"turns":5},{"damage":21,"enemies":"Book of Stabbing","floor":29,"turns":3},{"damage":2,"enemies":"Snecko","floor":31,"turns":3},{"damage":27,"enemies":"Automaton","floor":33,"turns":7},{"damage":7,"enemies":"Orb Walker","floor":35,"turns":5},{"damage":48,"enemies":"3 Darklings","floor":36,"turns":4}],"seed_played":"1536980639470756928","potions_obtained":[{"floor":1.0,"key":"Energy Potion"},{"floor":12,"key":"Dexterity Potion"},{"floor":14,"key":"Dexterity Potion"},{"floor":22,"key":"Strength Potion"},{"floor":25,"key":"Block Potion"},{"floor":29,"key":"SkillPotion"},{"floor":31,"key":"Weak Potion"},{"floor":36,"key":"SteroidPotion"}],"is_trial":false,"path_per_floor":["M","M","M","?","$","M","R","E","T","?","R","M","?","M","R","B",null,"M","M","M","M","M","R","$","M","T","E","R","E","R","M","R","B",null,"M"],"character_chosen":"THE_SILENT","items_purchased":["Panache","Panache","Slice"],"campfire_rested":4,"item_purchase_floors":[5,24,24],"current_hp_per_floor":[47,44,44,44,44,39,39,14,14,14,35,35,21,21,21,1,70,57,37,36,23,17,38,38,38,38,27,48,27,27,25,46,19,70,63,15],"gold":257,"neow_bonus":"THREE_RARE_CARDS","is_prod":false,"is_daily":false,"chose_seed":false,"campfire_upgraded":3,"win_rate":0,"timestamp":1538244594,"path_taken":["M","M","M","?","?","M","R","E","T","?","R","?","?","M","R","BOSS","M","M","?","?","M","R","$","M","T","E","R","E","R","M","R","BOSS","M","M"],"build_version":"2018-09-27","purchased_purges":1,"victory":false,"max_hp_per_floor":[70,70,70,70,70,70,70,70,70,70,70,70,70,70,70,70,70,70,70,70,70,70,70,70,70,70,70,70,70,70,70,70,70,70,70,70],"card_choices":[{"not_picked":["Bullet Time","Phantasmal Killer"],"picked":"Corpse Explosion","floor":0.0},{"not_picked":["Acrobatics","Prepared"],"picked":"Predator","floor":1.0},{"not_picked":["PiercingWail","Slice"],"picked":"Dodge and Roll","floor":2.0},{"not_picked":["Skewer","Outmaneuver"],"picked":"Cloak And Dagger","floor":3.0},{"not_picked":["Heel Hook","Quick Slash"],"picked":"Catalyst","floor":6.0},{"not_picked":["Deflect","Dagger Spray"],"picked":"Backstab","floor":8.0},{"not_picked":["Riddle With Holes","Concentrate"],"picked":"Cloak And Dagger","floor":12},{"not_picked":["Bane","Venomology"],"picked":"Prepared","floor":14},{"not_picked":["Night Terror","Venomology"],"picked":"After Image","floor":16},{"not_picked":["Reflex","Outmaneuver+1"],"picked":"Bouncing Flask","floor":18},{"not_picked":["Outmaneuver+1","Caltrops"],"picked":"Sucker Punch","floor":19},{"not_picked":["Acrobatics","Underhanded Strike"],"picked":"Masterful Stab","floor":20},{"not_picked":["Dagger Throw","Crippling Poison"],"picked":"Footwork+1","floor":21},{"not_picked":["Dagger Spray","Skewer"],"picked":"Deflect+1","floor":22},{"not_picked":["Unload","Outmaneuver+1"],"picked":"Blade Dance","floor":25},{"not_picked":["Riddle With Holes+1","Masterful Stab"],"picked":"Catalyst+1","floor":27},{"not_picked":["Endless Agony","Backflip"],"picked":"Blur","floor":29},{"not_picked":["PiercingWail","Blur"],"picked":"Cloak And Dagger","floor":31},{"not_picked":["Phantasmal Killer","Glass Knife"],"picked":"Envenom","floor":33},{"not_picked":["Flying Knee","Backflip+1"],"picked":"Dash","floor":35},{"not_picked":["Bane","Deflect+1"],"picked":"Riddle With Holes+1","floor":36}],"player_experience":728043,"relics_obtained":[{"floor":8.0,"key":"Centennial Puzzle"},{"floor":9.0,"key":"Ornamental Fan"},{"floor":26,"key":"The Specimen"},{"floor":27,"key":"Calipers"},{"floor":29,"key":"Smiling Mask"}],"event_choices":[{"event_name":"Liars Game","player_choice":"agreed","floor":4.0,"damage_taken":0.0},{"event_name":"Dead Adventurer","player_choice":"Searched \u00272\u0027 times","floor":10,"damage_taken":0},{"event_name":"Shining Light","player_choice":"Entered Light","floor":13,"damage_taken":0}],"is_beta":true,"boss_relics":[{"not_picked":["Astrolabe","Tiny House"],"picked":"Pandora\u0027s Box"},{"not_picked":["White Beast Statue","Orrery"],"picked":"Ring of the Serpent"}],"items_purged_floors":[5],"is_endless":false,"potions_floor_spawned":[1,12,14,22,25,29,31,36],"killed_by":"3 Darklings","ascension_level":0}