{"path_per_floor":["M","?","$","M","$","E","M","?","T","E","R","M","M","M","R","B",null,"M","?","M","$","M","R","?","R","T","R","E","M","?","M","R","B",null,"M","M","M","$"],"character_chosen":"THE_SILENT","items_purchased":["Apotheosis"],"gold_per_floor":[20,96,21,34,34,65,80,30,30,64,64,79,91,110,110,215,215,227,227,241,47,67,67,67,67,67,67,93,108,23,42,42,137,137,151,170,186,136],"floor_reached":39,"campfire_rested":1,"playtime":2218,"current_hp_per_floor":[69,69,69,69,69,61,61,61,61,55,55,55,53,46,46,23,72,66,53,43,43,44,44,44,44,51,51,23,13,13,8,35,37,94,85,84,83,83],"items_purged":["Strike_G","Strike_G"],"gold":136,"score":438,"play_id":"af73bb07-9a09-49f7-ae1f-495d0541e9eb","is_prod":false,"is_daily":false,"is_ascension_mode":false,"campfire_upgraded":5,"path_taken":["M","?","$","M","?","E","M","?","T","E","R","M","M","M","R","BOSS","M","?","M","$","M","R","?","R","T","R","E","M","?","M","R","BOSS","M","M","M","$","M"],"build_version":"2018-02-16-BETA2","purchased_purges":2,"victory":false,"master_deck":["Defend_G","Defend_G+1","Defend_G","Defend_G","Strike_G","Strike_G","Strike_G","Survivor","Neutralize","Glass Knife+1","Backstab+1","Terror+1","Footwork+1","Caltrops+1","Malaise","Well Laid Plans","PiercingWail","After Image","Footwork+1","Backflip+1","Apotheosis+1","Leg Sweep+1","Footwork+1","Setup"],"max_hp_per_floor":[70,70,70,70,70,70,70,70,70,70,70,70,70,72,72,72,72,72,77,77,77,79,79,79,79,86,86,88,90,90,92,92,94,94,94,94,94,94],"relics":["Ring of the Snake","Singing Bowl","War Paint","Smiling Mask","Sozu","Omamori","Strawberry","Blue Candle","Orichalcum","Question Card"],"card_choices":[{"not_picked":["Corpse Explosion","Wraith Form"],"picked":"Glass Knife"},{"not_picked":["Underhanded Strike","Flechettes"],"picked":"Backstab"},{"not_picked":["Blade Dance","Finisher"],"picked":"Terror"},{"not_picked":["Distraction","PiercingWail"],"picked":"Footwork"},{"not_picked":["Deflect","Poisoned Stab"],"picked":"Caltrops"},{"not_picked":["Cloak And Dagger","Sucker Punch"],"picked":"Malaise"},{"not_picked":["Setup","Deflect"],"picked":"Well Laid Plans"},{"not_picked":["Underhanded Strike","Acrobatics"],"picked":"PiercingWail"},{"not_picked":["Venomology","A Thousand Cuts"],"picked":"After Image"},{"not_picked":["Acrobatics","Dagger Spray"],"picked":"Footwork"},{"not_picked":["Flying Knee","Catalyst"],"picked":"Backflip"},{"not_picked":["Underhanded Strike","Deadly Poison","Bane"],"picked":"Leg Sweep"},{"not_picked":["Skewer","Noxious Fumes","Outmaneuver"],"picked":"Footwork"},{"not_picked":["Slice","Quick Slash","Acrobatics"],"picked":"Setup"}],"player_experience":216581,"potions_floor_usage":[],"damage_taken":[{"damage":1,"enemies":"Jaw Worm","floor":1,"turns":5},{"damage":0,"enemies":"Small Slimes","floor":4,"turns":2},{"damage":8,"enemies":"Lagavulin","floor":6,"turns":4},{"damage":0,"enemies":"Cultist","floor":7,"turns":2},{"damage":6,"enemies":"Gremlin Nob","floor":10,"turns":3},{"damage":0,"enemies":"3 Louse","floor":12,"turns":2},{"damage":2,"enemies":"Looter","floor":13,"turns":2},{"damage":9,"enemies":"Red Slaver","floor":14,"turns":4},{"damage":23,"enemies":"Slime Boss","floor":16,"turns":18},{"damage":6,"enemies":"Shell Parasite","floor":18,"turns":5},{"damage":10,"enemies":"Chosen","floor":20,"turns":8},{"damage":1,"enemies":"Sentry and Sphere","floor":22,"turns":8},{"damage":30,"enemies":"Gremlin Leader","floor":28,"turns":7},{"damage":12,"enemies":"Snake Plant","floor":29,"turns":5},{"damage":7,"enemies":"3 Cultists","floor":31,"turns":5},{"damage":0,"enemies":"Collector","floor":33,"turns":13},{"damage":9,"enemies":"3 Darklings","floor":35,"turns":7},{"damage":1,"enemies":"3 Shapes","floor":36,"turns":9},{"damage":1,"enemies":"Maw","floor":37,"turns":10},{"damage":88,"enemies":"4 Shapes","floor":39,"turns":14}],"event_choices":[{"event_name":"Golden Wing","player_choice":"Gained Gold","floor":2,"damage_taken":0},{"event_name":"The Cleric","player_choice":"Card Removal","floor":8,"damage_taken":0},{"event_name":"Forgotten Altar","player_choice":"Shed Blood","floor":19,"damage_taken":0},{"event_name":"The Mausoleum","player_choice":"Yes","floor":24,"damage_taken":0},{"event_name":"Addict","player_choice":"Obtained Relic","floor":30,"damage_taken":0}],"boss_relics":[{"not_picked":["Pandora\u0027s Box","Runic Pyramid"],"picked":"Sozu"},{"not_picked":["Snecko Eye","The Specimen"],"picked":"Question Card"}],"potions_floor_spawned":[1,10,14,16,20,22,31,33,35],"seed_played":"-4984285357732293680","killed_by":"4 Shapes","ascension_level":0,"is_trial":false}