{"gold_per_floor":[119,24,24,44,68,68,68,68,136,153,153,164,180,140,140,244,244,264,276,276,296,211,211,225,240,293,22,34,34,34,53,53,53],"floor_reached":33,"playtime":2137,"items_purged":["Strike_G"],"score":239,"play_id":"daa0ed81-8269-41c1-8788-4b21c2990439","local_time":"20180706014900","is_ascension_mode":false,"campfire_choices":[{"data":"Cloak And Dagger","floor":6,"key":"SMITH"},{"data":"Dagger Spray","floor":8,"key":"SMITH"},{"data":"Flying Knee","floor":11,"key":"SMITH"},{"data":"Terror","floor":15,"key":"SMITH"},{"data":"Neutralize","floor":23,"key":"SMITH"},{"data":"Prepared","floor":29,"key":"SMITH"},{"data":"Backflip","floor":32,"key":"SMITH"}],"neow_cost":"NONE","seed_source_timestamp":0,"circlet_count":0,"master_deck":["Defend_G","Defend_G","Defend_G","Defend_G","Defend_G","Strike_G","Survivor","Neutralize+1","Flying Knee+1","Dagger Spray+1","Well Laid Plans","Acrobatics","Cloak And Dagger+1","Dagger Throw","Terror+1","Blade Dance","Bullet Time","Skewer+1","Skewer","Malaise+1","Crippling Poison+1","Deflect","The Bomb","Prepared+1","Backflip+1"],"special_seed":17717,"relics":["Ring of the Snake","Omamori","Meat on the Bone","Coffee Dripper","Turnip","Anchor","Ninja Scroll"],"potions_floor_usage":[16,16,18,25,33,33],"damage_taken":[{"damage":0,"enemies":"Cultist","floor":1,"turns":4},{"damage":0,"enemies":"2 Louse","floor":4,"turns":3},{"damage":1,"enemies":"Jaw Worm","floor":10,"turns":2},{"damage":2,"enemies":"Exordium Thugs","floor":12,"turns":3},{"damage":2,"enemies":"Large Slime","floor":13,"turns":4},{"damage":19,"enemies":"Hexaghost","floor":16,"turns":6},{"damage":17,"enemies":"Spheric Guardian","floor":18,"turns":4},{"damage":0,"enemies":"Chosen","floor":19,"turns":3},{"damage":35,"enemies":"Slaver and Parasite","floor":21,"turns":6},{"damage":4,"enemies":"Centurion and Healer","floor":24,"turns":7},{"damage":0,"enemies":"Snecko","floor":25,"turns":4},{"damage":0,"enemies":"Sentry and Sphere","floor":28,"turns":4},{"damage":21,"enemies":"3 Cultists","floor":31,"turns":5},{"damage":44,"enemies":"Automaton","floor":33,"turns":6}],"seed_played":"-5958423263724567793","potions_obtained":[{"floor":4,"key":"Block Potion"},{"floor":10,"key":"SneckoOil"},{"floor":12,"key":"AttackPotion"},{"floor":14,"key":"Strength Potion"},{"floor":18,"key":"Ancient Potion"},{"floor":19,"key":"Dexterity Potion"},{"floor":28,"key":"Weak Potion"},{"floor":31,"key":"Swift Potion"}],"is_trial":false,"path_per_floor":["M","$","?","M","T","R","?","R","T","M","R","M","M","?","R","B",null,"M","M","?","M","?","R","M","M","T","$","M","R","T","M","R"],"character_chosen":"THE_SILENT","items_purchased":["Well Laid Plans","Acrobatics","The Bomb"],"campfire_rested":0,"item_purchase_floors":[2,2,27],"current_hp_per_floor":[70,70,70,70,70,70,70,70,70,69,69,67,65,65,65,46,70,53,53,53,30,30,30,38,38,38,38,38,38,38,29,29,0],"gold":53,"neow_bonus":"TRANSFORM_CARD","is_prod":false,"is_daily":false,"chose_seed":false,"campfire_upgraded":7,"win_rate":0,"timestamp":1530830940,"path_taken":["M","?","?","?","?","R","?","R","T","M","R","M","?","?","R","BOSS","M","M","?","?","?","R","?","M","T","$","M","R","?","M","R","BOSS"],"build_version":"2018-07-05","purchased_purges":1,"victory":false,"max_hp_per_floor":[70,70,70,70,70,70,70,70,70,70,70,70,70,70,70,70,70,70,70,70,70,70,70,70,70,70,70,70,70,70,70,70,70],"card_choices":[{"not_picked":["Cloak And Dagger","Slice"],"picked":"Dagger Spray","floor":1},{"not_picked":["Dodge and Roll","Poisoned Stab"],"picked":"Cloak And Dagger","floor":4},{"not_picked":["Skewer","Prepared"],"picked":"Dagger Throw","floor":10},{"not_picked":["Expertise","Riddle With Holes"],"picked":"Terror","floor":12},{"not_picked":["Prepared","Flying Knee"],"picked":"Blade Dance","floor":13},{"not_picked":["Envenom","Tools of the Trade"],"picked":"Bullet Time","floor":16},{"not_picked":["Acrobatics","Dagger Throw"],"picked":"Skewer+1","floor":18},{"not_picked":["Eviscerate","Acrobatics+1","Accuracy"],"picked":"SKIP","floor":19},{"not_picked":["Sucker Punch","Heel Hook+1"],"picked":"Malaise+1","floor":21},{"not_picked":["Distraction","Flying Knee"],"picked":"Crippling Poison+1","floor":24},{"not_picked":["Endless Agony","PiercingWail"],"picked":"Deflect","floor":25},{"not_picked":["Deadly Poison","Slice"],"picked":"Prepared","floor":28},{"not_picked":["Well Laid Plans+1","Expertise"],"picked":"Backflip","floor":31}],"player_experience":532226,"relics_obtained":[{"floor":5,"key":"Omamori"},{"floor":9,"key":"Meat on the Bone"},{"floor":26,"key":"Anchor"},{"floor":30,"key":"Ninja Scroll"}],"event_choices":[{"event_name":"The Cleric","player_choice":"Leave","floor":3,"damage_taken":0},{"event_name":"Bonfire Elementals","player_choice":"BASIC","floor":7,"damage_taken":0},{"event_name":"The Woman in Blue","player_choice":"Bought 3 Potions","floor":14,"damage_taken":0},{"event_name":"Transmorgrifier","player_choice":"Transform","floor":20,"damage_taken":0},{"event_name":"Addict","player_choice":"Obtained Relic","floor":22,"damage_taken":0}],"boss_relics":[{"not_picked":["Pandora\u0027s Box","Astrolabe"],"picked":"Coffee Dripper"}],"items_purged_floors":[27],"is_endless":false,"potions_floor_spawned":[4,10,12,18,19,28,31],"killed_by":"Automaton","ascension_level":0}