{"path_per_floor":["M","?","T","M","M","R","M","M","T","M","R","M","M","?","R","B",null,"M","?","M"],"character_chosen":"DEFECT","items_purchased":[],"gold_per_floor":[20,20,68,81,95,95,114,133,133,143,143,155,166,341,341,437,437,449,374,345,345],"floor_reached":21,"campfire_rested":0,"playtime":795,"current_hp_per_floor":[74,74,74,74,66,66,63,51,51,51,51,51,50,50,50,19,75,50,50,11,0],"items_purged":[],"gold":345,"score":175,"play_id":"bc423633-b247-48bf-9f52-2a08e55d4769","local_time":"20180502195156","is_prod":false,"is_daily":false,"chose_seed":false,"is_ascension_mode":false,"campfire_upgraded":3,"timestamp":1525279916,"path_taken":["M","?","?","?","M","R","M","M","T","?","R","M","M","?","R","BOSS","M","?","?","?"],"build_version":"2018-05-01v2","seed_source_timestamp":253669337654158,"purchased_purges":0,"victory":false,"master_deck":["Strike_B","Strike_B","Defend_B","Defend_B","Defend_B","Zap+1","Dualcast","Rip and Tear","Sweeping Beam","Auto Shields","Reprieve+1","Axe Kick","Stack","Go for the Eyes","Hello World","Gash+1","Doubt","Echo Form","Stack","Gash"],"max_hp_per_floor":[75,75,75,75,75,75,75,75,75,75,75,75,75,75,75,75,75,75,75,75,80],"relics":["Cracked Core","Prayer Wheel","Art of War","Philosopher\u0027s Stone"],"card_choices":[{"not_picked":["Scrape","Buffer"],"picked":"Rip and Tear","floor":1},{"not_picked":["Barrage","Ball Lightning"],"picked":"Sweeping Beam","floor":4},{"not_picked":["Capacitor","Lockon"],"picked":"Auto Shields","floor":5},{"not_picked":["Chaos","Ball Lightning"],"picked":"Reprieve","floor":7},{"not_picked":["Ball Lightning","Static Discharge"],"picked":"Axe Kick","floor":8},{"not_picked":["Multi-Cast","Sweeping Beam"],"picked":"Stack","floor":9},{"not_picked":["Buffer","Storm"],"picked":"Go for the Eyes","floor":10},{"not_picked":["Lockon","Defragment"],"picked":"Hello World","floor":12},{"not_picked":["Sweeping Beam","Storm"],"picked":"Gash","floor":13},{"not_picked":["Rainbow","Creative AI"],"picked":"Echo Form","floor":16},{"not_picked":["Heatsinks","Scrape"],"picked":"Stack","floor":18},{"not_picked":["Hologram","Stack"],"picked":"Gash","floor":20}],"player_experience":401730,"potions_floor_usage":[16],"damage_taken":[{"damage":1,"enemies":"2 Louse","floor":1,"turns":2},{"damage":0,"enemies":"Small Slimes","floor":4,"turns":2},{"damage":8,"enemies":"Jaw Worm","floor":5,"turns":3},{"damage":3,"enemies":"Red Slaver","floor":7,"turns":3},{"damage":12,"enemies":"Gremlin Gang","floor":8,"turns":4},{"damage":0,"enemies":"3 Louse","floor":10,"turns":3},{"damage":0,"enemies":"Large Slime","floor":12,"turns":4},{"damage":1,"enemies":"Looter","floor":13,"turns":2},{"damage":31,"enemies":"The Guardian","floor":16,"turns":13},{"damage":25,"enemies":"Spheric Guardian","floor":18,"turns":4},{"damage":39,"enemies":"2 Thieves","floor":20,"turns":5}],"event_choices":[{"event_name":"The Cleric","player_choice":"Leave","floor":2,"damage_taken":0},{"event_name":"Liars Game","player_choice":"agreed","floor":14,"damage_taken":0},{"event_name":"Beggar","player_choice":"Gave Gold","floor":19,"damage_taken":0}],"boss_relics":[{"not_picked":["Velvet Choker","Black Star"],"picked":"Philosopher\u0027s Stone"}],"potions_floor_spawned":[1,4,5,10],"seed_played":"2800768542512079977","ascension_level":0,"is_trial":false}