{"gold_per_floor":[118,135,145,320,280,280,296,308,333,333,333,365,365,383,383,383],"floor_reached":16,"playtime":3333,"items_purged":[],"score":102,"play_id":"dee55b0c-20ae-4d5e-bca1-fe5f5ff23e3c","local_time":"20180910133845","is_ascension_mode":false,"campfire_choices":[{"data":"Neutralize","floor":6,"key":"SMITH"},{"data":"Bullet Time","floor":10,"key":"SMITH"},{"data":"Masterful Stab","floor":15,"key":"SMITH"}],"neow_cost":"NONE","seed_source_timestamp":441650268533303,"circlet_count":0,"master_deck":["Defend_G","Defend_G","Defend_G","Defend_G","Defend_G","Strike_G","Strike_G","Strike_G","Strike_G","Strike_G","Survivor","Neutralize+1","Backflip","Escape Plan","Backflip","Doubt","Bullet Time+1","Dodge and Roll+1","Leg Sweep","Masterful Stab+1"],"relics":["Ring of the Snake","Regal Pillow","Omamori","Smiling Mask","Bag of Preparation"],"potions_floor_usage":[8,12,12,16,16,16,16],"damage_taken":[{"damage":0,"enemies":"Cultist","floor":1,"turns":5},{"damage":0,"enemies":"Small Slimes","floor":2,"turns":4},{"damage":0,"enemies":"2 Louse","floor":3,"turns":3},{"damage":0,"enemies":"Exordium Wildlife","floor":7,"turns":4},{"damage":0,"enemies":"Blue Slaver","floor":8,"turns":4},{"damage":12,"enemies":"3 Sentries","floor":12,"turns":20},{"damage":0,"enemies":"Lots of Slimes","floor":14,"turns":9},{"damage":63,"enemies":"Slime Boss","floor":16,"turns":19}],"seed_played":"-4929003710361873602","potions_obtained":[{"floor":3,"key":"Poison Potion"},{"floor":5,"key":"GhostInAJar"},{"floor":5,"key":"EntropicBrew"},{"floor":8,"key":"Dexterity Potion"},{"floor":14,"key":"Energy Potion"}],"is_trial":false,"path_per_floor":["M","M","M","?","?","R","M","M","T","R","T","E","?","M","R"],"character_chosen":"THE_SILENT","items_purchased":[],"campfire_rested":0,"item_purchase_floors":[],"current_hp_per_floor":[70,70,70,70,70,70,70,70,70,70,70,58,58,58,58,0],"gold":383,"neow_bonus":"RANDOM_COMMON_RELIC","is_prod":false,"is_daily":false,"chose_seed":false,"campfire_upgraded":3,"win_rate":0,"timestamp":1536575925,"path_taken":["M","?","M","?","?","R","M","M","T","R","?","E","?","M","R","BOSS"],"build_version":"2018-09-06","purchased_purges":0,"victory":false,"max_hp_per_floor":[70,70,70,70,70,70,70,70,70,70,70,70,70,70,70,70],"card_choices":[{"not_picked":["Sucker Punch","Deflect"],"picked":"Backflip","floor":1},{"not_picked":["Bane","Reflex"],"picked":"Escape Plan","floor":2},{"not_picked":["Finisher","PiercingWail"],"picked":"Backflip","floor":3},{"not_picked":["Acrobatics","Slice"],"picked":"Bullet Time","floor":7},{"not_picked":["Blade Dance","PiercingWail"],"picked":"Dodge and Roll","floor":8},{"not_picked":["Quick Slash","Prepared"],"picked":"Leg Sweep","floor":12},{"not_picked":["Dodge and Roll","Flechettes"],"picked":"Masterful Stab","floor":14}],"player_experience":682238,"relics_obtained":[{"floor":9,"key":"Omamori"},{"floor":11,"key":"Smiling Mask"},{"floor":12,"key":"Bag of Preparation"}],"event_choices":[{"event_name":"Liars Game","player_choice":"agreed","floor":4,"damage_taken":0},{"event_name":"The Woman in Blue","player_choice":"Bought 3 Potions","floor":5,"damage_taken":0},{"event_name":"Upgrade Shrine","player_choice":"Upgraded","floor":13,"damage_taken":0}],"is_beta":true,"boss_relics":[],"items_purged_floors":[],"is_endless":false,"potions_floor_spawned":[3,8,14],"killed_by":"Slime Boss","ascension_level":0}