{"path_per_floor":["M","M","?","$","M","R","E","R","T","M","M","M","M","?","R","B",null,"M","?","?","?","?","R","M","R","T","M","M","M","?","M","R","B",null,"M","$","$","M","M","R","M","?","T","M","?","R","M","M","R"],"character_chosen":"THE_SILENT","items_purchased":["Snake Skull","Vajra","Thread and Needle"],"gold_per_floor":[12,28,28,28,41,41,68,68,136,155,167,185,201,201,201,304,304,315,344,344,244,244,244,260,260,285,297,315,332,332,342,342,446,446,464,29,29,41,58,58,77,299,299,316,316,316,331,342,342],"floor_reached":50,"campfire_rested":3,"playtime":6728,"current_hp_per_floor":[67,60,46,46,42,42,31,31,31,31,31,29,29,22,43,11,70,51,41,80,80,80,80,77,77,77,73,58,47,73,55,55,13,80,75,75,75,74,43,43,21,21,21,13,33,57,56,28,52],"items_purged":["Strike_G"],"gold":342,"play_id":"2bfdac1e-ba4a-459b-a616-16085f8b68dc","is_prod":false,"is_daily":false,"is_ascension_mode":false,"campfire_upgraded":6,"path_taken":["M","M","?","?","M","R","E","R","T","M","M","M","M","?","R","BOSS","M","?","?","?","?","R","M","R","T","M","?","M","?","?","R","BOSS","M","?","$","?","M","R","M","?","T","?","?","R","M","M","R","BOSS"],"build_version":"2018-02-02-BETA1","purchased_purges":1,"victory":false,"master_deck":["Defend_G","Defend_G","Defend_G+1","Defend_G+1","Strike_G","Strike_G","Survivor","Neutralize","Dash+1","Malaise+1","Prepared","Bouncing Flask+1","Footwork+1","Acrobatics","Deadly Poison","Cloak And Dagger","Die Die Die","Footwork+1","Noxious Fumes+1","J.A.X.","Blur","Caltrops+1","Footwork+1","Night Terror","Escape Plan","Setup","Catalyst","Calculated Gamble","Writhe","Bullet Time","Escape Plan+1"],"max_hp_per_floor":[70,70,70,70,70,70,70,70,70,70,70,70,70,70,70,70,70,70,70,80,80,80,80,80,80,80,80,80,80,80,80,80,80,80,80,80,80,80,80,80,80,80,80,80,80,80,80,80,80],"relics":["Ring of the Snake","Mummified Hand","The Courier","Orrery","Red Mask","Blood Vial","The Specimen","Snake Skull","Vajra","Thread and Needle","Tingsha"],"card_choices":[{"not_picked":["Bane","Prepared"],"picked":"Dash"},{"not_picked":["Poisoned Stab","Concentrate"],"picked":"Malaise"},{"not_picked":["Slice","Deadly Poison"],"picked":"Prepared"},{"not_picked":["Backflip","Cloak And Dagger"],"picked":"Bouncing Flask"},{"not_picked":["Infinite Blades","Cloak And Dagger"],"picked":"Footwork"},{"not_picked":["All Out Attack","Grand Finale"],"picked":"Acrobatics"},{"not_picked":["Deflect","PiercingWail"],"picked":"Deadly Poison"},{"not_picked":["Flying Knee","Sucker Punch"],"picked":"Cloak And Dagger"},{"not_picked":["A Thousand Cuts","Venomology"],"picked":"Die Die Die"},{"not_picked":["Dagger Spray","Dodge and Roll"],"picked":"Footwork"},{"not_picked":["Outmaneuver","Crippling Poison"],"picked":"Venomology"},{"not_picked":["Bane","Poisoned Stab"],"picked":"Noxious Fumes"},{"not_picked":["Backflip","Finisher"],"picked":"Blur"},{"not_picked":["Deflect","Poisoned Stab"],"picked":"Caltrops"},{"not_picked":["Dash","Dodge and Roll"],"picked":"Footwork"},{"not_picked":["Envenom","Grand Finale"],"picked":"Night Terror"},{"not_picked":["Bane","Quick Slash"],"picked":"Escape Plan"},{"not_picked":["Acrobatics","Sucker Punch"],"picked":"Setup"},{"not_picked":["Footwork","PiercingWail"],"picked":"Catalyst"},{"not_picked":["Underhanded Strike","Deadly Poison"],"picked":"Calculated Gamble"},{"not_picked":["Terror","Underhanded Strike"],"picked":"Bullet Time"},{"not_picked":["Dodge and Roll","Dagger Throw"],"picked":"Escape Plan"}],"player_experience":172586,"potions_floor_usage":[7,7,13,16,18,19,33,33,35,38,44,48],"damage_taken":[{"damage":3,"enemies":"Jaw Worm","floor":1,"turns":4},{"damage":7,"enemies":"Small Slimes","floor":2,"turns":3},{"damage":4,"enemies":"Blue Slaver","floor":5,"turns":5},{"damage":26,"enemies":"Gremlin Nob","floor":7,"turns":7},{"damage":0,"enemies":"Looter","floor":10,"turns":3},{"damage":0,"enemies":"Exordium Thugs","floor":11,"turns":6},{"damage":2,"enemies":"2 Fungi Beasts","floor":12,"turns":3},{"damage":0,"enemies":"Exordium Wildlife","floor":13,"turns":5},{"damage":32,"enemies":"Slime Boss","floor":16,"turns":11},{"damage":19,"enemies":"3 Byrds","floor":18,"turns":5},{"damage":25,"enemies":"Masked Bandits","floor":19,"turns":6},{"damage":3,"enemies":"Chosen","floor":24,"turns":5},{"damage":6,"enemies":"Snake Plant","floor":27,"turns":6},{"damage":17,"enemies":"Cultist and Chosen","floor":28,"turns":6},{"damage":13,"enemies":"Slaver and Parasite","floor":29,"turns":5},{"damage":20,"enemies":"Centurion and Healer","floor":31,"turns":6},{"damage":59,"enemies":"Champ","floor":33,"turns":13},{"damage":5,"enemies":"Orb Walker","floor":35,"turns":5},{"damage":3,"enemies":"3 Shapes","floor":38,"turns":3},{"damage":33,"enemies":"Spire Growth","floor":39,"turns":6},{"damage":24,"enemies":"Sphere and 2 Shapes","floor":41,"turns":7},{"damage":10,"enemies":"3 Darklings","floor":44,"turns":4},{"damage":3,"enemies":"Maw","floor":47,"turns":6},{"damage":30,"enemies":"Spire Growth","floor":48,"turns":6},{"damage":54,"enemies":"Awakened One","floor":50,"turns":4}],"event_choices":[{"event_name":"Shining Light","player_choice":"Entered Light","floor":3,"damage_taken":0},{"event_name":"Golden Wing","player_choice":"Card Removal","floor":14,"damage_taken":0},{"event_name":"Masked Bandits","player_choice":"Fought over 315 gold","floor":19,"damage_taken":0},{"event_name":"Bonfire Elementals","player_choice":"RARE","floor":20,"damage_taken":0},{"event_name":"Drug Dealer","player_choice":"Got JAXXED","floor":21,"damage_taken":0},{"event_name":"Vampires","player_choice":"Ignored","floor":22,"damage_taken":0},{"event_name":"The Library","player_choice":"Heal","floor":30,"damage_taken":0},{"event_name":"Tomb of Lord Red Mask","player_choice":"Wore Mask","floor":42,"damage_taken":0},{"event_name":"Winding Halls","player_choice":"Writhe","floor":45,"damage_taken":0}],"boss_relics":[{"not_picked":["Ectoplasm","Snecko Eye"],"picked":"Orrery"},{"not_picked":["Philosopher\u0027s Stone","White Beast Statue"],"picked":"The Specimen"}],"potions_floor_spawned":[2,5,12,13,18,19,31,33,41,44],"seed_played":"8695447332684866601","killed_by":"Awakened One","ascension_level":0,"is_trial":false}