{"path_per_floor":["M","M","?","M","M","T","R","M","T","$","M","R","M","M","R","B",null,"M","?","?","?","M","R","M","M","T","M","?","M","$","M","R","B",null,"M","?","?","?","M","E","M","M","T","R","M","$","?","M","R","B"],"character_chosen":"THE_SILENT","items_purchased":["Paper Crane","Letter Opener","Caltrops","Leg Sweep","Poison Potion","Noxious Fumes","Accuracy","Block Potion","Cloak And Dagger"],"gold_per_floor":[366,378,378,390,408,460,460,470,770,9,23,23,33,3,3,104,104,117,117,117,117,136,136,154,166,166,186,186,196,27,43,43,145,145,155,155,204,204,223,249,266,279,279,279,291,15,15,32,32,32],"floor_reached":51,"campfire_rested":1,"playtime":7861,"current_hp_per_floor":[70,70,63,61,61,68,68,37,37,37,31,31,31,30,30,18,77,77,77,68,68,64,64,52,32,32,49,33,40,40,48,48,2,82,66,66,46,46,48,47,45,30,30,30,40,40,40,43,67,26],"items_purged":["Injury","Strike_G","Strike_G"],"gold":32,"play_id":"3c488cc5-4db0-4aad-ab31-35ccb9c9b7bf","is_prod":false,"is_daily":false,"is_ascension_mode":false,"campfire_upgraded":5,"path_taken":["M","M","?","M","?","?","R","M","T","?","M","R","?","M","R","BOSS","M","?","?","?","M","R","M","M","T","M","?","M","$","?","R","BOSS","M","?","?","?","M","E","?","M","T","R","M","$","?","M","R","BOSS"],"build_version":"2018-02-02-BETA1","purchased_purges":3,"victory":true,"master_deck":["Defend_G","Defend_G","Defend_G","Strike_G","Survivor","Neutralize+1","Poisoned Stab","Blur","Acrobatics","Footwork+1","Caltrops+1","Leg Sweep","Dash+1","Cloak And Dagger","Terror","Burst","Riddle With Holes+1","Dagger Spray+1","Unload+1","Infinite Blades","Bouncing Flask+1","Underhanded Strike+1","Malaise+1","Heel Hook+1","Noxious Fumes+1","Cloak And Dagger+1","Adrenaline","Backstab+1","Setup+1","Catalyst+1","Deadly Poison+1","Accuracy","Cloak And Dagger","Adrenaline"],"max_hp_per_floor":[70,70,70,70,70,77,77,77,77,77,77,77,77,77,77,77,77,77,77,82,82,82,82,82,82,82,82,82,82,82,82,82,82,82,82,82,82,82,82,82,82,82,82,82,82,82,82,82,82,82],"relics":["Ring of the Snake","Molten Egg 2","Strawberry","Old Coin","Paper Crane","Letter Opener","Astrolabe","Bird Faced Urn","Enchiridion","Calling Bell","Vajra","Centennial Puzzle","Art of War","Girya","Mummified Hand","Anchor"],"card_choices":[{"not_picked":["Flying Knee","Dodge and Roll"],"picked":"Poisoned Stab"},{"not_picked":["Dagger Spray","Choke"],"picked":"Blur"},{"not_picked":["Slice","Sucker Punch"],"picked":"Acrobatics"},{"not_picked":["Poisoned Stab","Outmaneuver"],"picked":"Footwork"},{"not_picked":["Endless Agony","Venomology"],"picked":"Dash"},{"not_picked":["Slice","Outmaneuver"],"picked":"Cloak And Dagger"},{"not_picked":["Predator","Dash"],"picked":"Terror"},{"not_picked":["Wraith Form","Storm of Steel"],"picked":"Burst"},{"not_picked":["Flying Knee","Deadly Poison"],"picked":"Infinite Blades"},{"not_picked":["Sucker Punch","Riddle With Holes"],"picked":"Underhanded Strike"},{"not_picked":["Tools of the Trade","Terror"],"picked":"Malaise"},{"not_picked":["Outmaneuver","Blur"],"picked":"Heel Hook"},{"not_picked":["Bouncing Flask","Concentrate"],"picked":"Cloak And Dagger"},{"not_picked":["Burst","Tools of the Trade"],"picked":"Adrenaline"},{"not_picked":["Quick Slash","Dash"],"picked":"Backstab"},{"not_picked":["Malaise","Leg Sweep"],"picked":"Setup"},{"not_picked":["Caltrops","Cloak And Dagger"],"picked":"Catalyst"},{"not_picked":["Finisher","Slice"],"picked":"Deadly Poison"}],"player_experience":159615,"potions_floor_usage":[39,40,45,45,50],"damage_taken":[{"damage":0.0,"enemies":"2 Louse","floor":1.0,"turns":4.0},{"damage":0.0,"enemies":"Jaw Worm","floor":2.0,"turns":4.0},{"damage":2.0,"enemies":"Blue Slaver","floor":4.0,"turns":6.0},{"damage":0.0,"enemies":"Exordium Wildlife","floor":5.0,"turns":3.0},{"damage":31.0,"enemies":"Gremlin Gang","floor":8.0,"turns":6.0},{"damage":6.0,"enemies":"Exordium Thugs","floor":11.0,"turns":6.0},{"damage":0.0,"enemies":"Red Slaver","floor":13.0,"turns":5.0},{"damage":1.0,"enemies":"Looter","floor":14.0,"turns":4.0},{"damage":12.0,"enemies":"Slime Boss","floor":16.0,"turns":14.0},{"damage":0.0,"enemies":"Chosen","floor":18.0,"turns":7.0},{"damage":4.0,"enemies":"Spheric Guardian","floor":22.0,"turns":7.0},{"damage":12.0,"enemies":"Cultist and Chosen","floor":24.0,"turns":8.0},{"damage":20.0,"enemies":"Sentry and Sphere","floor":25.0,"turns":6.0},{"damage":4.0,"enemies":"Snecko","floor":27.0,"turns":7.0},{"damage":1.0,"enemies":"Cultist and Chosen","floor":29.0,"turns":6.0},{"damage":2.0,"enemies":"Centurion and Healer","floor":31.0,"turns":7.0},{"damage":56.0,"enemies":"Champ","floor":33.0,"turns":14.0},{"damage":22.0,"enemies":"3 Darklings","floor":35.0,"turns":5.0},{"damage":30.0,"enemies":"Mysterious Sphere","floor":37.0,"turns":6.0},{"damage":4,"enemies":"Orb Walker","floor":39,"turns":3},{"damage":21,"enemies":"2 Orb Walkers","floor":40,"turns":4},{"damage":8,"enemies":"Sphere and 2 Shapes","floor":41,"turns":4},{"damage":23,"enemies":"Flame Bruiser 2 Orb","floor":42,"turns":4},{"damage":0,"enemies":"3 Darklings","floor":45,"turns":4},{"damage":9,"enemies":"4 Shapes","floor":48,"turns":5},{"damage":53,"enemies":"Time Eater","floor":50,"turns":11}],"event_choices":[{"event_name":"Scrap Ooze","player_choice":"success","floor":3.0,"damage_taken":7.0},{"event_name":"Purifier","player_choice":"One Purge","floor":19.0,"damage_taken":0.0},{"event_name":"Forgotten Altar","player_choice":"Shed Blood","floor":20.0,"damage_taken":0.0},{"event_name":"Match and Keep!","player_choice":"1 cards matched","floor":21.0,"damage_taken":0.0},{"event_name":"Cursed Tome","player_choice":"Obtained Book","floor":28.0,"damage_taken":0.0},{"event_name":"Fountain of Cleansing","player_choice":"Removed Curse","floor":36.0,"damage_taken":0.0},{"event_name":"Mysterious Sphere","player_choice":"Fight","floor":37.0,"damage_taken":0.0},{"event_name":"Tomb of Lord Red Mask","player_choice":"Ignored","floor":38,"damage_taken":0},{"event_name":"Duplicator","player_choice":"One dupe","floor":47,"damage_taken":0}],"boss_relics":[],"potions_floor_spawned":[2,8,11,16,25,27,29,37,39,40,42],"seed_played":"947371121236769334","ascension_level":0,"is_trial":false}