{"gold_per_floor":[19,31,43,43,59,127,127,171,218,218,218,232,109,109,109,109],"floor_reached":16,"playtime":739,"items_purged":["Strike_G"],"score":110,"play_id":"be87d9ff-1db7-4831-a06e-15afbcbaaf3f","local_time":"20180820193830","is_ascension_mode":false,"campfire_choices":[{"data":"Neutralize","floor":7,"key":"SMITH"},{"floor":10,"key":"REST"},{"data":"Dash","floor":15,"key":"SMITH"}],"neow_cost":"NO_GOLD","seed_source_timestamp":948138863945470,"circlet_count":0,"master_deck":["Defend_G","Defend_G","Defend_G","Defend_G","Defend_G","Strike_G","Strike_G","Strike_G","Survivor","Neutralize+1","Burst","Quick Slash","Outmaneuver","Poisoned Stab","Backstab","Burst","Dash+1","Phantasmal Killer","Sucker Punch","Backflip"],"relics":["Ring of the Snake","Golden Idol","Tiny Chest","Mummified Hand","Blood Vial","Gremlin Horn"],"potions_floor_usage":[6,6,16],"damage_taken":[{"damage":3,"enemies":"Jaw Worm","floor":1,"turns":5},{"damage":0,"enemies":"Small Slimes","floor":2,"turns":3},{"damage":0,"enemies":"Cultist","floor":3,"turns":4},{"damage":0,"enemies":"3 Louse","floor":5,"turns":2},{"damage":23,"enemies":"Lagavulin","floor":6,"turns":6},{"damage":19,"enemies":"Gremlin Nob","floor":8,"turns":5},{"damage":15,"enemies":"Lots of Slimes","floor":12,"turns":4},{"damage":20,"enemies":"Hexaghost","floor":16,"turns":13}],"seed_played":"-1490310873197979763","potions_obtained":[{"floor":1,"key":"LiquidBronze"},{"floor":5,"key":"GamblersBrew"},{"floor":6,"key":"Weak Potion"}],"is_trial":false,"path_per_floor":["M","M","M","?","M","E","R","E","T","R","?","M","$","T","R"],"character_chosen":"THE_SILENT","items_purchased":["Backflip"],"campfire_rested":1,"item_purchase_floors":[13],"current_hp_per_floor":[67,67,67,50,50,27,27,8,8,29,29,16,16,16,16,0],"gold":109,"neow_bonus":"THREE_RARE_CARDS","is_prod":false,"is_daily":false,"chose_seed":false,"campfire_upgraded":2,"win_rate":0,"timestamp":1534783110,"path_taken":["M","M","M","?","?","E","R","E","T","R","?","M","$","?","R","BOSS"],"build_version":"2018-08-16","purchased_purges":1,"victory":false,"max_hp_per_floor":[70,70,70,70,70,70,70,70,70,70,70,70,70,70,70,70],"card_choices":[{"not_picked":["Venomology","Envenom"],"picked":"Burst","floor":0},{"not_picked":["Dagger Throw","Dodge and Roll"],"picked":"Quick Slash","floor":1},{"not_picked":["PiercingWail","Underhanded Strike"],"picked":"Outmaneuver","floor":2},{"not_picked":["Outmaneuver","Accuracy"],"picked":"Poisoned Stab","floor":3},{"not_picked":["Reflex","Infinite Blades"],"picked":"Backstab","floor":5},{"not_picked":["Poisoned Stab","Outmaneuver"],"picked":"Burst","floor":6},{"not_picked":["Masterful Stab","Acrobatics"],"picked":"Dash","floor":8},{"not_picked":["Noxious Fumes","Blade Dance"],"picked":"Sucker Punch","floor":12}],"player_experience":642762,"relics_obtained":[{"floor":6,"key":"Tiny Chest"},{"floor":8,"key":"Mummified Hand"},{"floor":9,"key":"Blood Vial"},{"floor":14,"key":"Gremlin Horn"}],"event_choices":[{"event_name":"Golden Idol","player_choice":"Take Damage","floor":4,"damage_taken":0},{"event_name":"Transmorgrifier","player_choice":"Transform","floor":11,"damage_taken":0}],"is_beta":true,"boss_relics":[],"items_purged_floors":[13],"is_endless":false,"potions_floor_spawned":[1,5,6],"killed_by":"Hexaghost","ascension_level":0}