{"path_per_floor":["M","M","?","?","?","E","M","R","T","M","$","?","R","M","R","B",null,"M","?","?","M","?","R","M","M","T","M","?","M","R","E","R","B",null,"M","?","$","M","T","R","E","R","T","M","$","T","$","M","R","B"],"character_chosen":"THE_SILENT","items_purchased":["Infinite Blades","Distraction","Apotheosis","Tiny Chest","Shuriken","Footwork","Oddly Smooth Stone"],"gold_per_floor":[114,128,128,128,128,160,180,180,232,250,62,62,62,82,82,212,212,233,233,233,248,148,148,166,185,253,269,269,289,289,332,332,458,458,476,809,79,96,96,96,124,124,150,161,6,30,30,44,44,44],"floor_reached":51,"campfire_rested":4,"playtime":4333,"current_hp_per_floor":[70,70,70,77,77,76,69,69,69,69,69,47,47,40,40,16,91,91,91,63,63,63,63,60,26,26,21,21,5,23,25,43,28,63,38,38,38,40,40,40,27,45,45,38,38,38,38,35,53,15],"items_purged":["Strike_G","Writhe"],"gold":44,"play_id":"1d59bf9b-10de-4184-b0b6-4fd3e73fa38a","is_prod":false,"is_daily":false,"campfire_rituals":0,"campfire_upgraded":5,"is_hardmode":false,"path_taken":["M","M","?","?","?","E","M","R","T","M","$","?","R","M","R","BOSS","M","?","?","?","?","R","M","?","T","M","?","M","R","E","R","BOSS","M","?","?","M","?","R","E","R","T","M","?","?","$","M","R","BOSS"],"build_version":"2018-01-21-BETA1","purchased_purges":2,"victory":true,"master_deck":["Defend_G","Defend_G","Defend_G","Survivor","Well Laid Plans","Dash","Flechettes","Neutralize","Tools of the Trade","Backflip","Infinite Blades","Distraction","Blur","Storm of Steel","Bite_G","Bite_G","Bite_G","J.A.X.","Infinite Blades","Terror","Malaise","Adrenaline","PiercingWail","Endless Agony","Cloak And Dagger","Cloak And Dagger","Apotheosis","Footwork","Accuracy","Prepared"],"max_hp_per_floor":[70,70,70,84,84,91,91,91,91,91,91,91,91,91,91,91,91,91,91,63,63,63,63,63,63,63,63,63,63,63,63,63,63,63,63,63,63,63,63,63,63,63,63,63,63,63,63,63,63,63],"relics":["Ring of the Snake","Mango","Strawberry","Bag of Preparation","Sozu","Mercury Hourglass","Prayer Wheel","Ancient Tea Set","Astrolabe","Tiny Chest","Shuriken","Du-Vu Doll","Whetstone","Toxic Egg","Oddly Smooth Stone","Happy Flower"],"campfire_meditates":0,"card_choices":[{"not_picked":["Slice","Deflect"],"picked":"Well Laid Plans"},{"not_picked":["All Out Attack","Reflex"],"picked":"Dash"},{"not_picked":["Caltrops","Leg Sweep"],"picked":"Backflip"},{"not_picked":["Finisher","PiercingWail"],"picked":"Blur"},{"not_picked":["Tools of the Trade","Die Die Die"],"picked":"Storm of Steel"},{"not_picked":["Flechettes","Masterful Stab"],"picked":"Infinite Blades"},{"not_picked":["Flechettes","Blade Dance"],"picked":"Terror"},{"not_picked":["Flying Knee","Dash"],"picked":"Malaise"},{"not_picked":["Night Terror","Corpse Explosion"],"picked":"Adrenaline"},{"not_picked":["Dagger Spray","Bane"],"picked":"Cloak And Dagger"},{"not_picked":["Deadly Poison","Quick Slash"],"picked":"Accuracy"},{"not_picked":["Poisoned Stab","Terror"],"picked":"Prepared"}],"player_experience":138754,"potions_floor_usage":[16,16,16],"damage_taken":[{"damage":0,"enemies":"Blue Slaver","floor":1,"turns":6},{"damage":0,"enemies":"Cultist","floor":2,"turns":5},{"damage":8,"enemies":"Gremlin Nob","floor":6,"turns":5},{"damage":7,"enemies":"Small Slimes","floor":7,"turns":3},{"damage":0,"enemies":"2 Fungi Beasts","floor":10,"turns":2},{"damage":7,"enemies":"Lots of Slimes","floor":14,"turns":4},{"damage":24,"enemies":"The Guardian","floor":16,"turns":11},{"damage":0,"enemies":"Chosen","floor":18,"turns":4},{"damage":0,"enemies":"Shell Parasite","floor":21,"turns":5},{"damage":9,"enemies":"3 Cultists","floor":24,"turns":7},{"damage":40,"enemies":"Snake Plant","floor":25,"turns":5},{"damage":15,"enemies":"Slaver and Parasite","floor":27,"turns":5},{"damage":20,"enemies":"Sentry and Sphere","floor":29,"turns":4},{"damage":10,"enemies":"Book of Stabbing","floor":31,"turns":8},{"damage":43,"enemies":"Champ","floor":33,"turns":14},{"damage":29,"enemies":"3 Darklings","floor":35,"turns":8},{"damage":3,"enemies":"Flame Bruiser 1 Orb","floor":38,"turns":4},{"damage":13,"enemies":"Nemesis","floor":41,"turns":7},{"damage":13,"enemies":"Sphere and 2 Shapes","floor":44,"turns":4},{"damage":6,"enemies":"Flame Bruiser 2 Orb","floor":48,"turns":4},{"damage":47,"enemies":"Awakened One","floor":50,"turns":9}],"event_choices":[{"event_name":"Purifier","player_choice":"One Purge","floor":3,"damage_taken":0},{"event_name":"Scrap Ooze","player_choice":"success","floor":4,"damage_taken":7},{"event_name":"Match and Keep!","player_choice":"3 cards matched","floor":5,"damage_taken":0},{"event_name":"Golden Idol","player_choice":"Take Damage","floor":12,"damage_taken":0},{"event_name":"Back to Basics","player_choice":"Elegance","floor":19,"damage_taken":0},{"event_name":"Vampires","player_choice":"Became a vampire","floor":20,"damage_taken":0},{"event_name":"Drug Dealer","player_choice":"Got JAXXED","floor":22,"damage_taken":0},{"event_name":"The Mausoleum","player_choice":"Yes","floor":28,"damage_taken":0},{"event_name":"The Moai Head","player_choice":"Gave Idol","floor":36,"damage_taken":0}],"boss_relics":[{"not_picked":["Pandora\u0027s Box","Lizard Tail"],"picked":"Sozu"},{"not_picked":["Calling Bell","The Specimen"],"picked":"Astrolabe"}],"potions_floor_spawned":[2,6,10,14,16,24,25,35,38],"seed_played":"-1022997196284988727","is_trial":false}