{"gold_per_floor":[117,117,133,208,30,63,63,104,104,137,180,194,194,194,194,320,320,344,360,375,375,406,406,440,440,440,479,479,523,523,556,556,676,676,697,697,728,728,764,764,805,836,860,896,919,952,991,1065,1065,1065],"floor_reached":51,"playtime":2822,"items_purged":[],"score":1349,"play_id":"280fb86f-bf13-44a7-a427-ba3b65290ccd","local_time":"20181027223658","daily_mods":["Heirloom","Time Dilation","Flight","DeadlyEvents","Elite Swarm"],"is_ascension_mode":false,"campfire_choices":[{"data":"Zap","floor":7,"key":"SMITH"},{"floor":13,"key":"REST"},{"data":"Dualcast","floor":15,"key":"SMITH"},{"data":"Streamline","floor":23,"key":"SMITH"},{"floor":25,"key":"REST"},{"data":"Fission","floor":28,"key":"SMITH"},{"floor":30,"key":"REST"},{"data":"Echo Form","floor":32,"key":"SMITH"},{"data":"Double Energy","floor":40,"key":"SMITH"},{"data":"Fission","floor":49,"key":"SMITH"}],"neow_cost":"","seed_source_timestamp":0,"circlet_count":0,"master_deck":["Strike_B","Strike_B","Strike_B","Defend_B","Defend_B","Defend_B","Zap+1","Dualcast+1","Ball Lightning","Injury","Compile Driver","Streamline+1","Core Surge","Reboot","Echo Form+1","Amplify","BootSequence","All For One","Beam Cell+1","Steam","Auto Shields","Electrodynamics","Fission+1","Machine Learning","Echo Form+1","Buffer","Sweeping Beam","Double Energy+1","Madness","Madness","Rainbow","Thunder Strike","Electrodynamics","Biased Cognition","Seek","Fission+1"],"relics":["Cracked Core","Calipers","Golden Idol","PreservedInsect","Du-Vu Doll","Pocketwatch","Pantograph","Lantern","Mango","Empty Cage","Bottled Tornado","Potion Belt","Pen Nib","Pear","Omamori","FossilizedHelix","Prayer Wheel","Busted Crown","Blood Vial","DataDisk","Incense Burner","Gremlin Horn","Darkstone Periapt","Smiling Mask","Bag of Marbles","Ancient Tea Set","Bottled Lightning","Bottled Flame","Tiny Chest"],"potions_floor_usage":[8,11,11,20,22,27,29,50,50],"damage_taken":[{"damage":1,"enemies":"Small Slimes","floor":1,"turns":3},{"damage":6,"enemies":"Jaw Worm","floor":3,"turns":3},{"damage":21,"enemies":"Lagavulin","floor":6,"turns":4},{"damage":9,"enemies":"3 Sentries","floor":8,"turns":4},{"damage":18,"enemies":"Lagavulin","floor":10,"turns":3},{"damage":4,"enemies":"3 Sentries","floor":11,"turns":3},{"damage":6,"enemies":"Cultist","floor":12,"turns":3},{"damage":35,"enemies":"Hexaghost","floor":16,"turns":9},{"damage":25,"enemies":"2 Thieves","floor":18,"turns":3},{"damage":12,"enemies":"Shell Parasite","floor":19,"turns":3},{"damage":0,"enemies":"Snecko","floor":20,"turns":2},{"damage":12,"enemies":"Book of Stabbing","floor":22,"turns":3},{"damage":16,"enemies":"Gremlin Leader","floor":24,"turns":3},{"damage":20,"enemies":"Book of Stabbing","floor":27,"turns":3},{"damage":22,"enemies":"Slavers","floor":29,"turns":2},{"damage":0,"enemies":"Gremlin Leader","floor":31,"turns":3},{"damage":32,"enemies":"Collector","floor":33,"turns":7},{"damage":0,"enemies":"Orb Walker","floor":35,"turns":3},{"damage":0,"enemies":"Giant Head","floor":37,"turns":5},{"damage":0,"enemies":"Reptomancer","floor":39,"turns":3},{"damage":0,"enemies":"Giant Head","floor":41,"turns":6},{"damage":6,"enemies":"Nemesis","floor":42,"turns":3},{"damage":0,"enemies":"Giant Head","floor":44,"turns":4},{"damage":13,"enemies":"Reptomancer","floor":46,"turns":4},{"damage":0,"enemies":"Nemesis","floor":47,"turns":5},{"damage":0,"enemies":"Giant Head","floor":48,"turns":6},{"damage":36,"enemies":"Donu and Deca","floor":50,"turns":7}],"seed_played":"-5169447930657244344","potions_obtained":[{"floor":1,"key":"GamblersBrew"},{"floor":3,"key":"LiquidBronze"},{"floor":6,"key":"GamblersBrew"},{"floor":10,"key":"Explosive Potion"},{"floor":19,"key":"Weak Potion"},{"floor":20,"key":"Swift Potion"},{"floor":24,"key":"AttackPotion"},{"floor":33,"key":"FearPotion"},{"floor":37,"key":"EssenceOfSteel"},{"floor":41,"key":"Strength Potion"}],"is_trial":true,"path_per_floor":["M","?","M","?","$","E","R","E","T","E","E","M","R","?","R","B",null,"M","M","M","T","E","R","E","R","T","E","R","E","R","E","R","B",null,"M","?","E","T","E","R","E","E","T","E","T","E","E","E","R","B"],"character_chosen":"DEFECT","items_purchased":["PreservedInsect","Streamline"],"campfire_rested":3,"item_purchase_floors":[5,5],"current_hp_per_floor":[74,74,68,57,57,36,36,27,27,9,19,13,39,39,39,29,89,64,52,52,52,40,40,24,50,60,40,40,18,47,47,47,40,99,99,87,87,87,89,89,91,87,87,89,89,78,80,82,82,63],"gold":1065,"neow_bonus":"","is_prod":false,"is_daily":false,"chose_seed":false,"campfire_upgraded":7,"win_rate":0,"timestamp":1540669018,"path_taken":["M","?","?","?","$","E","R","E","T","E","?","?","R","?","R","BOSS","M","?","?","?","?","R","E","R","T","E","R","E","R","E","R","BOSS","M","?","?","?","?","R","E","E","T","E","?","E","E","E","R","BOSS"],"build_version":"2018-10-25v2","purchased_purges":0,"victory":true,"max_hp_per_floor":[75,75,75,75,75,75,75,75,75,75,89,89,89,89,89,89,89,89,89,89,89,89,89,89,89,99,99,99,99,99,99,99,99,99,99,99,99,99,99,99,99,99,99,99,99,99,99,99,99,99],"card_choices":[{"not_picked":["Heatsinks","Go for the Eyes"],"picked":"Ball Lightning","floor":1},{"not_picked":["Aggregate","Static Discharge"],"picked":"Compile Driver","floor":3},{"not_picked":["Reboot","Amplify"],"picked":"Core Surge","floor":6},{"not_picked":["Thunder Strike","Amplify"],"picked":"Reboot","floor":8},{"not_picked":["Meteor Strike","Reboot"],"picked":"Echo Form","floor":10},{"not_picked":["Hyperbeam","Meteor Strike"],"picked":"Amplify","floor":11},{"not_picked":["Sunder","Rebound"],"picked":"BootSequence","floor":12},{"not_picked":["Seek","Creative AI"],"picked":"All For One","floor":16},{"not_picked":["Go for the Eyes","Auto Shields"],"picked":"Beam Cell+1","floor":18},{"not_picked":["Skim","Ball Lightning"],"picked":"Steam","floor":19},{"not_picked":["Redo","Stack+1"],"picked":"Auto Shields","floor":20},{"not_picked":["Amplify","Machine Learning"],"picked":"Electrodynamics","floor":22},{"not_picked":["Hyperbeam","Seek"],"picked":"Fission","floor":24},{"not_picked":["Multi-Cast","Amplify","Fission"],"picked":"SKIP","floor":27},{"not_picked":["Amplify","Meteor Strike"],"picked":"Machine Learning","floor":29},{"not_picked":["All For One","Rainbow"],"picked":"Echo Form","floor":31},{"not_picked":["Amplify","Creative AI"],"picked":"Buffer","floor":33},{"not_picked":[],"picked":"Sweeping Beam","floor":35},{"not_picked":[],"picked":"Double Energy","floor":35},{"not_picked":[],"picked":"Rainbow","floor":37},{"not_picked":["Rainbow"],"picked":"SKIP","floor":39},{"not_picked":[],"picked":"Thunder Strike","floor":41},{"not_picked":[],"picked":"Electrodynamics","floor":42},{"not_picked":["Machine Learning"],"picked":"SKIP","floor":44},{"not_picked":[],"picked":"Biased Cognition","floor":46},{"not_picked":[],"picked":"Seek","floor":47},{"not_picked":[],"picked":"Fission","floor":48}],"player_experience":840662,"relics_obtained":[{"floor":6,"key":"Du-Vu Doll"},{"floor":8,"key":"Pocketwatch"},{"floor":9,"key":"Pantograph"},{"floor":10,"key":"Lantern"},{"floor":11,"key":"Mango"},{"floor":21,"key":"Bottled Tornado"},{"floor":22,"key":"Potion Belt"},{"floor":24,"key":"Pen Nib"},{"floor":26,"key":"Pear"},{"floor":27,"key":"Omamori"},{"floor":29,"key":"FossilizedHelix"},{"floor":31,"key":"Prayer Wheel"},{"floor":37,"key":"Blood Vial"},{"floor":38,"key":"DataDisk"},{"floor":39,"key":"Incense Burner"},{"floor":41,"key":"Gremlin Horn"},{"floor":42,"key":"Darkstone Periapt"},{"floor":43,"key":"Smiling Mask"},{"floor":44,"key":"Bag of Marbles"},{"floor":45,"key":"Ancient Tea Set"},{"floor":46,"key":"Bottled Lightning"},{"floor":47,"key":"Bottled Flame"},{"floor":48,"key":"Tiny Chest"}],"event_choices":[{"damage_healed":0,"gold_gain":0,"player_choice":"Take Wound","damage_taken":0,"relics_obtained":["Golden Idol"],"max_hp_gain":0,"max_hp_loss":0,"event_name":"Golden Idol","floor":2,"gold_loss":0,"cards_obtained":["Injury"]},{"damage_healed":0,"gold_gain":75,"player_choice":"Gather Gold","damage_taken":11,"max_hp_gain":0,"max_hp_loss":0,"event_name":"World of Goop","floor":4,"gold_loss":0},{"damage_healed":0,"gold_gain":0,"player_choice":"Grow","damage_taken":0,"max_hp_gain":0,"max_hp_loss":0,"event_name":"Living Wall","floor":14,"gold_loss":0,"cards_upgraded":["Echo Form"]},{"damage_healed":0,"gold_gain":0,"player_choice":"Embrace Madness","damage_taken":12,"max_hp_gain":0,"max_hp_loss":0,"event_name":"Winding Halls","floor":36,"gold_loss":0,"cards_obtained":["Madness","Madness"]}],"is_beta":true,"boss_relics":[{"not_picked":["Pandora\u0027s Box","Lizard Tail"],"picked":"Empty Cage"},{"not_picked":["FrozenCore","Tiny House"],"picked":"Busted Crown"}],"items_purged_floors":[],"is_endless":false,"potions_floor_spawned":[1,3,6,10,19,20,24,33,37,41],"ascension_level":0}