{"path_per_floor":["M","?","?","M","?","E","R","M","T","R","$","?","$","M","R","B",null,"M","?","?","M","$","E","M","M","T","E","M","?","M","M","R","B",null,"M","?","?","$","?","R","M","M","T","M","R","M","R","$","R","B"],"character_chosen":"THE_SILENT","items_purchased":["Pen Nib","Infinite Blades","Juzu Bracelet","Anchor","Dodecahedron","Block Potion"],"gold_per_floor":[112,112,112,129,204,231,231,243,320,320,89,89,20,36,36,139,139,159,159,159,172,72,102,113,123,149,174,185,185,198,210,210,309,309,319,672,672,74,74,74,85,95,146,160,160,174,174,74,74,74],"floor_reached":51,"campfire_rested":3,"playtime":2561,"current_hp_per_floor":[63,63,63,63,52,46,46,46,46,46,46,51,51,37,37,35,68,67,51,51,46,46,46,38,38,38,38,36,36,36,36,36,16,68,57,34,34,34,51,51,38,38,38,13,33,14,34,34,54,28],"items_purged":["Strike_G","Defend_G","Strike_G","Writhe"],"gold":74,"score":787,"play_id":"6b08cf1e-912d-4ba4-8424-3f92e487cb8a","local_time":"20180314072453","is_prod":false,"is_daily":false,"is_ascension_mode":false,"campfire_upgraded":5,"timestamp":1521001493,"path_taken":["M","?","?","?","?","E","R","M","T","R","$","?","?","M","R","BOSS","M","?","?","?","?","E","M","M","T","E","?","?","M","?","R","BOSS","M","?","?","$","?","R","M","M","T","M","R","M","R","$","R","BOSS"],"build_version":"2018-03-12v2","purchased_purges":4,"victory":true,"master_deck":["Defend_G+1","Defend_G+1","Defend_G+1","Strike_G+1","Strike_G+1","Strike_G+1","Survivor","Neutralize","Glass Knife+1","Flying Knee+1","Infinite Blades","Infinite Blades","Accuracy+1","Backflip+1","Infinite Blades","Burst","PiercingWail","Necronomicurse","Leg Sweep+1","Predator","Footwork+1","Well Laid Plans+1","Trip","Malaise","Skewer+1","Noxious Fumes+1","Concentrate"],"max_hp_per_floor":[63,63,63,63,63,63,63,63,63,63,63,68,68,68,68,68,68,68,68,68,68,68,68,68,68,68,68,68,68,68,68,68,68,68,68,68,68,68,68,68,68,68,68,68,68,68,68,68,68,68],"relics":["Ring of the Snake","Prayer Wheel","Ornamental Fan","Pen Nib","Snecko Eye","Necronomicon","Bag of Marbles","Lantern","Smiling Mask","Philosopher\u0027s Stone","Old Coin","Juzu Bracelet","Anchor","Dodecahedron","Bag of Preparation"],"card_choices":[{"not_picked":["After Image","Venomology"],"picked":"Glass Knife"},{"not_picked":["Dagger Spray","Bane"],"picked":"Flying Knee"},{"not_picked":["Quick Slash","Calculated Gamble"],"picked":"Infinite Blades"},{"not_picked":["Outmaneuver","Endless Agony"],"picked":"Infinite Blades"},{"not_picked":["Well Laid Plans","Expertise"],"picked":"Accuracy"},{"not_picked":["Dagger Spray","Quick Slash"],"picked":"Backflip"},{"not_picked":["Tactician","A Thousand Cuts"],"picked":"Burst"},{"not_picked":["Backflip","Slice"],"picked":"PiercingWail"},{"not_picked":["Underhanded Strike","Prepared"],"picked":"Leg Sweep"},{"not_picked":["Poisoned Stab","Reflex"],"picked":"Predator"},{"not_picked":["Backstab","Terror"],"picked":"Footwork"},{"not_picked":["Sucker Punch","Slice"],"picked":"Well Laid Plans"},{"not_picked":["Die Die Die","Calculated Gamble"],"picked":"Malaise"},{"not_picked":["Prepared","PiercingWail"],"picked":"Skewer"},{"not_picked":["Underhanded Strike","Flying Knee"],"picked":"Noxious Fumes"},{"not_picked":["Dagger Throw","Setup"],"picked":"Concentrate"}],"player_experience":271423,"potions_floor_usage":[6,14,16,33,41,41,50,50,50],"damage_taken":[{"damage":0,"enemies":"Small Slimes","floor":1,"turns":4},{"damage":0,"enemies":"Cultist","floor":4,"turns":2},{"damage":6,"enemies":"Gremlin Nob","floor":6,"turns":3},{"damage":0,"enemies":"2 Louse","floor":8,"turns":2},{"damage":14,"enemies":"Gremlin Gang","floor":14,"turns":2},{"damage":2,"enemies":"Slime Boss","floor":16,"turns":6},{"damage":1,"enemies":"Spheric Guardian","floor":18,"turns":4},{"damage":5,"enemies":"2 Thieves","floor":21,"turns":3},{"damage":0,"enemies":"Slavers","floor":23,"turns":5},{"damage":8,"enemies":"Slaver and Parasite","floor":24,"turns":6},{"damage":0,"enemies":"Snake Plant","floor":25,"turns":3},{"damage":0,"enemies":"Book of Stabbing","floor":27,"turns":3},{"damage":2,"enemies":"3 Cultists","floor":28,"turns":5},{"damage":0,"enemies":"Snecko","floor":30,"turns":1},{"damage":0,"enemies":"Snake Plant","floor":31,"turns":3},{"damage":20,"enemies":"Automaton","floor":33,"turns":9},{"damage":11,"enemies":"Orb Walker","floor":35,"turns":3},{"damage":23,"enemies":"Mysterious Sphere","floor":36,"turns":5},{"damage":13,"enemies":"3 Darklings","floor":41,"turns":6},{"damage":0,"enemies":"Maw","floor":42,"turns":8},{"damage":25,"enemies":"4 Shapes","floor":44,"turns":7},{"damage":19,"enemies":"Flame Bruiser 2 Orb","floor":46,"turns":5},{"damage":26,"enemies":"Awakened One","floor":50,"turns":17}],"event_choices":[{"event_name":"The Lab","player_choice":"Got Potions","floor":2,"damage_taken":0},{"event_name":"Upgrade Shrine","player_choice":"Upgraded","floor":3,"damage_taken":0},{"event_name":"World of Goop","player_choice":"Gather Gold","floor":5,"damage_taken":0},{"event_name":"Big Fish","player_choice":"Donut","floor":12,"damage_taken":0},{"event_name":"Cursed Tome","player_choice":"Obtained Book","floor":19,"damage_taken":0},{"event_name":"Back to Basics","player_choice":"Simplicity","floor":20,"damage_taken":0},{"event_name":"Purifier","player_choice":"One Purge","floor":29,"damage_taken":0},{"event_name":"Mysterious Sphere","player_choice":"Fight","floor":36,"damage_taken":0},{"event_name":"Match and Keep!","player_choice":"1 cards matched","floor":37,"damage_taken":0},{"event_name":"Winding Halls","player_choice":"Writhe","floor":39,"damage_taken":0}],"boss_relics":[{"not_picked":["Tiny House","Ectoplasm"],"picked":"Snecko Eye"},{"not_picked":["Orrery","White Beast Statue"],"picked":"Philosopher\u0027s Stone"}],"potions_floor_spawned":[6,16,23,25,27,28,30,31,36,41],"seed_played":"-6558981033650184163","ascension_level":0,"is_trial":false}