{"gold_per_floor":[119,132,142,142,158,187,203,203,203,203,237,237,247,274,274,376,376,395,395,28,41,58,91,22,39,63,96,112,144,170,199,211,324,336,367,379,491,517,547,588,600,612,624,636,665,677,1034,56,56,56],"floor_reached":51,"playtime":2365,"items_purged":["Defend_G"],"score":1023,"play_id":"ac75014d-798f-4949-8f90-2e43b3d021ab","local_time":"20181203053221","is_ascension_mode":true,"campfire_choices":[{"data":"Blade Dance","floor":8.0,"key":"SMITH"},{"data":"Neutralize","floor":10.0,"key":"SMITH"},{"data":"Cloak And Dagger","floor":15.0,"key":"SMITH"},{"data":"Adrenaline","floor":32.0,"key":"SMITH"},{"data":"Cloak And Dagger","floor":41,"key":"SMITH"},{"floor":44,"key":"RECALL"},{"data":"Cloak And Dagger","floor":46,"key":"SMITH"},{"data":"Cloak And Dagger","floor":49,"key":"SMITH"}],"neow_cost":"NONE","seed_source_timestamp":0,"circlet_count":0,"master_deck":["Defend_G","Defend_G","Defend_G+1","Defend_G","Strike_G+1","Strike_G","Strike_G","Strike_G","Survivor","Neutralize+1","Heel Hook","Blade Dance+1","Footwork","Poisoned Stab","Corpse Explosion","Quick Slash","PiercingWail+1","Cloak And Dagger+1","Dodge and Roll","Phantasmal Killer+1","Clumsy","Injury","Decay","Outmaneuver","Outmaneuver","Infinite Blades+1","Endless Agony","Cloak And Dagger","Crippling Poison","Cloak And Dagger","Cloak And Dagger+1","Backstab","Cloak And Dagger+1","Predator+1","Adrenaline+1","Backstab+1","Backflip","Night Terror","Well Laid Plans+1","PiercingWail","Distraction+1","Backstab","Madness","Madness","Shame","Cloak And Dagger+1","Bane","Sadistic Nature+1","Cloak And Dagger+1","Swift Strike","Finisher"],"special_seed":0,"relics":["Ring of the Snake","Vajra","Shuriken","Frozen Egg 2","Darkstone Periapt","Lantern","Calling Bell","Pear","Mango","War Paint","Chemical X","Du-Vu Doll","Bag of Marbles","PreservedInsect","MawBank","Cursed Key","FossilizedHelix","Boot","Pantograph","Old Coin","Blue Candle","Medical Kit"],"potions_floor_usage":[39,40,47,50,50,50],"damage_taken":[{"damage":0.0,"enemies":"Jaw Worm","floor":1.0,"turns":5.0},{"damage":4.0,"enemies":"Small Slimes","floor":2.0,"turns":5.0},{"damage":1.0,"enemies":"Cultist","floor":3.0,"turns":4.0},{"damage":5.0,"enemies":"Blue Slaver","floor":5.0,"turns":6.0},{"damage":3.0,"enemies":"Lagavulin","floor":6.0,"turns":8.0},{"damage":0.0,"enemies":"Large Slime","floor":7.0,"turns":4.0},{"damage":18.0,"enemies":"3 Sentries","floor":11.0,"turns":7.0},{"damage":10.0,"enemies":"Looter","floor":13.0,"turns":2.0},{"damage":5.0,"enemies":"Lagavulin","floor":14.0,"turns":5.0},{"damage":0.0,"enemies":"Hexaghost","floor":16.0,"turns":11.0},{"damage":12.0,"enemies":"2 Thieves","floor":18.0,"turns":3.0},{"damage":10.0,"enemies":"3 Byrds","floor":21.0,"turns":4.0},{"damage":11.0,"enemies":"Centurion and Healer","floor":22.0,"turns":5.0},{"damage":16.0,"enemies":"Gremlin Leader","floor":23.0,"turns":8.0},{"damage":0.0,"enemies":"3 Cultists","floor":25.0,"turns":3.0},{"damage":5.0,"enemies":"Book of Stabbing","floor":27.0,"turns":4.0},{"damage":9.0,"enemies":"Shelled Parasite and Fungi","floor":28.0,"turns":3.0},{"damage":1.0,"enemies":"Slavers","floor":29.0,"turns":2.0},{"damage":0.0,"enemies":"Snake Plant","floor":30.0,"turns":2.0},{"damage":0.0,"enemies":"Centurion and Healer","floor":31.0,"turns":1.0},{"damage":28.0,"enemies":"Collector","floor":33.0,"turns":5.0},{"damage":0,"enemies":"Orb Walker","floor":35,"turns":1},{"damage":0,"enemies":"Mind Bloom Boss Battle","floor":37,"turns":4},{"damage":0,"enemies":"3 Shapes","floor":38,"turns":2},{"damage":0,"enemies":"Transient","floor":39,"turns":5},{"damage":28,"enemies":"Nemesis","floor":40,"turns":3},{"damage":14,"enemies":"3 Darklings","floor":45,"turns":5},{"damage":0,"enemies":"2 Orb Walkers","floor":47,"turns":3},{"damage":92,"enemies":"Time Eater","floor":50,"turns":10}],"seed_played":"-3002193661558966150","potions_obtained":[{"floor":3.0,"key":"EntropicBrew"},{"floor":5.0,"key":"GhostInAJar"},{"floor":11.0,"key":"Regen Potion"},{"floor":13.0,"key":"Weak Potion"},{"floor":16.0,"key":"Swift Potion"},{"floor":21.0,"key":"Weak Potion"},{"floor":23.0,"key":"Dexterity Potion"},{"floor":27.0,"key":"Dexterity Potion"},{"floor":28.0,"key":"Fire Potion"},{"floor":29.0,"key":"Block Potion"},{"floor":38,"key":"GhostInAJar"},{"floor":39,"key":"Explosive Potion"},{"floor":40,"key":"AttackPotion"}],"is_trial":false,"path_per_floor":["M","M","M","?","M","E","M","R","T","R","E","?","M","E","R","B",null,"M","?","$","M","M","E","$","M","T","E","M","E","M","M","R","B",null,"M","?","?","M","M","E","R","?","T","R","M","R","?","$","R","B",null],"character_chosen":"THE_SILENT","items_purchased":["Infinite Blades+1","Endless Agony","Cloak And Dagger","Chemical X","Backstab","Blue Candle","Sadistic Nature+1","Cloak And Dagger","Swift Strike","Medical Kit","Dexterity Potion","Finisher"],"campfire_rested":0,"item_purchase_floors":[20,20,20,20,24,48,48,48,48,48,48,48],"current_hp_per_floor":[77,73,72,69,64,61,61,61,61,61,43,28,18,27,27,27,119,107,107,107,97,86,70,70,70,70,65,56,55,55,55,55,27,119,119,119,119,119,119,91,91,76,82,82,68,68,68,68,68,1],"gold":56,"neow_bonus":"TEN_PERCENT_HP_BONUS","is_prod":false,"is_daily":false,"chose_seed":false,"campfire_upgraded":7,"win_rate":0,"timestamp":1543804341,"path_taken":["M","M","M","?","M","E","M","R","T","R","E","?","M","E","R","BOSS","M","?","$","M","M","E","?","M","T","E","M","E","M","M","R","BOSS","M","?","?","M","M","E","R","?","T","R","M","R","?","?","R","BOSS"],"build_version":"2018-11-15","purchased_purges":1,"victory":true,"max_hp_per_floor":[77,77,77,77,77,77,77,77,77,77,77,77,77,77,77,77,119,119,119,119,119,119,119,119,119,119,119,119,119,119,119,119,119,119,119,119,119,119,119,119,119,119,125,125,125,125,125,125,125,125],"card_choices":[{"not_picked":["Prepared","Caltrops"],"picked":"Heel Hook","floor":1.0},{"not_picked":["Sucker Punch","Slice"],"picked":"Blade Dance","floor":2.0},{"not_picked":["Setup","Outmaneuver"],"picked":"Footwork","floor":3.0},{"not_picked":["Dagger Throw","Endless Agony"],"picked":"Poisoned Stab","floor":5.0},{"not_picked":["Distraction","Quick Slash"],"picked":"Corpse Explosion","floor":6.0},{"not_picked":["Setup","Sucker Punch"],"picked":"Quick Slash","floor":7.0},{"not_picked":["Backstab","Quick Slash"],"picked":"PiercingWail","floor":11.0},{"not_picked":["Underhanded Strike","Crippling Poison"],"picked":"Cloak And Dagger","floor":13.0},{"not_picked":["Bane","Eviscerate"],"picked":"Dodge and Roll","floor":14.0},{"not_picked":["A Thousand Cuts+1","Venomology"],"picked":"Phantasmal Killer","floor":16.0},{"not_picked":["Acrobatics","Quick Slash"],"picked":"Outmaneuver","floor":18.0},{"not_picked":["Heel Hook+1","Bane+1"],"picked":"Crippling Poison","floor":21.0},{"not_picked":["Terror+1","Poisoned Stab"],"picked":"Cloak And Dagger","floor":22.0},{"not_picked":["Acrobatics","Bane"],"picked":"Cloak And Dagger","floor":23.0},{"not_picked":["Backflip","Outmaneuver"],"picked":"Cloak And Dagger","floor":25.0},{"not_picked":["Deflect","Skewer"],"picked":"Predator+1","floor":27.0},{"not_picked":["Well Laid Plans+1","Backflip"],"picked":"Adrenaline","floor":28.0},{"not_picked":["Catalyst","Backflip"],"picked":"Backstab+1","floor":29.0},{"not_picked":["Dagger Spray","Skewer","Quick Slash+1"],"picked":"SKIP","floor":30.0},{"not_picked":["Choke","Dagger Throw"],"picked":"Backflip","floor":31.0},{"not_picked":["Envenom+1","Bullet Time"],"picked":"Night Terror","floor":33.0},{"not_picked":["Distraction+1","Underhanded Strike+1"],"picked":"Well Laid Plans+1","floor":35},{"not_picked":["Tactician","Flechettes+1"],"picked":"PiercingWail","floor":37},{"not_picked":["Well Laid Plans+1","Quick Slash","Underhanded Strike"],"picked":"SKIP","floor":38},{"not_picked":["Blade Dance","Eviscerate"],"picked":"Distraction+1","floor":39},{"not_picked":["Finisher+1","Flying Knee"],"picked":"Backstab","floor":40},{"not_picked":["Accuracy+1","Sucker Punch+1"],"picked":"Cloak And Dagger+1","floor":45},{"not_picked":["PiercingWail","Underhanded Strike"],"picked":"Bane","floor":47}],"player_experience":955038,"relics_obtained":[{"floor":6.0,"key":"Shuriken"},{"floor":9.0,"key":"Frozen Egg 2"},{"floor":11.0,"key":"Darkstone Periapt"},{"floor":14.0,"key":"Lantern"},{"floor":17.0,"key":"Pear"},{"floor":17.0,"key":"Mango"},{"floor":17.0,"key":"War Paint"},{"floor":23.0,"key":"Du-Vu Doll"},{"floor":26.0,"key":"Bag of Marbles"},{"floor":27.0,"key":"PreservedInsect"},{"floor":29.0,"key":"MawBank"},{"floor":37,"key":"FossilizedHelix"},{"floor":40,"key":"Boot"},{"floor":43,"key":"Pantograph"},{"floor":47,"key":"Old Coin"}],"event_choices":[{"damage_healed":0.0,"max_hp_gain":0.0,"max_hp_loss":0.0,"gold_gain":0.0,"event_name":"Scrap Ooze","player_choice":"Success","floor":4.0,"gold_loss":0.0,"damage_taken":3.0,"relics_obtained":["Vajra"]},{"damage_healed":0.0,"max_hp_gain":0.0,"max_hp_loss":0.0,"gold_gain":0.0,"event_name":"Shining Light","player_choice":"Entered Light","floor":12.0,"gold_loss":0.0,"damage_taken":15.0,"cards_upgraded":["Strike_G","Defend_G"]},{"damage_healed":0.0,"max_hp_gain":0.0,"max_hp_loss":0.0,"gold_gain":0.0,"cards_transformed":["Strike_G"],"event_name":"Transmorgrifier","player_choice":"Transformed","floor":19.0,"gold_loss":0.0,"damage_taken":0.0,"cards_obtained":["Outmaneuver"]},{"damage_healed":0,"gold_gain":0,"player_choice":"Ignored","damage_taken":0,"max_hp_gain":0,"max_hp_loss":0,"event_name":"Tomb of Lord Red Mask","floor":36,"gold_loss":0},{"damage_healed":0,"gold_gain":0,"player_choice":"Fight","damage_taken":0,"max_hp_gain":0,"max_hp_loss":0,"event_name":"MindBloom","floor":37,"gold_loss":0},{"damage_healed":0,"gold_gain":0,"player_choice":"Embrace Madness","damage_taken":15,"max_hp_gain":0,"max_hp_loss":0,"event_name":"Winding Halls","floor":42,"gold_loss":0,"cards_obtained":["Madness","Madness"]},{"damage_healed":0,"gold_gain":0,"player_choice":"Fight","damage_taken":0,"max_hp_gain":0,"max_hp_loss":0,"event_name":"Mysterious Sphere","floor":47,"gold_loss":0}],"is_beta":true,"boss_relics":[{"not_picked":["Runic Dome","Runic Pyramid"],"picked":"Calling Bell"},{"not_picked":["Astrolabe","Philosopher\u0027s Stone"],"picked":"Cursed Key"}],"items_purged_floors":[48],"is_endless":false,"potions_floor_spawned":[3,5,11,13,16,21,23,27,28,29,38,39,40],"ascension_level":1}