{"gold_per_floor":[113,113,22,22,47,78,102,145,215,248,268,292,305,323,323,454,454,472,472,472,492,508,543,543,543,543,18,18,354,368,383,383,509,509,523,523,536,12,25,66,66,109,109,147,172,172,172,505,505,505],"floor_reached":51,"playtime":4336,"items_purged":["Strike_G","Strike_G","Strike_G"],"score":1377,"play_id":"52cdf438-3438-487b-ab77-8fefd62f446f","local_time":"20190228221947","is_ascension_mode":true,"campfire_choices":[{"data":"strawberrySpire:DreamfoilDart","floor":15,"key":"SMITH"},{"data":"Deadly Poison","floor":24,"key":"SMITH"},{"data":"Choke","floor":32,"key":"SMITH"},{"data":"Noxious Fumes","floor":41,"key":"SMITH"},{"data":"Bouncing Flask","floor":46,"key":"SMITH"},{"data":"Footwork","floor":49,"key":"SMITH"}],"neow_cost":"","seed_source_timestamp":1333261293583058,"circlet_count":0,"master_deck":["Defend_G","Defend_G","Defend_G","Survivor","Neutralize","strawberrySpire:DreamfoilDart+1","Leg Sweep","Well Laid Plans","Choke+1","Infinite Blades","Slice","Cloak And Dagger","Footwork","Cloak And Dagger","Cloak And Dagger","Dash","Bouncing Flask","After Image","PiercingWail+1","Bullet Time+1","PiercingWail+1","Leg Sweep+1","Deadly Poison+1","Choke+1","strawberrySpire:Fastroyer","Backstab","Backflip+1","Heel Hook","Malaise+1","Quick Slash+1","Malaise+1","Malaise+1","Defend_G","Defend_G","Defend_G","Defend_G","Defend_G","Defend_G","Defend_G","Defend_G","Survivor","Survivor","Neutralize","Neutralize","strawberrySpire:DreamfoilDart+1","strawberrySpire:DreamfoilDart+1","Leg Sweep","Leg Sweep","Well Laid Plans","Well Laid Plans","Choke+1","Choke+1","Infinite Blades","Infinite Blades","Slice","Slice","Cloak And Dagger","Cloak And Dagger","Footwork+1","Footwork","Cloak And Dagger","Cloak And Dagger","Cloak And Dagger","Cloak And Dagger","Dash","Dash","Bouncing Flask","Bouncing Flask+1","After Image","After Image","PiercingWail+1","PiercingWail+1","Bullet Time+1","Bullet Time+1","PiercingWail+1","PiercingWail+1","Leg Sweep+1","Leg Sweep+1","Deadly Poison+1","Deadly Poison+1","Choke+1","Choke+1","strawberrySpire:Fastroyer","strawberrySpire:Fastroyer","Backstab","Backstab","Backflip+1","Backflip+1","Heel Hook","Heel Hook","Malaise+1","Malaise+1","Quick Slash+1","Quick Slash+1","Malaise+1","Malaise+1","Malaise+1","Malaise+1","Accuracy+1","Noxious Fumes+1","Accuracy","Skewer+1","Dash+1","Catalyst+1","Calculated Gamble"],"relics":["Ring of the Snake","Lee\u0027s Waffle","Bag of Preparation","Paper Crane","Bird Faced Urn","strawberrySpire:Treaders","The Courier","StoneCalendar","energizedSpire:DeadBattery","Pen Nib","strawberrySpire:ShipInABottle","Question Card","Blood Vial","Old Coin","Empty Cage","Torii","Oddly Smooth Stone","Art of War","Turnip","Calipers","Centennial Puzzle"],"potions_floor_usage":[6,10,16,21,29,29,33,33,40,42,50],"damage_taken":[{"damage":0,"enemies":"Small Slimes","floor":1,"turns":2},{"damage":0,"enemies":"Jaw Worm","floor":5,"turns":3},{"damage":0,"enemies":"Lagavulin","floor":6,"turns":5},{"damage":0,"enemies":"2 Louse","floor":7,"turns":3},{"damage":2,"enemies":"3 Sentries","floor":8,"turns":9},{"damage":10,"enemies":"strawberrySpire:EnergyPylons","floor":10,"turns":6},{"damage":0,"enemies":"Exordium Thugs","floor":11,"turns":5},{"damage":5,"enemies":"3 Louse","floor":12,"turns":3},{"damage":7,"enemies":"Red Slaver","floor":13,"turns":2},{"damage":3,"enemies":"Looter","floor":14,"turns":3},{"damage":33,"enemies":"The Guardian","floor":16,"turns":8},{"damage":2,"enemies":"theJungle:GiantWrat","floor":18,"turns":6},{"damage":0,"enemies":"theJungle:Flameango_and_Byrd","floor":21,"turns":5},{"damage":0,"enemies":"theJungle:2_Snecko_Cultists","floor":22,"turns":4},{"damage":0,"enemies":"theJungle:2_Phrogs","floor":23,"turns":9},{"damage":10,"enemies":"theJungle:Cassacara","floor":29,"turns":7},{"damage":0,"enemies":"theJungle:Lyon","floor":30,"turns":2},{"damage":0,"enemies":"Snake Plant","floor":31,"turns":2},{"damage":1,"enemies":"theJungle:QueenSpyder","floor":33,"turns":15},{"damage":10,"enemies":"Orb Walker","floor":35,"turns":4},{"damage":0,"enemies":"3 Shapes","floor":37,"turns":6},{"damage":0,"enemies":"Spire Growth","floor":39,"turns":3},{"damage":0,"enemies":"Reptomancer","floor":40,"turns":14},{"damage":13,"enemies":"strawberrySpire:EssenceStones","floor":42,"turns":7},{"damage":0,"enemies":"Giant Head","floor":44,"turns":10},{"damage":0,"enemies":"3 Darklings","floor":45,"turns":7},{"damage":0,"enemies":"Time Eater","floor":50,"turns":26}],"seed_played":"248228072305469066","potions_obtained":[{"floor":5,"key":"FearPotion"},{"floor":6,"key":"SpeedPotion"},{"floor":8,"key":"Weak Potion"},{"floor":10,"key":"EntropicBrew"},{"floor":11,"key":"Strength Potion"},{"floor":16,"key":"Energy Potion"},{"floor":22,"key":"PowerPotion"},{"floor":31,"key":"Swift Potion"},{"floor":40,"key":"Poison Potion"},{"floor":45,"key":"AttackPotion"}],"is_trial":false,"path_per_floor":["M","?","$","?","M","E","M","E","T","E","M","M","M","M","R","B",null,"M","?","?","M","M","E","R","?","T","$","?","E","M","M","R","B",null,"M","?","M","$","M","E","R","E","T","E","M","R","?","?","R","B",null],"character_chosen":"THE_SILENT","items_purchased":["strawberrySpire:DreamfoilDart","Lee\u0027s Waffle","Bag of Preparation","Leg Sweep","Well Laid Plans","Paper Crane","Choke","Infinite Blades","Slice","Choke","strawberrySpire:Fastroyer","Question Card","Blood Vial","Noxious Fumes","Torii","Oddly Smooth Stone","PowerPotion","Accuracy"],"campfire_rested":0,"item_purchase_floors":[0,0,0,0,0,0,0,3,3,27,27,27,27,38,38,38,38,38],"current_hp_per_floor":[77,77,77,58,58,58,64,68,68,64,70,71,66,69,69,42,77,75,65,65,71,75,77,77,77,77,77,70,67,69,75,75,77,77,71,46,58,58,62,77,77,70,70,77,77,77,77,77,77,77],"gold":505,"neow_bonus":"","is_prod":false,"is_daily":false,"chose_seed":false,"campfire_upgraded":6,"win_rate":0,"timestamp":1551381587,"path_taken":["M","?","$","?","M","E","M","E","T","E","M","M","M","M","R","BOSS","M","?","?","?","M","E","R","?","T","$","?","E","M","M","R","BOSS","M","?","M","$","M","E","R","E","T","E","M","R","?","?","R","BOSS"],"build_version":"2019-02-06","purchased_purges":3,"victory":true,"max_hp_per_floor":[77,77,77,77,77,77,77,77,77,77,77,77,77,77,77,77,77,77,77,77,77,77,77,77,77,77,77,77,77,77,77,77,77,77,77,77,77,77,77,77,77,77,77,77,77,77,77,77,77,77],"card_choices":[{"not_picked":["strawberrySpire:SideSwipe","strawberrySpire:DeltaFlow","strawberrySpire:Pant"],"picked":"SKIP","floor":1},{"not_picked":["Deflect","Flechettes"],"picked":"Cloak And Dagger","floor":5},{"not_picked":["Riddle With Holes","Dagger Throw"],"picked":"Footwork","floor":6},{"not_picked":["Quick Slash","Blade Dance"],"picked":"Cloak And Dagger","floor":7},{"not_picked":["strawberrySpire:Urgency","Backflip"],"picked":"Doppelganger","floor":8},{"not_picked":["strawberrySpire:Plunge","Riddle With Holes"],"picked":"Cloak And Dagger","floor":10},{"not_picked":["strawberrySpire:HopSkipAndJump","Dagger Throw","Underhanded Strike"],"picked":"SKIP","floor":11},{"not_picked":["Poisoned Stab","PiercingWail"],"picked":"Dash","floor":12},{"not_picked":["strawberrySpire:Urgency","strawberrySpire:Rummage"],"picked":"Bouncing Flask","floor":13},{"not_picked":["strawberrySpire:DeltaFlow","strawberrySpire:SideSwipe","strawberrySpire:SpinKick"],"picked":"SKIP","floor":14},{"not_picked":["Night Terror","Wraith Form v2"],"picked":"After Image","floor":16},{"not_picked":["Acrobatics","Dagger Spray+1"],"picked":"PiercingWail+1","floor":18},{"not_picked":["strawberrySpire:Slide+1","Underhanded Strike+1"],"picked":"PiercingWail+1","floor":21},{"not_picked":["Crippling Poison","Bane"],"picked":"Leg Sweep+1","floor":22},{"not_picked":["strawberrySpire:Marathoner","Eviscerate"],"picked":"Deadly Poison","floor":23},{"not_picked":["strawberrySpire:Trickbox","strawberrySpire:DeltaFlow+1","Footwork"],"picked":"Backstab","floor":29},{"not_picked":["Deadly Poison+1","Dagger Throw+1","Well Laid Plans"],"picked":"Backflip+1","floor":30},{"not_picked":["Blur","Poisoned Stab+1","Masterful Stab"],"picked":"Heel Hook","floor":31},{"not_picked":["Phantasmal Killer","Die Die Die","Glass Knife"],"picked":"Malaise+1","floor":33},{"not_picked":["Outmaneuver+1","Setup+1","Distraction+1"],"picked":"Quick Slash+1","floor":35},{"not_picked":["Deadly Poison","Infinite Blades+1","strawberrySpire:Slide"],"picked":"Accuracy+1","floor":37},{"not_picked":["strawberrySpire:Slide+1","Terror","Quick Slash+1"],"picked":"Skewer+1","floor":39},{"not_picked":["strawberrySpire:SpinKick+1","Deadly Poison","Concentrate"],"picked":"Dash+1","floor":40},{"not_picked":["PiercingWail","strawberrySpire:Slide+1","Blade Dance+1"],"picked":"Catalyst+1","floor":42},{"not_picked":["Deadly Poison","Underhanded Strike+1","All Out Attack+1","Poisoned Stab"],"picked":"SKIP","floor":44},{"not_picked":["Cloak And Dagger","Deflect+1","Setup+1"],"picked":"Calculated Gamble","floor":45}],"player_experience":1172143,"relics_obtained":[{"floor":6,"key":"Bird Faced Urn"},{"floor":8,"key":"strawberrySpire:Treaders"},{"floor":9,"key":"The Courier"},{"floor":10,"key":"StoneCalendar"},{"floor":23,"key":"Pen Nib"},{"floor":26,"key":"strawberrySpire:ShipInABottle"},{"floor":29,"key":"Old Coin"},{"floor":40,"key":"Art of War"},{"floor":42,"key":"Turnip"},{"floor":43,"key":"Calipers"},{"floor":44,"key":"Centennial Puzzle"}],"event_choices":[{"damage_healed":0,"gold_gain":0,"player_choice":"Grow","damage_taken":0,"max_hp_gain":0,"max_hp_loss":0,"event_name":"Living Wall","floor":2,"gold_loss":0,"cards_upgraded":["Choke"]},{"damage_healed":0,"gold_gain":0,"player_choice":"Take Damage","damage_taken":19,"relics_obtained":["Golden Idol"],"max_hp_gain":0,"max_hp_loss":0,"event_name":"Golden Idol","floor":4,"gold_loss":0},{"cards_removed":["Doppelganger"],"damage_healed":0,"gold_gain":0,"player_choice":"Took Card","damage_taken":0,"max_hp_gain":0,"max_hp_loss":0,"event_name":"NoteForYourself","floor":20,"gold_loss":0,"cards_obtained":["Bullet Time"]},{"damage_healed":0,"gold_gain":0,"player_choice":"Damaged","damage_taken":7,"max_hp_gain":0,"max_hp_loss":0,"event_name":"Wheel of Change","floor":28,"gold_loss":0},{"cards_removed":["Defend_G"],"damage_healed":0,"gold_gain":0,"player_choice":"Removed Skill","damage_taken":0,"max_hp_gain":0,"max_hp_loss":0,"event_name":"Falling","floor":47,"gold_loss":0},{"damage_healed":0,"gold_gain":333,"player_choice":"Gave Idol","damage_taken":0,"max_hp_gain":0,"max_hp_loss":0,"event_name":"The Moai Head","floor":48,"relics_lost":["Golden Idol"],"gold_loss":0}],"is_beta":true,"boss_relics":[{"not_picked":["Runic Dome","energizedSpire:CursedPentagram"],"picked":"energizedSpire:DeadBattery"},{"not_picked":["Coffee Dripper","White Beast Statue"],"picked":"Empty Cage"}],"items_purged_floors":[0,0,27],"is_endless":false,"potions_floor_spawned":[5,6,8,10,11,16,18,22,31,39,40,45],"ascension_level":1}