{"path_per_floor":["M","M","$","?","?","R","E","R","T","R","M","?","E","M","R","B",null,"M","M","?","?","?","T","R","M","T","R","M","M","$","E","R","B",null,"M","?","?","M","M","E","R","M","T","R","$","?","M","M","R","B"],"character_chosen":"THE_SILENT","items_purchased":["Cloak And Dagger","Oddly Smooth Stone","Cloak And Dagger","Gremlin Horn","Riddle With Holes"],"gold_per_floor":[116,133,34,34,34,34,72,72,72,72,93,168,203,218,218,344,344,367,392,392,392,307,307,307,323,323,323,341,360,53,83,83,180,180,191,246,246,260,273,300,300,318,345,345,30,30,46,63,63,63],"floor_reached":51,"campfire_rested":4,"playtime":2457,"current_hp_per_floor":[79,72,72,72,51,51,9,34,34,34,34,23,19,8,33,14,84,52,40,68,68,68,68,68,70,80,80,85,79,79,68,68,54,94,85,65,65,61,52,15,58,51,56,56,56,56,52,24,67,32],"items_purged":["Regret","Strike_G"],"gold":63,"score":780,"play_id":"0389c979-1798-48a7-9939-b00def2becf2","local_time":"20180408021414","is_prod":false,"is_daily":false,"is_ascension_mode":false,"campfire_upgraded":6,"timestamp":1523142854,"path_taken":["M","M","$","?","?","R","E","R","T","R","?","?","E","M","R","BOSS","M","M","?","?","?","?","R","?","T","R","?","M","$","E","R","BOSS","M","?","?","M","M","E","R","M","T","R","$","?","?","?","R","BOSS"],"build_version":"2018-04-05","purchased_purges":2,"victory":true,"master_deck":["Defend_G","Defend_G","Defend_G+1","Defend_G","Defend_G","Strike_G","Strike_G","Strike_G","Strike_G","Survivor","Neutralize","Dagger Spray+1","Sucker Punch+1","Cloak And Dagger+1","Escape Plan+1","Glass Knife+1","Predator","Wraith Form+1","Flying Knee","Footwork","Dodge and Roll","PiercingWail","Envenom","Cloak And Dagger+1","After Image","Normality","Injury","Parasite","Quick Slash+1","Quick Slash+1","Deadly Poison+1","Bullet Time","PiercingWail","Leg Sweep+1","Backflip+1","Terror+1","Night Terror","Leg Sweep+1"],"max_hp_per_floor":[84,84,84,84,84,84,84,84,84,84,84,84,84,84,84,84,84,84,84,84,84,84,84,84,84,94,94,94,94,94,94,94,94,94,94,94,94,94,94,94,94,94,94,94,94,94,94,94,94,94],"relics":["Ring of the Snake","Bloody Idol","Bronze Scales","Ice Cream","Happy Flower","Snecko Eye","War Paint","Du-Vu Doll","Pear","Oddly Smooth Stone","Pantograph","Calling Bell","Regal Pillow","Centennial Puzzle","Dream Catcher","Thread and Needle","Prayer Wheel","Snake Skull","Gremlin Horn"],"card_choices":[{"not_picked":["Backflip","Sucker Punch"],"picked":"Dagger Spray","floor":1},{"not_picked":["Deadly Poison","Concentrate"],"picked":"Sucker Punch","floor":2},{"not_picked":["Dodge and Roll","Acrobatics"],"picked":"Escape Plan","floor":7},{"not_picked":["Outmaneuver","Bane"],"picked":"Glass Knife","floor":11},{"not_picked":["Dodge and Roll","Deflect"],"picked":"Predator","floor":13},{"not_picked":["Night Terror","Tools of the Trade"],"picked":"Wraith Form","floor":16},{"not_picked":["PiercingWail","Prepared"],"picked":"Flying Knee","floor":18},{"not_picked":["Acrobatics","Prepared"],"picked":"Footwork","floor":19},{"not_picked":["Accuracy","Acrobatics"],"picked":"Dodge and Roll","floor":25},{"not_picked":["Distraction","Deadly Poison"],"picked":"PiercingWail","floor":28},{"not_picked":["Slice","Masterful Stab"],"picked":"Envenom","floor":29},{"not_picked":["Wraith Form","Tactician"],"picked":"After Image","floor":33},{"not_picked":["Dagger Throw","Cloak And Dagger"],"picked":"Quick Slash","floor":35},{"not_picked":["Wraith Form","Outmaneuver"],"picked":"Quick Slash","floor":38},{"not_picked":["Outmaneuver","Slice"],"picked":"Deadly Poison","floor":39},{"not_picked":["Outmaneuver","Crippling Poison"],"picked":"Bullet Time","floor":40},{"not_picked":["Poisoned Stab","Sucker Punch"],"picked":"PiercingWail","floor":41},{"not_picked":["Prepared","Backflip"],"picked":"Leg Sweep","floor":42},{"not_picked":["Caltrops","Flying Knee"],"picked":"Backflip","floor":43},{"not_picked":["Flying Knee","PiercingWail"],"picked":"Terror","floor":47},{"not_picked":["Dagger Spray","Dodge and Roll"],"picked":"Night Terror","floor":48},{"not_picked":["Noxious Fumes","Setup"],"picked":"Leg Sweep","floor":49}],"player_experience":328067,"potions_floor_usage":[13,16,19,31,31,48,50],"damage_taken":[{"damage":5,"enemies":"2 Louse","floor":1,"turns":4},{"damage":7,"enemies":"Jaw Worm","floor":2,"turns":5},{"damage":42,"enemies":"Lagavulin","floor":7,"turns":8},{"damage":0,"enemies":"Small Slimes","floor":11,"turns":2},{"damage":13,"enemies":"Gremlin Nob","floor":13,"turns":3},{"damage":11,"enemies":"Exordium Wildlife","floor":14,"turns":4},{"damage":19,"enemies":"Slime Boss","floor":16,"turns":12},{"damage":32,"enemies":"Chosen","floor":18,"turns":5},{"damage":12,"enemies":"2 Thieves","floor":19,"turns":4},{"damage":3,"enemies":"Centurion and Healer","floor":25,"turns":5},{"damage":0,"enemies":"Sentry and Sphere","floor":28,"turns":3},{"damage":11,"enemies":"Snake Plant","floor":29,"turns":2},{"damage":16,"enemies":"Gremlin Leader","floor":31,"turns":6},{"damage":44,"enemies":"Collector","floor":33,"turns":11},{"damage":14,"enemies":"Orb Walker","floor":35,"turns":4},{"damage":25,"enemies":"Mysterious Sphere","floor":36,"turns":4},{"damage":9,"enemies":"3 Shapes","floor":38,"turns":3},{"damage":14,"enemies":"3 Darklings","floor":39,"turns":5},{"damage":42,"enemies":"Nemesis","floor":40,"turns":6},{"damage":12,"enemies":"Flame Bruiser 2 Orb","floor":42,"turns":4},{"damage":9,"enemies":"Sphere and 2 Shapes","floor":47,"turns":3},{"damage":39,"enemies":"3 Darklings","floor":48,"turns":4},{"damage":75,"enemies":"Awakened One","floor":50,"turns":12}],"event_choices":[{"event_name":"The Cleric","player_choice":"Leave","floor":4,"damage_taken":0},{"event_name":"Golden Idol","player_choice":"Take Damage","floor":5,"damage_taken":0},{"event_name":"World of Goop","player_choice":"Gather Gold","floor":12,"damage_taken":0},{"event_name":"The Library","player_choice":"Heal","floor":20,"damage_taken":0},{"event_name":"Forgotten Altar","player_choice":"Gave Idol","floor":21,"damage_taken":0},{"event_name":"Addict","player_choice":"Obtained Relic","floor":22,"damage_taken":0},{"event_name":"Mysterious Sphere","player_choice":"Fight","floor":36,"damage_taken":0},{"event_name":"Tomb of Lord Red Mask","player_choice":"Ignored","floor":37,"damage_taken":0}],"boss_relics":[{"not_picked":["Astrolabe","Velvet Choker"],"picked":"Snecko Eye"},{"not_picked":["Runic Dome","Runic Pyramid"],"picked":"Calling Bell"}],"potions_floor_spawned":[7,11,16,18,25,29,39,40,42],"seed_played":"8020762760003784200","ascension_level":0,"is_trial":false}