{"gold_per_floor":[119,119,119,17,17,17,35,55,55,86,100,134,148,173,173,299,299,324,337,29,29,43,56,72,72,72,90,90,90,134,153,153,281,281,304,304,325,338,338,338,362,362,362,32,32,50,50,63,63,63],"floor_reached":50,"playtime":2591,"items_purged":["Defend_R","Defend_R"],"score":528,"play_id":"711bf73d-3e82-41b0-a1cb-df2ab0a4af77","local_time":"20180806004230","is_ascension_mode":false,"campfire_choices":[{"data":"Berserk","floor":6.0,"key":"SMITH"},{"data":"Uppercut","floor":15,"key":"SMITH"},{"data":"True Grit","floor":25,"key":"SMITH"},{"data":"Flex","floor":28,"key":"SMITH"},{"data":"Shockwave","floor":32,"key":"SMITH"},{"floor":40,"key":"REST"},{"data":"Armaments","floor":42,"key":"SMITH"},{"data":"1","floor":47,"key":"LIFT"},{"data":"2","floor":49,"key":"LIFT"}],"neow_cost":"NONE","seed_source_timestamp":0,"circlet_count":0,"master_deck":["Bash","Berserk+1","Shrug It Off","Havoc","Uppercut+1","Power Through","Immolate","Seeing Red","Headbutt+1","Armaments+1","Whirlwind+1","Impervious","Iron Wave+1","Dropkick+1","Bite+1","Bite+1","Bite+1","Bite+1","Bite+1","Shockwave+1","Flex+1","True Grit+1","Dual Wield+1","Inflame+1","Feed+1","Limit Break+1","Seeing Red+1","Whirlwind+1","Clothesline+1","Infernal Blade+1","Thunderclap+1","Master of Strategy+1","Panacea+1","Battle Trance+1","Rampage+1","Entrench+1","Sword Boomerang+1"],"special_seed":0,"relics":["Burning Blood","Golden Idol","Mercury Hourglass","Regal Pillow","Molten Egg 2","Sozu","Chemical X","Potion Belt","Toxic Egg 2","Art of War","Runic Cube","Bronze Scales","Girya"],"potions_floor_usage":[7,12,16,50],"damage_taken":[{"damage":6.0,"enemies":"Jaw Worm","floor":1.0,"turns":3.0},{"damage":6,"enemies":"Small Slimes","floor":7,"turns":3},{"damage":1,"enemies":"2 Louse","floor":8,"turns":3},{"damage":15,"enemies":"Gremlin Nob","floor":10,"turns":3},{"damage":5,"enemies":"Lots of Slimes","floor":11,"turns":3},{"damage":32,"enemies":"Lagavulin","floor":12,"turns":5},{"damage":0,"enemies":"Exordium Wildlife","floor":13,"turns":2},{"damage":4,"enemies":"Large Slime","floor":14,"turns":3},{"damage":18,"enemies":"Hexaghost","floor":16,"turns":7},{"damage":5,"enemies":"Shell Parasite","floor":18,"turns":3},{"damage":15,"enemies":"3 Byrds","floor":19,"turns":3},{"damage":0,"enemies":"Snake Plant","floor":22,"turns":2},{"damage":37,"enemies":"Slaver and Parasite","floor":23,"turns":3},{"damage":0,"enemies":"Sentry and Sphere","floor":24,"turns":3},{"damage":0,"enemies":"Snake Plant","floor":27,"turns":2},{"damage":14,"enemies":"Book of Stabbing","floor":30,"turns":5},{"damage":0,"enemies":"Slaver and Parasite","floor":31,"turns":3},{"damage":62,"enemies":"Collector","floor":33,"turns":9},{"damage":47,"enemies":"3 Shapes","floor":35,"turns":4},{"damage":14,"enemies":"Orb Walker","floor":37,"turns":3},{"damage":15,"enemies":"Sphere and 2 Shapes","floor":38,"turns":3},{"damage":0,"enemies":"3 Darklings","floor":41,"turns":1},{"damage":20,"floor":45,"turns":4},{"damage":5,"enemies":"Spire Growth","floor":46,"turns":3},{"damage":34,"enemies":"Sphere and 2 Shapes","floor":48,"turns":4},{"damage":96,"enemies":"Awakened One","floor":50,"turns":6}],"seed_played":"-2262942479519741572","potions_obtained":[{"floor":1.0,"key":"EssenceOfSteel"},{"floor":7,"key":"PowerPotion"},{"floor":13,"key":"SteroidPotion"},{"floor":16,"key":"Weak Potion"}],"is_trial":false,"path_per_floor":["M","?","?","$","?","R","M","M","T","E","M","E","M","M","R","B",null,"M","M","$","?","M","M","M","R","T","M","R","?","E","M","R","B",null,"M","?","M","M","?","R","M","R","T","$","?","M","R","M","R"],"character_chosen":"IRONCLAD","items_purchased":["Havoc","Chemical X","Master of Strategy+1","Panacea+1","Battle Trance+1"],"campfire_rested":1,"item_purchase_floors":[4,20,44,44,44],"current_hp_per_floor":[80,60,60,60,53,53,53,58,58,49,50,24,30,32,32,20,80,80,71,71,56,56,28,37,37,37,46,46,46,56,56,56,16,56,27,27,26,27,27,61,64,64,64,64,59,64,64,48,48,0],"gold":63,"neow_bonus":"ONE_RANDOM_RARE_CARD","is_prod":false,"is_daily":false,"chose_seed":false,"campfire_upgraded":6,"win_rate":0,"timestamp":1533505350,"path_taken":["M","?","?","?","?","R","M","M","T","E","M","E","M","M","R","BOSS","M","M","$","?","?","M","M","R","T","?","R","?","E","M","R","BOSS","M","?","M","?","?","R","M","R","T","$","?","M","R","M","R","BOSS"],"build_version":"2018-08-01","purchased_purges":2,"victory":false,"max_hp_per_floor":[80,80,80,80,80,80,80,80,80,80,80,80,80,80,80,80,80,80,80,80,56,56,56,56,56,56,56,56,56,56,56,56,56,56,56,56,60,64,64,64,64,64,64,64,64,64,64,64,64,64],"card_choices":[{"not_picked":["Sentinel","Perfected Strike"],"picked":"Shrug It Off","floor":1.0},{"not_picked":["Pummel","Iron Wave"],"picked":"Uppercut","floor":7},{"not_picked":["Twin Strike","Havoc"],"picked":"Power Through","floor":8},{"not_picked":["Blood for Blood","Cleave"],"picked":"Immolate","floor":10},{"not_picked":["Pommel Strike","Wild Strike"],"picked":"Seeing Red","floor":11},{"not_picked":["Heavy Blade","Power Through"],"picked":"Headbutt","floor":12},{"not_picked":["Heavy Blade+1","Exhume"],"picked":"Armaments","floor":13},{"not_picked":["Bloodletting","Combust"],"picked":"Whirlwind+1","floor":14},{"not_picked":["Dark Embrace","Bludgeon+1"],"picked":"Impervious","floor":16},{"not_picked":["Clash+1","Second Wind"],"picked":"Iron Wave+1","floor":18},{"not_picked":["Clothesline+1","Pommel Strike+1"],"picked":"Dropkick+1","floor":19},{"not_picked":["Clash+1","Iron Wave+1"],"picked":"Shockwave","floor":22},{"not_picked":["Intimidate","Pommel Strike+1"],"picked":"Flex","floor":23},{"not_picked":["Armaments","Perfected Strike+1"],"picked":"True Grit","floor":24},{"not_picked":["Perfected Strike+1","Anger+1"],"picked":"Dual Wield+1","floor":27},{"not_picked":["Shrug It Off+1","Sever Soul+1"],"picked":"Inflame+1","floor":30},{"not_picked":["Shrug It Off+1","Rupture"],"picked":"Feed+1","floor":31},{"not_picked":["Bludgeon+1","Feed+1"],"picked":"Limit Break+1","floor":33},{"not_picked":["Combust","True Grit+1"],"picked":"Seeing Red+1","floor":35},{"not_picked":["Corruption","Shockwave+1"],"picked":"Clothesline+1","floor":37},{"not_picked":["Flex+1","Thunderclap+1"],"picked":"Infernal Blade+1","floor":38},{"not_picked":["Pommel Strike+1","Rupture"],"picked":"Thunderclap+1","floor":41},{"not_picked":["Twin Strike+1","Metallicize+1"],"picked":"Rampage+1","floor":45},{"not_picked":["Sword Boomerang+1","Flex+1"],"picked":"Entrench+1","floor":46},{"not_picked":["Fire Breathing+1","Bludgeon+1"],"picked":"Sword Boomerang+1","floor":48}],"player_experience":590391,"relics_obtained":[{"floor":9,"key":"Mercury Hourglass"},{"floor":10,"key":"Regal Pillow"},{"floor":12,"key":"Molten Egg 2"},{"floor":26,"key":"Potion Belt"},{"floor":30,"key":"Art of War"},{"floor":43,"key":"Bronze Scales"},{"floor":45,"key":"Girya"}],"event_choices":[{"event_name":"Golden Idol","player_choice":"Take Damage","floor":2.0,"damage_taken":0.0},{"event_name":"Bonfire Elementals","player_choice":"BASIC","floor":3.0,"damage_taken":0.0},{"event_name":"Golden Wing","player_choice":"Card Removal","floor":5.0,"damage_taken":0.0},{"event_name":"Vampires","player_choice":"Became a vampire","floor":21,"damage_taken":0},{"event_name":"The Mausoleum","player_choice":"Yes","floor":29,"damage_taken":0},{"event_name":"Duplicator","player_choice":"One dupe","floor":36,"damage_taken":0},{"event_name":"Fountain of Cleansing","player_choice":"Removed Curse","floor":39,"damage_taken":0},{"event_name":"MindBloom","player_choice":"Fight","floor":45,"damage_taken":0}],"is_beta":true,"boss_relics":[{"not_picked":["Philosopher\u0027s Stone","White Beast Statue"],"picked":"Sozu"},{"not_picked":["Runic Pyramid","Fusion Hammer"],"picked":"Runic Cube"}],"items_purged_floors":[4,20],"is_endless":false,"potions_floor_spawned":[1,7,13,16,23,24,27,30,41,45,46],"killed_by":"Awakened One","ascension_level":0}