{"gold_per_floor":[112,128,145,160,160,193,204,204,228,257,277,277,277,293,293,390,390,408,408,508,39,53,87,87,87,87,101,160,85,85,118,118,214,214,227,227,250,269,288,288,319,332,332,432,7,23,35,55,55,55],"floor_reached":51,"playtime":2689,"items_purged":["Strike_G","Strike_G"],"score":810,"play_id":"1c7336f2-7618-4270-abf6-6fe0331addd5","local_time":"20190124055752","is_ascension_mode":true,"campfire_choices":[{"data":"Choke","floor":8,"key":"SMITH"},{"data":"Noxious Fumes","floor":13,"key":"SMITH"},{"data":"Cloak And Dagger","floor":15,"key":"SMITH"},{"data":"Calculated Gamble","floor":24,"key":"SMITH"},{"data":"Adrenaline","floor":30,"key":"SMITH"},{"data":"Cloak And Dagger","floor":32,"key":"SMITH"},{"data":"Adrenaline","floor":40,"key":"SMITH"},{"data":"Envenom","floor":49,"key":"SMITH"}],"neow_cost":"NONE","seed_source_timestamp":116370879972478,"circlet_count":0,"master_deck":["Defend_G","Defend_G","Defend_G+1","Defend_G","Defend_G","Survivor","Neutralize","Choke+1","Infinite Blades+1","Leg Sweep+1","Slice","Blade Dance","Corpse Explosion","Noxious Fumes+1","Blur","Cloak And Dagger+1","Doppelganger","Cloak And Dagger+1","Die Die Die","Heel Hook","Calculated Gamble+1","Crippling Poison","Poisoned Stab+1","Blade Dance","Adrenaline+1","Endless Agony+1","Adrenaline+1","Dagger Throw+1","PiercingWail","Dash+1","Noxious Fumes","Envenom+1","Deflect","Endless Agony+1"],"relics":["Ring of the Snake","NeowsBlessing","Pantograph","Orichalcum","Smiling Mask","Black Star","Tingsha","Meat on the Bone","Molten Egg 2","War Paint","Lantern","Regal Pillow","Gambling Chip","Blood Vial","Tiny Chest","Vajra","Dodecahedron","Busted Crown","Juzu Bracelet","Du-Vu Doll","Boot","Kunai","Ginger","Shuriken"],"potions_floor_usage":[4,6,20,20,28,39,42,50,50,50],"damage_taken":[{"damage":0,"enemies":"2 Louse","floor":1,"turns":1},{"damage":0,"enemies":"Jaw Worm","floor":2,"turns":1},{"damage":0,"enemies":"Small Slimes","floor":3,"turns":1},{"damage":15,"enemies":"Exordium Wildlife","floor":4,"turns":3},{"damage":14,"enemies":"Gremlin Nob","floor":6,"turns":4},{"damage":4,"enemies":"Blue Slaver","floor":7,"turns":4},{"damage":17,"enemies":"3 Sentries","floor":10,"turns":6},{"damage":7,"enemies":"Exordium Thugs","floor":11,"turns":5},{"damage":0,"enemies":"2 Fungi Beasts","floor":14,"turns":4},{"damage":24,"enemies":"The Guardian","floor":16,"turns":10},{"damage":5,"enemies":"3 Byrds","floor":18,"turns":4},{"damage":15,"enemies":"Colosseum Slavers","floor":20,"turns":4},{"damage":1,"enemies":"Colosseum Nobs","floor":20,"turns":4},{"damage":20,"enemies":"2 Thieves","floor":22,"turns":4},{"damage":25,"enemies":"Gremlin Leader","floor":23,"turns":7},{"damage":4,"enemies":"Snake Plant","floor":27,"turns":5},{"damage":13,"enemies":"Book of Stabbing","floor":28,"turns":5},{"damage":19,"enemies":"Gremlin Leader","floor":31,"turns":5},{"damage":37,"enemies":"Automaton","floor":33,"turns":8},{"damage":3,"enemies":"3 Shapes","floor":35,"turns":1},{"damage":0,"enemies":"Orb Walker","floor":38,"turns":3},{"damage":0,"enemies":"Transient","floor":39,"turns":5},{"damage":29,"enemies":"Reptomancer","floor":41,"turns":6},{"damage":0,"enemies":"Spire Growth","floor":42,"turns":5},{"damage":5,"enemies":"Mind Bloom Boss Battle","floor":44,"turns":5},{"damage":7,"enemies":"Maw","floor":46,"turns":5},{"damage":0,"enemies":"Transient","floor":47,"turns":5},{"damage":0,"enemies":"Jaw Worm Horde","floor":48,"turns":2},{"damage":35,"enemies":"Time Eater","floor":50,"turns":7}],"seed_played":"-3893551662751493162","potions_obtained":[{"floor":2,"key":"PowerPotion"},{"floor":3,"key":"Fire Potion"},{"floor":7,"key":"Ancient Potion"},{"floor":10,"key":"FearPotion"},{"floor":11,"key":"GhostInAJar"},{"floor":23,"key":"Block Potion"},{"floor":27,"key":"SmokeBomb"},{"floor":28,"key":"Ancient Potion"},{"floor":38,"key":"Block Potion"},{"floor":39,"key":"EssenceOfSteel"},{"floor":42,"key":"Strength Potion"},{"floor":48,"key":"Strength Potion"}],"is_trial":false,"path_per_floor":["M","M","M","M","?","E","M","R","T","E","M","?","R","M","R","B",null,"M","?","?","$","M","E","R","?","T","M","E","?","R","E","R","B",null,"M","?","T","M","M","R","E","M","T","?","$","M","M","M","R","B",null],"character_chosen":"THE_SILENT","items_purchased":["Molten Egg 2","War Paint","Shuriken","Envenom","Deflect"],"campfire_rested":0,"item_purchase_floors":[21,21,45,45,45],"current_hp_per_floor":[70,70,70,55,55,41,37,37,37,20,13,18,18,18,18,19,75,70,70,54,54,46,33,33,33,33,41,40,40,40,35,35,37,75,72,72,72,74,75,75,46,48,48,70,70,65,67,69,69,40],"gold":55,"neow_bonus":"THREE_ENEMY_KILL","is_prod":false,"is_daily":false,"chose_seed":false,"campfire_upgraded":8,"win_rate":0,"timestamp":1548298672,"path_taken":["M","M","M","M","?","E","M","R","T","E","M","?","R","M","R","BOSS","M","?","?","?","M","E","R","?","T","?","E","?","R","E","R","BOSS","M","?","?","M","M","R","E","M","T","?","$","M","M","M","R","BOSS"],"build_version":"2019-01-23","purchased_purges":2,"victory":true,"max_hp_per_floor":[70,70,70,70,70,70,70,70,70,70,70,75,75,75,75,75,75,75,75,75,75,75,75,75,75,75,75,75,75,75,75,75,75,75,75,75,75,75,75,75,75,75,75,75,75,75,75,75,75,75],"card_choices":[{"not_picked":["Dodge and Roll","Backflip"],"picked":"Choke","floor":1},{"not_picked":["Riddle With Holes","Slice"],"picked":"Infinite Blades","floor":2},{"not_picked":["Distraction","Calculated Gamble"],"picked":"Leg Sweep","floor":3},{"not_picked":["Bane","Underhanded Strike"],"picked":"Slice","floor":4},{"not_picked":["PiercingWail","Sucker Punch"],"picked":"Blade Dance","floor":6},{"not_picked":["Slice","Acrobatics"],"picked":"Corpse Explosion","floor":7},{"not_picked":["Catalyst","Flying Knee"],"picked":"Noxious Fumes","floor":10},{"not_picked":["Masterful Stab","Concentrate"],"picked":"Blur","floor":11},{"not_picked":["Leg Sweep","Eviscerate"],"picked":"Cloak And Dagger","floor":14},{"not_picked":["Wraith Form v2","Grand Finale"],"picked":"Doppelganger","floor":16},{"not_picked":["Sucker Punch+1","Dagger Spray"],"picked":"Cloak And Dagger","floor":18},{"not_picked":["Riddle With Holes+1","Quick Slash"],"picked":"Calculated Gamble","floor":20},{"not_picked":["Acrobatics","Backflip"],"picked":"Crippling Poison","floor":22},{"not_picked":["Leg Sweep","Slice+1","Poisoned Stab+1"],"picked":"SKIP","floor":23},{"not_picked":["Leg Sweep","Slice+1"],"picked":"Poisoned Stab+1","floor":23},{"not_picked":["Poisoned Stab+1","Caltrops"],"picked":"Blade Dance","floor":27},{"not_picked":["Cloak And Dagger+1","Masterful Stab+1"],"picked":"Adrenaline","floor":28},{"not_picked":["Footwork","Blade Dance"],"picked":"Endless Agony+1","floor":31},{"not_picked":["Phantasmal Killer","A Thousand Cuts"],"picked":"Adrenaline","floor":33},{"not_picked":["Poisoned Stab+1"],"picked":"SKIP","floor":35},{"not_picked":[],"picked":"Dagger Throw+1","floor":38},{"not_picked":[],"picked":"PiercingWail","floor":39},{"not_picked":[],"picked":"Dash+1","floor":41},{"not_picked":[],"picked":"Noxious Fumes","floor":42},{"not_picked":["Outmaneuver"],"picked":"SKIP","floor":46},{"not_picked":["Setup+1"],"picked":"SKIP","floor":47},{"not_picked":[],"picked":"Endless Agony+1","floor":48}],"player_experience":1085413,"relics_obtained":[{"floor":6,"key":"Pantograph"},{"floor":9,"key":"Orichalcum"},{"floor":10,"key":"Smiling Mask"},{"floor":20,"key":"Tingsha"},{"floor":20,"key":"Meat on the Bone"},{"floor":23,"key":"Lantern"},{"floor":23,"key":"Regal Pillow"},{"floor":26,"key":"Gambling Chip"},{"floor":28,"key":"Blood Vial"},{"floor":28,"key":"Tiny Chest"},{"floor":31,"key":"Vajra"},{"floor":31,"key":"Dodecahedron"},{"floor":37,"key":"Juzu Bracelet"},{"floor":41,"key":"Du-Vu Doll"},{"floor":41,"key":"Boot"},{"floor":43,"key":"Kunai"},{"floor":44,"key":"Ginger"}],"event_choices":[{"damage_healed":0,"gold_gain":0,"player_choice":"Grow","damage_taken":0,"max_hp_gain":0,"max_hp_loss":0,"event_name":"Living Wall","floor":5,"gold_loss":0,"cards_upgraded":["Infinite Blades"]},{"damage_healed":0,"gold_gain":0,"player_choice":"Donut","damage_taken":0,"max_hp_gain":5,"max_hp_loss":0,"event_name":"Big Fish","floor":12,"gold_loss":0},{"damage_healed":0,"gold_gain":0,"cards_transformed":["Strike_G","Strike_G"],"player_choice":"Became Test Subject","damage_taken":0,"max_hp_gain":0,"max_hp_loss":0,"event_name":"Drug Dealer","floor":19,"gold_loss":0,"cards_obtained":["Die Die Die","Heel Hook"]},{"damage_healed":0,"gold_gain":0,"player_choice":"Fight","damage_taken":0,"max_hp_gain":0,"max_hp_loss":0,"event_name":"Colosseum","floor":20,"gold_loss":0},{"damage_healed":0,"gold_gain":0,"player_choice":"Fought Nobs","damage_taken":0,"max_hp_gain":0,"max_hp_loss":0,"event_name":"Colosseum","floor":20,"gold_loss":0},{"damage_healed":0,"gold_gain":0,"player_choice":"Ignored","damage_taken":0,"max_hp_gain":0,"max_hp_loss":0,"event_name":"Vampires","floor":25,"gold_loss":0},{"cards_removed":["Strike_G"],"damage_healed":0,"gold_gain":0,"player_choice":"Gave Gold","damage_taken":0,"max_hp_gain":0,"max_hp_loss":0,"event_name":"Beggar","floor":29,"gold_loss":75},{"damage_healed":0,"gold_gain":0,"player_choice":"Ignored","damage_taken":0,"max_hp_gain":0,"max_hp_loss":0,"event_name":"Tomb of Lord Red Mask","floor":36,"gold_loss":0},{"damage_healed":0,"gold_gain":0,"player_choice":"Fight","damage_taken":0,"max_hp_gain":0,"max_hp_loss":0,"event_name":"MindBloom","floor":44,"gold_loss":0}],"is_beta":true,"boss_relics":[{"not_picked":["Eternal Feather","WristBlade"],"picked":"Black Star"},{"not_picked":["White Beast Statue","Runic Pyramid"],"picked":"Busted Crown"}],"items_purged_floors":[21,45],"is_endless":false,"potions_floor_spawned":[2,3,7,10,11,20,23,27,28,38,39,42,48],"ascension_level":1}