{"gold_per_floor":[110,110,126,126,81,81,91,91,118,41,57,57,78,98,98,195,195,207,130,140,239,256,256,267,267,267,278,278,290,310,310],"floor_reached":31,"playtime":1768,"items_purged":[],"score":229,"play_id":"f6bae9cb-1e80-46e1-a4c2-ed2f86b5dc68","local_time":"20180807180704","is_ascension_mode":false,"campfire_choices":[{"data":"Demon Form","floor":6,"key":"SMITH"},{"data":"Whirlwind","floor":8,"key":"SMITH"},{"data":"Limit Break","floor":12,"key":"SMITH"},{"data":"Flex","floor":15,"key":"SMITH"},{"data":"Seeing Red","floor":23,"key":"SMITH"},{"data":"J.A.X.","floor":25,"key":"SMITH"},{"data":"Metallicize","floor":28,"key":"SMITH"}],"neow_cost":"CURSE","seed_source_timestamp":1183808793878292,"circlet_count":0,"master_deck":["Strike_R","Strike_R","Strike_R","Strike_R","Strike_R","Defend_R","Defend_R","Defend_R","Defend_R","Bash","Demon Form+1","Whirlwind+1","Iron Wave","Flex+1","Metallicize+1","Limit Break+1","Headbutt","Clothesline","Cleave","J.A.X.+1","Seeing Red+1","Metallicize","Intimidate","True Grit+1","Flame Barrier+1"],"relics":["Burning Blood","Regal Pillow","Odd Mushroom","Mark of Pain","Smiling Mask"],"potions_floor_usage":[16,18,29,31],"damage_taken":[{"damage":4,"enemies":"Jaw Worm","floor":1,"turns":6},{"damage":5,"enemies":"Small Slimes","floor":3,"turns":3},{"damage":1,"enemies":"Cultist","floor":7,"turns":3},{"damage":13,"enemies":"Red Slaver","floor":11,"turns":3},{"damage":0,"floor":13,"turns":2},{"damage":0,"enemies":"2 Fungi Beasts","floor":14,"turns":2},{"damage":10,"enemies":"Slime Boss","floor":16,"turns":8},{"damage":19,"enemies":"2 Thieves","floor":18,"turns":4},{"damage":3,"enemies":"3 Byrds","floor":20,"turns":2},{"damage":21,"enemies":"Snake Plant","floor":22,"turns":5},{"damage":14,"enemies":"Centurion and Healer","floor":24,"turns":6},{"damage":15,"enemies":"Cultist and Chosen","floor":27,"turns":4},{"damage":24,"enemies":"Snake Plant","floor":29,"turns":5},{"damage":10,"enemies":"Snecko","floor":30,"turns":4},{"damage":22,"enemies":"3 Cultists","floor":31,"turns":3}],"seed_played":"8444102502656750358","potions_obtained":[{"floor":1,"key":"SteroidPotion"},{"floor":3,"key":"Explosive Potion"},{"floor":13,"key":"Weak Potion"},{"floor":16,"key":"Explosive Potion"},{"floor":20,"key":"Ancient Potion"},{"floor":24,"key":"Block Potion"},{"floor":27,"key":"EssenceOfSteel"}],"is_trial":false,"path_per_floor":["M","?","M","?","$","R","M","R","T","$","M","R","?","M","R","B",null,"M","?","M","?","M","R","M","R","T","M","R","M","M"],"character_chosen":"IRONCLAD","items_purchased":["Flex","Limit Break"],"campfire_rested":0,"item_purchase_floors":[5,10],"current_hp_per_floor":[80,85,85,85,85,85,85,85,85,85,78,78,84,85,85,81,85,72,72,75,75,60,60,52,52,52,43,43,25,21,0],"gold":310,"neow_bonus":"THREE_RARE_CARDS","is_prod":false,"is_daily":false,"chose_seed":false,"campfire_upgraded":7,"win_rate":0,"timestamp":1533654424,"path_taken":["M","?","?","?","$","R","M","R","T","?","M","R","?","M","R","BOSS","M","?","M","?","M","R","M","R","T","M","R","?","M","M"],"build_version":"2018-08-06","purchased_purges":0,"victory":false,"max_hp_per_floor":[80,85,85,85,85,85,85,85,85,85,85,85,85,85,85,85,85,85,85,85,85,85,85,85,85,85,85,85,85,85,85],"card_choices":[{"not_picked":["Juggernaut","Dark Embrace"],"picked":"Demon Form","floor":0},{"not_picked":["True Grit","Clash"],"picked":"Whirlwind","floor":1},{"not_picked":["Rage","Clash"],"picked":"Iron Wave","floor":3},{"not_picked":["Feel No Pain","Cleave"],"picked":"Metallicize","floor":7},{"not_picked":["Corruption","Bloodletting"],"picked":"Headbutt","floor":11},{"not_picked":["Havoc","Clash"],"picked":"Clothesline","floor":14},{"not_picked":["Headbutt","Clothesline"],"picked":"Cleave","floor":18},{"not_picked":["Cleave+1","Second Wind+1","Clash+1"],"picked":"SKIP","floor":20},{"not_picked":["Searing Blow+1","Sword Boomerang"],"picked":"Seeing Red","floor":22},{"not_picked":["Barricade","Rupture+1"],"picked":"Metallicize","floor":24},{"not_picked":["Thunderclap","Clothesline"],"picked":"Intimidate","floor":27},{"not_picked":["Evolve","Ghostly Armor+1"],"picked":"True Grit+1","floor":29},{"not_picked":["Clothesline","Searing Blow+1"],"picked":"Flame Barrier+1","floor":30}],"player_experience":604266,"relics_obtained":[{"floor":9,"key":"Regal Pillow"},{"floor":13,"key":"Odd Mushroom"},{"floor":26,"key":"Smiling Mask"}],"event_choices":[{"event_name":"Big Fish","player_choice":"Donut","floor":2,"damage_taken":0},{"event_name":"Living Wall","player_choice":"Forget","floor":4,"damage_taken":0},{"event_name":"Mushrooms","player_choice":"Fought Mushrooms","floor":13,"damage_taken":0},{"event_name":"Drug Dealer","player_choice":"Got JAXXED","floor":19,"damage_taken":0},{"event_name":"Nest","player_choice":"Stole From Cult","floor":21,"damage_taken":0}],"is_beta":true,"boss_relics":[{"not_picked":["Runic Dome","Eternal Feather"],"picked":"Mark of Pain"}],"items_purged_floors":[],"is_endless":false,"potions_floor_spawned":[1,3,13,16,20,24,27],"killed_by":"3 Cultists","ascension_level":0}