{"gold_per_floor":[116,130,130,130,148,148,179,179,179,220,220,220,234,268,268,367,367,367],"floor_reached":18,"playtime":495,"items_purged":[],"score":356,"play_id":"fb0d5862-1170-4ae5-9674-41d598c14f76","local_time":"20190804154106","is_ascension_mode":true,"campfire_choices":[{"data":"Zap","floor":6.0,"key":"SMITH"},{"floor":8.0,"key":"REST"},{"floor":11.0,"key":"REST"},{"data":"Sweeping Beam","floor":15.0,"key":"SMITH"}],"neow_cost":"NONE","seed_source_timestamp":164384288644803,"circlet_count":0,"master_deck":["AscendersBane","Strike_B","Strike_B","Strike_B","Strike_B","Defend_B","Defend_B+1","Defend_B","Defend_B","Zap+1","Dualcast+1","Compile Driver","Glacier","Echo Form","Rainbow","Cold Snap","Sweeping Beam+1","Echo Form"],"special_seed":0,"relics":["Cracked Core","Blue Candle","Golden Idol","Bag of Marbles","Ornamental Fan","Happy Flower","War Paint","Runic Pyramid"],"potions_floor_usage":[18],"damage_taken":[{"damage":0.0,"enemies":"2 Louse","floor":1.0,"turns":2.0},{"damage":7.0,"enemies":"Jaw Worm","floor":2.0,"turns":4.0},{"damage":1.0,"enemies":"Cultist","floor":5.0,"turns":3.0},{"damage":36.0,"enemies":"Gremlin Nob","floor":7.0,"turns":4.0},{"damage":30.0,"enemies":"Lagavulin","floor":10.0,"turns":6.0},{"damage":0.0,"enemies":"Looter","floor":13.0,"turns":3.0},{"damage":6.0,"enemies":"Gremlin Nob","floor":14.0,"turns":3.0},{"damage":23.0,"enemies":"Hexaghost","floor":16.0,"turns":11.0},{"damage":18,"enemies":"3 Byrds","floor":18,"turns":3}],"seed_played":"6320072250592584802","potions_obtained":[{"floor":2.0,"key":"Regen Potion"},{"floor":10.0,"key":"Energy Potion"},{"floor":14.0,"key":"SteroidPotion"},{"floor":16.0,"key":"Block Potion"}],"is_trial":false,"path_per_floor":["M","M","?","?","M","R","E","R","T","E","R","?","M","E","R","B",null,"M"],"character_chosen":"DEFECT","items_purchased":[],"campfire_rested":2,"item_purchase_floors":[],"current_hp_per_floor":[71,64,53,53,52,52,28,49,49,19,40,40,40,34,34,11,56,38],"gold":367,"neow_bonus":"TEN_PERCENT_HP_BONUS","is_prod":false,"is_daily":false,"chose_seed":false,"campfire_upgraded":2,"win_rate":0,"timestamp":1564958466,"path_taken":["M","M","?","?","M","R","E","R","T","E","R","?","?","E","R","BOSS","M"],"build_version":"2019-07-17","purchased_purges":0,"victory":false,"max_hp_per_floor":[78,78,78,71,71,71,71,71,71,71,71,71,71,71,71,71,71,71],"card_choices":[{"not_picked":["Coolheaded","Gash"],"picked":"Compile Driver","floor":1.0},{"not_picked":["Cold Snap","Force Field"],"picked":"Glacier","floor":2.0},{"not_picked":["Redo","Double Energy","Hologram"],"picked":"SKIP","floor":5.0},{"not_picked":["Recycle","Redo"],"picked":"Echo Form","floor":7.0},{"not_picked":["Buffer","BootSequence"],"picked":"Rainbow","floor":10.0},{"not_picked":["Lockon","Beam Cell"],"picked":"Cold Snap","floor":13.0},{"not_picked":["Barrage","Go for the Eyes"],"picked":"Sweeping Beam","floor":14.0},{"not_picked":["Thunder Strike","Fission"],"picked":"Echo Form","floor":16.0}],"player_experience":858962,"relics_obtained":[{"floor":7.0,"key":"Bag of Marbles"},{"floor":9.0,"key":"Ornamental Fan"},{"floor":10.0,"key":"Happy Flower"},{"floor":14.0,"key":"War Paint"}],"event_choices":[{"damage_healed":0.0,"max_hp_gain":0.0,"max_hp_loss":0.0,"gold_gain":0.0,"event_name":"Scrap Ooze","player_choice":"Success","floor":3.0,"gold_loss":0.0,"damage_taken":11.0,"relics_obtained":["Blue Candle"]},{"damage_healed":0.0,"max_hp_gain":0.0,"max_hp_loss":7.0,"gold_gain":0.0,"event_name":"Golden Idol","player_choice":"Lose Max HP","floor":4.0,"gold_loss":0.0,"damage_taken":0.0,"relics_obtained":["Golden Idol"]},{"damage_healed":0.0,"max_hp_gain":0.0,"max_hp_loss":0.0,"gold_gain":0.0,"event_name":"Match and Keep!","player_choice":"0 cards matched","floor":12.0,"gold_loss":0.0,"damage_taken":0.0,"cards_obtained":[]}],"is_beta":false,"boss_relics":[{"not_picked":["Pandora\u0027s Box","Philosopher\u0027s Stone"],"picked":"Runic Pyramid"}],"items_purged_floors":[],"is_endless":false,"potions_floor_spawned":[2,10,14,16],"killed_by":"3 Byrds","ascension_level":20}