{"gold_per_floor":[415,590,606,11,31,56,72,97,123,398,411,439,451,451,451,451],"floor_reached":16,"playtime":763,"items_purged":["Doubt"],"score":128,"play_id":"6f26ee84-abb4-4f0f-9b4b-f4e00807c493","local_time":"20181225042015","is_ascension_mode":true,"campfire_choices":[{"data":"Cloak And Dagger","floor":15,"key":"SMITH"}],"neow_cost":"TEN_PERCENT_HP_LOSS","seed_source_timestamp":972939441262134,"circlet_count":0,"master_deck":["Defend_G","Defend_G","Defend_G","Defend_G","Defend_G","Strike_G","Strike_G","Strike_G","Strike_G","Strike_G","Survivor","Neutralize","Dagger Spray","After Image","Panache","Finisher","Cloak And Dagger+1","Predator","Escape Plan","Cloak And Dagger","Regret","Riddle With Holes","Blade Dance","Parasite"],"relics":["Ring of the Snake","Old Coin","Sundial","Ice Cream","Art of War","Snake Skull"],"potions_floor_usage":[8,12,12,13,16],"damage_taken":[{"damage":0,"enemies":"Small Slimes","floor":1,"turns":5},{"damage":1,"enemies":"Cultist","floor":3,"turns":3},{"damage":2,"enemies":"2 Louse","floor":5,"turns":4},{"damage":12,"enemies":"Lagavulin","floor":6,"turns":10},{"damage":7,"enemies":"Blue Slaver","floor":7,"turns":6},{"damage":5,"enemies":"3 Sentries","floor":8,"turns":6},{"damage":6,"enemies":"Exordium Wildlife","floor":11,"turns":4},{"damage":29,"enemies":"Gremlin Nob","floor":12,"turns":4},{"damage":0,"enemies":"Looter","floor":13,"turns":3},{"damage":16,"enemies":"Hexaghost","floor":16,"turns":12}],"seed_played":"-2933751815438531832","potions_obtained":[{"floor":3,"key":"SpeedPotion"},{"floor":7,"key":"EssenceOfSteel"},{"floor":11,"key":"Poison Potion"},{"floor":12,"key":"FearPotion"},{"floor":13,"key":"Dexterity Potion"}],"is_trial":false,"path_per_floor":["M","?","M","$","M","E","M","E","T","?","M","E","M","?","R","B"],"character_chosen":"THE_SILENT","items_purchased":["Panache","Sundial","Finisher"],"campfire_rested":0,"item_purchase_floors":[4,4,4],"current_hp_per_floor":[63,63,62,62,60,48,41,36,36,36,30,1,1,16,16,0],"gold":451,"neow_bonus":"ONE_RARE_RELIC","is_prod":false,"is_daily":false,"chose_seed":false,"campfire_upgraded":1,"win_rate":0,"timestamp":1545700815,"path_taken":["M","?","M","$","M","E","M","E","T","?","M","E","?","?","R","BOSS"],"build_version":"2018-12-20","purchased_purges":1,"victory":false,"max_hp_per_floor":[63,63,63,63,63,63,63,63,63,63,63,63,63,63,63,63],"card_choices":[{"not_picked":["Acrobatics","Underhanded Strike"],"picked":"Dagger Spray","floor":1},{"not_picked":["Flying Knee","Backflip"],"picked":"After Image","floor":3},{"not_picked":["Setup","Footwork"],"picked":"Cloak And Dagger","floor":5},{"not_picked":["Deadly Poison","Riddle With Holes"],"picked":"Predator","floor":6},{"not_picked":["Deadly Poison","Dagger Spray"],"picked":"Escape Plan","floor":7},{"not_picked":["Terror","Acrobatics"],"picked":"Cloak And Dagger","floor":8},{"not_picked":["Backflip","Quick Slash","Riddle With Holes"],"picked":"SKIP","floor":11},{"not_picked":["Backflip","Quick Slash"],"picked":"Riddle With Holes","floor":11},{"not_picked":["Dagger Throw","Quick Slash"],"picked":"Blade Dance","floor":12},{"not_picked":["Dagger Spray","Outmaneuver","Backflip"],"picked":"SKIP","floor":13}],"player_experience":1014901,"relics_obtained":[{"floor":6,"key":"Ice Cream"},{"floor":8,"key":"Art of War"},{"floor":12,"key":"Snake Skull"}],"event_choices":[{"damage_healed":0,"gold_gain":175,"player_choice":"AGREE","damage_taken":0,"max_hp_gain":0,"max_hp_loss":0,"event_name":"Liars Game","floor":2,"gold_loss":0,"cards_obtained":["Doubt"]},{"damage_healed":0,"gold_gain":275,"player_choice":"Desecrate","damage_taken":0,"max_hp_gain":0,"max_hp_loss":0,"event_name":"Golden Shrine","floor":10,"gold_loss":0,"cards_obtained":["Regret"]},{"damage_healed":15,"gold_gain":0,"player_choice":"Healed and dodged fight","damage_taken":0,"max_hp_gain":0,"max_hp_loss":0,"event_name":"Mushrooms","floor":14,"gold_loss":0,"cards_obtained":["Parasite"]}],"is_beta":true,"boss_relics":[],"items_purged_floors":[4],"is_endless":false,"potions_floor_spawned":[3,7,11,12,13],"killed_by":"Hexaghost","ascension_level":1}