{"path_per_floor":["M","M","?","?","M","R","?","M","T","M","$","M","R","T","R","B",null,"M","?","$","?","M","R","E","M","T","M","R","M"],"character_chosen":"THE_SILENT","items_purchased":["Frozen Egg 2","A Thousand Cuts","Ancient Potion","Noxious Fumes"],"gold_per_floor":[112,126,301,551,568,568,568,584,584,594,82,98,98,98,98,201,201,218,118,39,39,49,49,81,95,395,407,407,419],"floor_reached":30,"campfire_rested":3,"playtime":1336,"current_hp_per_floor":[70,70,70,70,65,65,65,62,62,38,38,38,38,38,59,30,70,48,48,48,48,29,50,47,41,41,32,57,38],"items_purged":["Doubt"],"gold":419,"score":267,"play_id":"68c0fcff-d79c-47ef-a604-83676b3a9b4b","is_prod":false,"is_daily":false,"is_ascension_mode":false,"campfire_upgraded":1,"path_taken":["BOSS","M","M","?","?","M","R","?","M","T","M","$","M","R","?","R","BOSS","M","?","$","?","M","R","E","M","T","?","R","M","M"],"build_version":"2018-02-08-BETA1","purchased_purges":1,"victory":false,"master_deck":["Defend_G","Defend_G","Defend_G","Defend_G","Defend_G","Strike_G","Strike_G","Strike_G","Strike_G","Strike_G","Survivor","Neutralize","Cloak And Dagger","Poisoned Stab+1","Backflip","Prepared","Calculated Gamble","A Thousand Cuts+1","Malaise","Bullet Time","Backstab","J.A.X.","Noxious Fumes+1","Deflect","Tactician","Predator","Pain","Concentrate","Cloak And Dagger+1"],"max_hp_per_floor":[70,70,70,70,70,70,70,70,70,70,70,70,70,70,70,70,70,70,70,70,70,70,70,84,84,84,84,84,84],"relics":["Ring of the Snake","Girya","Torii","Cursed Key","Nloth\u0027s Gift","Mango","Old Coin"],"card_choices":[{"not_picked":["Endless Agony","Outmaneuver"],"picked":"Cloak And Dagger"},{"not_picked":["Terror","Concentrate"],"picked":"Poisoned Stab"},{"not_picked":["Poisoned Stab","Dodge and Roll"],"picked":"Backflip"},{"not_picked":["Endless Agony","Poisoned Stab"],"picked":"Prepared"},{"not_picked":["Slice","Backflip"],"picked":"Calculated Gamble"},{"not_picked":["Sucker Punch","Underhanded Strike"],"picked":"Malaise"},{"not_picked":["Doppelganger","Wraith Form"],"picked":"Bullet Time"},{"not_picked":["Underhanded Strike","Choke"],"picked":"Backstab"},{"not_picked":["Sucker Punch","Outmaneuver"],"picked":"Deflect"},{"not_picked":["Bane","Acrobatics"],"picked":"Tactician"},{"not_picked":["Bullet Time","Caltrops"],"picked":"Predator"},{"not_picked":["Skewer","Flechettes"],"picked":"Concentrate"},{"not_picked":["Outmaneuver","Phantasmal Killer"],"picked":"Cloak And Dagger"}],"player_experience":187629,"potions_floor_usage":[8,16,18],"damage_taken":[{"damage":0,"enemies":"Cultist","floor":1,"turns":5},{"damage":0,"enemies":"Jaw Worm","floor":2,"turns":4},{"damage":5,"enemies":"2 Louse","floor":5,"turns":3},{"damage":3,"enemies":"Exordium Thugs","floor":8,"turns":4},{"damage":24,"enemies":"Exordium Wildlife","floor":10,"turns":6},{"damage":0,"enemies":"Looter","floor":12,"turns":3},{"damage":29,"enemies":"The Guardian","floor":16,"turns":13},{"damage":22,"enemies":"2 Thieves","floor":18,"turns":4},{"damage":19,"enemies":"Chosen","floor":22,"turns":5},{"damage":17,"enemies":"Gremlin Leader","floor":24,"turns":6},{"damage":6,"enemies":"Centurion and Healer","floor":25,"turns":5},{"damage":9,"enemies":"Snecko","floor":27,"turns":5},{"damage":19,"enemies":"Sentry and Sphere","floor":29,"turns":5},{"damage":43,"enemies":"Chosen and Byrds","floor":30,"turns":6}],"event_choices":[{"event_name":"Liars Game","player_choice":"agreed","floor":3,"damage_taken":0},{"event_name":"Golden Shrine","player_choice":"Desecrate","floor":4,"damage_taken":0},{"event_name":"Living Wall","player_choice":"Forget","floor":7,"damage_taken":0},{"event_name":"Drug Dealer","player_choice":"Got JAXXED","floor":19,"damage_taken":0},{"event_name":"N\u0027loth","player_choice":"Traded a Frozen Egg 2","floor":21,"damage_taken":0}],"boss_relics":[{"not_picked":["Runic Dome","Velvet Choker"],"picked":"Cursed Key"}],"potions_floor_spawned":[1,12,16,24,27],"seed_played":"6634811633019521556","killed_by":"Chosen and Byrds","ascension_level":0,"is_trial":false}