{"gold_per_floor":[361,0,0,75,92,125,125,125,125,135,155,155,173,205,205,305,305,317,317,334,351,368,394,394,412,412,412,424,434,444,444,444,444],"floor_reached":33,"playtime":1508,"items_purged":["Defend_R"],"score":281,"play_id":"d91660ff-ec75-4040-b01c-80631d87337d","local_time":"20181010121700","is_ascension_mode":false,"campfire_choices":[{"data":"Searing Blow","floor":8,"key":"SMITH"},{"data":"Searing Blow+1","floor":12,"key":"SMITH"},{"floor":15,"key":"REST"},{"data":"Searing Blow+2","floor":24,"key":"SMITH"},{"data":"Searing Blow+3","floor":27,"key":"SMITH"},{"floor":32,"key":"REST"}],"neow_cost":"PERCENT_DAMAGE","seed_source_timestamp":1444450107217596,"circlet_count":0,"master_deck":["Strike_R","Strike_R","Strike_R","Strike_R","Strike_R","Defend_R","Defend_R","Bash","Thunderclap","Apotheosis","Clash","Pummel","Searing Blow+4","Clothesline","Armaments+1","Headbutt","Armaments+1","Impervious+1","Shrug It Off+1","Apotheosis+1","Shockwave+1","Feel No Pain","Shrug It Off+1","True Grit+1","Headbutt"],"relics":["Burning Blood","Membership Card","Kunai","Toxic Egg 2","Potion Belt","Velvet Choker","Pocketwatch","Question Card","Nilry\u0027s Codex"],"potions_floor_usage":[14,14,14,23,23,30,33],"damage_taken":[{"damage":4,"enemies":"2 Louse","floor":1,"turns":5},{"damage":0,"enemies":"Small Slimes","floor":5,"turns":3},{"damage":36,"enemies":"3 Sentries","floor":6,"turns":6},{"damage":0,"enemies":"Cultist","floor":10,"turns":3},{"damage":0,"enemies":"Looter","floor":11,"turns":2},{"damage":10,"enemies":"2 Fungi Beasts","floor":13,"turns":4},{"damage":18,"enemies":"Lagavulin","floor":14,"turns":5},{"damage":44,"enemies":"The Guardian","floor":16,"turns":12},{"damage":2,"enemies":"Shell Parasite","floor":18,"turns":5},{"damage":5,"enemies":"3 Byrds","floor":20,"turns":5},{"damage":11,"enemies":"Snecko","floor":21,"turns":4},{"damage":12,"enemies":"3 Cultists","floor":22,"turns":5},{"damage":25,"enemies":"Slavers","floor":23,"turns":5},{"damage":19,"enemies":"Snake Plant","floor":25,"turns":4},{"damage":31,"enemies":"Sentry and Sphere","floor":28,"turns":4},{"damage":0,"enemies":"Cultist and Chosen","floor":29,"turns":5},{"damage":4,"enemies":"Shelled Parasite and Fungi","floor":30,"turns":4},{"damage":49,"enemies":"Automaton","floor":33,"turns":6}],"seed_played":"1623921601440481845","potions_obtained":[{"floor":6,"key":"LiquidBronze"},{"floor":11,"key":"LiquidBronze"},{"floor":13,"key":"LiquidBronze"},{"floor":16,"key":"Weak Potion"},{"floor":18,"key":"SteroidPotion"},{"floor":20,"key":"AttackPotion"},{"floor":28,"key":"Block Potion"}],"is_trial":false,"path_per_floor":["M","$","?","?","M","E","?","R","T","M","M","R","M","E","R","B",null,"M","?","M","M","M","E","R","M","T","R","M","M","M","?","R"],"character_chosen":"IRONCLAD","items_purchased":["Membership Card","Apotheosis","Clash"],"campfire_rested":2,"item_purchase_floors":[2,2,2],"current_hp_per_floor":[58,58,58,50,56,26,31,31,31,37,43,43,39,27,52,14,85,85,85,85,80,74,55,55,42,42,42,17,23,25,9,34,0],"gold":444,"neow_bonus":"TWO_FIFTY_GOLD","is_prod":false,"is_daily":false,"chose_seed":false,"campfire_upgraded":4,"win_rate":0,"timestamp":1539163020,"path_taken":["M","$","?","?","M","E","?","R","T","M","M","R","M","E","R","BOSS","M","?","M","M","?","E","R","M","T","R","M","M","?","?","R","BOSS"],"build_version":"2018-10-09","purchased_purges":1,"victory":false,"max_hp_per_floor":[80,80,80,80,80,80,85,85,85,85,85,85,85,85,85,85,85,85,85,85,85,85,85,85,85,85,85,85,85,85,85,85,85],"card_choices":[{"not_picked":["Body Slam","Anger"],"picked":"Thunderclap","floor":1},{"not_picked":["Sentinel","Corruption"],"picked":"Pummel","floor":5},{"not_picked":["Combust","Intimidate"],"picked":"Searing Blow","floor":6},{"not_picked":["Pummel","Corruption"],"picked":"Clothesline","floor":10},{"not_picked":["Flex+1","Feel No Pain"],"picked":"Armaments+1","floor":11},{"not_picked":["Thunderclap","Blood for Blood"],"picked":"Headbutt","floor":13},{"not_picked":["Disarm+1","Second Wind+1"],"picked":"Armaments+1","floor":14},{"not_picked":["Demon Form","Barricade"],"picked":"Impervious+1","floor":16},{"not_picked":["Cleave","Twin Strike"],"picked":"Shrug It Off+1","floor":18},{"not_picked":["Flex+1","Sword Boomerang"],"picked":"Shockwave+1","floor":20},{"not_picked":["Clothesline","Flex+1","Feel No Pain"],"picked":"SKIP","floor":21},{"not_picked":["Clothesline","Flex+1"],"picked":"Feel No Pain","floor":21},{"not_picked":["Sword Boomerang","Heavy Blade"],"picked":"Shrug It Off+1","floor":22},{"not_picked":["Pommel Strike+1","Anger","Corruption"],"picked":"SKIP","floor":23},{"not_picked":["Clash","Rampage"],"picked":"True Grit+1","floor":25},{"not_picked":["Corruption","Shockwave+1","Sever Soul"],"picked":"Headbutt","floor":28},{"not_picked":["Limit Break+1","Rampage","Pommel Strike","Twin Strike+1"],"picked":"SKIP","floor":29},{"not_picked":["Clothesline+1","Cleave","Combust","Anger"],"picked":"SKIP","floor":30}],"player_experience":760341,"relics_obtained":[{"floor":6,"key":"Kunai"},{"floor":9,"key":"Toxic Egg 2"},{"floor":14,"key":"Potion Belt"},{"floor":23,"key":"Pocketwatch"},{"floor":26,"key":"Question Card"},{"floor":31,"key":"Nilry\u0027s Codex"}],"event_choices":[{"event_name":"Living Wall","player_choice":"Forget","floor":3,"damage_taken":0},{"event_name":"FaceTrader","player_choice":"Touch","floor":4,"damage_taken":0},{"event_name":"Big Fish","player_choice":"Donut","floor":7,"damage_taken":0},{"event_name":"Duplicator","player_choice":"One dupe","floor":19,"damage_taken":0},{"event_name":"Cursed Tome","player_choice":"Obtained Book","floor":31,"damage_taken":0}],"is_beta":true,"boss_relics":[{"not_picked":["Orrery","Tiny House"],"picked":"Velvet Choker"}],"items_purged_floors":[2],"is_endless":false,"potions_floor_spawned":[6,11,13,16,18,20,28],"killed_by":"Automaton","ascension_level":0}