{"gold_per_floor":[362,2,15,29,43,43,53,79,127,140,191,223,54,72,72,177,177,191,206,206,206,481,481,492,492,518,552,562,562,562],"floor_reached":30,"playtime":2080,"items_purged":["Shame"],"score":301,"play_id":"f8f47aab-28a6-489a-ae27-19c9c328e807","local_time":"20181211104913","is_ascension_mode":true,"campfire_choices":[{"data":"Creative AI","floor":6.0,"key":"SMITH"},{"data":"Zap","floor":15.0,"key":"SMITH"},{"data":"Streamline","floor":23.0,"key":"SMITH"},{"data":"Dualcast","floor":25.0,"key":"SMITH"}],"neow_cost":"CURSE","seed_source_timestamp":0,"circlet_count":0,"master_deck":["Strike_B+1","Strike_B+1","Strike_B+1","Strike_B+1","Defend_B+1","Defend_B+1","Defend_B+1","Defend_B+1","Zap+1","Dualcast+1","Streamline+1","Cold Snap","Creative AI+1","Turbo","Go for the Eyes","Leap","Glacier","Stack","Cold Snap","Beam Cell","Rebound","Auto Shields+1","Conserve Battery+1","Ball Lightning","Good Instincts+1","Cold Snap","Rainbow+1","Undo+1","Reboot+1","Consume+1","Regret","Steam+1","Self Repair","Glacier+1"],"special_seed":0,"relics":["Cracked Core","Pear","Oddly Smooth Stone","Toxic Egg 2","Inserter","Orichalcum","Nilry\u0027s Codex"],"potions_floor_usage":[30],"damage_taken":[{"damage":0.0,"enemies":"Cultist","floor":1.0,"turns":4.0},{"damage":5.0,"enemies":"Small Slimes","floor":3.0,"turns":2.0},{"damage":5.0,"enemies":"Jaw Worm","floor":4.0,"turns":3.0},{"damage":7.0,"enemies":"2 Fungi Beasts","floor":5.0,"turns":4.0},{"damage":7.0,"enemies":"Gremlin Gang","floor":7.0,"turns":9.0},{"damage":11.0,"enemies":"3 Sentries","floor":8.0,"turns":8.0},{"damage":24.0,"enemies":"3 Louse","floor":10.0,"turns":5.0},{"damage":0.0,"enemies":"Gremlin Nob","floor":12.0,"turns":4.0},{"damage":0.0,"enemies":"Large Slime","floor":14.0,"turns":5.0},{"damage":4.0,"enemies":"Hexaghost","floor":16.0,"turns":11.0},{"damage":8.0,"enemies":"Shell Parasite","floor":18.0,"turns":11.0},{"damage":10.0,"enemies":"3 Byrds","floor":19.0,"turns":8.0},{"damage":4.0,"enemies":"Shelled Parasite and Fungi","floor":24.0,"turns":11.0},{"damage":12.0,"enemies":"Gremlin Leader","floor":27.0,"turns":11.0},{"damage":24.0,"enemies":"Snake Plant","floor":28.0,"turns":5.0},{"damage":31,"enemies":"Slavers","floor":30,"turns":4}],"seed_played":"810952002935536630","potions_obtained":[{"floor":1.0,"key":"Dexterity Potion"},{"floor":4.0,"key":"FocusPotion"},{"floor":8.0,"key":"Energy Potion"},{"floor":12.0,"key":"Explosive Potion"},{"floor":14.0,"key":"FearPotion"},{"floor":18.0,"key":"Ancient Potion"},{"floor":24.0,"key":"AttackPotion"}],"is_trial":false,"path_per_floor":["M","$","M","M","M","R","M","E","T","M","?","E","$","M","R","B",null,"M","M","?","?","?","R","M","R","T","E","M","?","E"],"character_chosen":"DEFECT","items_purchased":["Cold Snap","Creative AI","Turbo","Go for the Eyes","Conserve Battery+1","Ball Lightning","Good Instincts+1"],"campfire_rested":0,"item_purchase_floors":[2,2,2,2,13,13,13],"current_hp_per_floor":[75,75,70,65,58,58,51,50,50,26,26,26,26,26,26,22,85,77,67,67,67,67,67,63,63,63,51,34,18,0],"gold":562,"neow_bonus":"TWO_FIFTY_GOLD","is_prod":false,"is_daily":false,"chose_seed":false,"campfire_upgraded":4,"win_rate":0,"timestamp":1544514553,"path_taken":["M","$","M","M","?","R","M","E","T","M","?","E","$","M","R","BOSS","M","M","?","?","?","R","?","R","T","E","M","?","E"],"build_version":"2018-12-10","purchased_purges":1,"victory":false,"max_hp_per_floor":[75,75,75,75,75,75,75,85,85,85,85,85,85,85,85,85,85,85,85,85,85,85,85,85,85,85,85,85,85,85],"card_choices":[{"not_picked":["Tempest","Coolheaded"],"picked":"Streamline","floor":1.0},{"not_picked":["Gash","Coolheaded"],"picked":"Leap","floor":3.0},{"not_picked":["Streamline","Doom and Gloom"],"picked":"Glacier","floor":4.0},{"not_picked":["Barrage","Force Field"],"picked":"Stack","floor":5.0},{"not_picked":["Creative AI","Gash"],"picked":"Cold Snap","floor":7.0},{"not_picked":["Streamline","Rip and Tear"],"picked":"Beam Cell","floor":8.0},{"not_picked":["Self Repair","Sunder"],"picked":"Rebound","floor":10.0},{"not_picked":["Streamline","Beam Cell"],"picked":"Auto Shields","floor":12.0},{"not_picked":["Rebound","Gash"],"picked":"Cold Snap","floor":14.0},{"not_picked":["Multi-Cast+1","Amplify+1"],"picked":"Rainbow+1","floor":16.0},{"not_picked":["Turbo+1","Leap+1"],"picked":"Undo+1","floor":18.0},{"not_picked":["Scrape","Barrage"],"picked":"Reboot+1","floor":19.0},{"not_picked":["Lockon","Double Energy+1"],"picked":"Steam+1","floor":24.0},{"not_picked":["Barrage","Consume+1"],"picked":"Self Repair","floor":27.0},{"not_picked":["Go for the Eyes","Cold Snap"],"picked":"Glacier+1","floor":28.0}],"player_experience":968884,"relics_obtained":[{"floor":8.0,"key":"Pear"},{"floor":9.0,"key":"Oddly Smooth Stone"},{"floor":12.0,"key":"Toxic Egg 2"},{"floor":27.0,"key":"Orichalcum"},{"floor":29.0,"key":"Nilry\u0027s Codex"}],"event_choices":[{"damage_healed":0.0,"max_hp_gain":0.0,"max_hp_loss":0.0,"gold_gain":51.0,"event_name":"Golden Wing","player_choice":"Gained Gold","floor":11.0,"gold_loss":0.0,"damage_taken":0.0},{"damage_healed":0.0,"max_hp_gain":0.0,"max_hp_loss":0.0,"gold_gain":0.0,"event_name":"Back to Basics","player_choice":"Simplicity","floor":20.0,"gold_loss":0.0,"damage_taken":0.0,"cards_upgraded":["Strike_B","Strike_B","Strike_B","Strike_B","Defend_B","Defend_B","Defend_B","Defend_B"]},{"damage_healed":0.0,"max_hp_gain":0.0,"max_hp_loss":0.0,"gold_gain":0.0,"event_name":"The Library","player_choice":"Read","floor":21.0,"gold_loss":0.0,"damage_taken":0.0,"cards_obtained":["Consume"]},{"damage_healed":0.0,"max_hp_gain":0.0,"max_hp_loss":0.0,"gold_gain":275.0,"event_name":"Golden Shrine","player_choice":"Desecrate","floor":22.0,"gold_loss":0.0,"damage_taken":0.0,"cards_obtained":["Regret"]},{"damage_healed":0.0,"max_hp_gain":0.0,"max_hp_loss":0.0,"gold_gain":0.0,"event_name":"Cursed Tome","player_choice":"Obtained Book","floor":29.0,"gold_loss":0.0,"damage_taken":16.0}],"is_beta":true,"boss_relics":[{"not_picked":["Velvet Choker","Empty Cage"],"picked":"Inserter"}],"items_purged_floors":[2],"is_endless":false,"potions_floor_spawned":[1,4,8,12,14,18,24],"killed_by":"Slavers","ascension_level":1}