{"gold_per_floor":[152,183,195,221,233,280,292,339,376,407,437,449,480,525,537,654,666,692,724,736,760,792,804,848,860,872,884,915,927,607,641,641,743,743,762,762,762,762,762,762,762,42,42,96,46,46,62,94,94,94],"floor_reached":51,"playtime":1646,"items_purged":["Trip","Regret","Writhe"],"score":1406,"play_id":"e1e620a6-ef03-4b05-bf7d-b6d7d1099ecd","local_time":"20190117040605","is_ascension_mode":false,"campfire_choices":[{"data":"strawberrySpire:Flashback","floor":7,"key":"SMITH"},{"data":"strawberrySpire:Flashback","floor":12,"key":"SMITH"},{"data":"strawberrySpire:Flashback","floor":15,"key":"SMITH"},{"data":"Madness","floor":23,"key":"SMITH"},{"data":"Limit Break","floor":25,"key":"SMITH"},{"data":"strawberrySpire:Flashback","floor":32,"key":"SMITH"},{"data":"strawberrySpire:Flashback","floor":40,"key":"SMITH"},{"data":"strawberrySpire:Flashback","floor":46,"key":"SMITH"},{"data":"strawberrySpire:Flashback","floor":49,"key":"SMITH"}],"neow_cost":"","seed_source_timestamp":0,"circlet_count":0,"master_deck":["Trip","Trip","Trip","Trip","Trip","strawberrySpire:Flashback","strawberrySpire:Flashback","strawberrySpire:Flashback","strawberrySpire:Flashback","strawberrySpire:Flashback","strawberrySpire:Flashback","strawberrySpire:Flashback","Madness","Madness","Madness","Madness","Madness+1","Madness+1","Madness+1","Dropkick+1","Dropkick","Dropkick+1","Dropkick","Dropkick","Dropkick","Dropkick","Dropkick","Dropkick","Impervious","Limit Break+1","Entrench+1","Madness+1","Dark Embrace+1","Intimidate+1","Madness+1","Madness+1","strawberrySpire:AscendersBanana","strawberrySpire:Flashback","strawberrySpire:Flashback","Trip+1","Trip+1","Trip+1","Trip+1","Trip+1","Trip+1","Trip+1","Trip+1","Trip+1","Trip+1","strawberrySpire:Flashback","strawberrySpire:Flashback","strawberrySpire:Flashback","strawberrySpire:Flashback","strawberrySpire:Flashback","strawberrySpire:Flashback","strawberrySpire:Flashback","strawberrySpire:Flashback","strawberrySpire:Flashback","strawberrySpire:Flashback","strawberrySpire:Flashback","strawberrySpire:Flashback","strawberrySpire:Flashback","strawberrySpire:Flashback","Madness+1","Madness+1","Madness+1","Madness+1","Madness+1","Madness+1","Madness+1","Madness+1","Madness+1","Madness+1","Madness+1","Madness+1","Madness+1","Madness+1","Dropkick+1","Dropkick+1","Dropkick","Dropkick","Dropkick+1","Dropkick+1","Dropkick","Dropkick","Dropkick","Dropkick","Dropkick","Dropkick","Dropkick","Dropkick","Dropkick","Dropkick","Dropkick","Dropkick","Impervious+1","Impervious+1","Limit Break+1","Limit Break+1","Entrench+1","Entrench+1","Madness+1","Madness+1","Dark Embrace+1","Dark Embrace+1","Intimidate+1","Intimidate+1","Madness+1","Madness+1","Madness+1","Madness+1","strawberrySpire:AscendersBanana","strawberrySpire:AscendersBanana","strawberrySpire:Flashback","strawberrySpire:Flashback","strawberrySpire:Flashback","strawberrySpire:Flashback","Apotheosis+1","Finesse+1","Metallicize+1","Havoc+1","Doubt"],"relics":["Burning Blood","WristBlade","White Beast Statue","Burning Blood","Cracked Core","Anchor","Ancient Tea Set","Art of War","Bag of Marbles","Bag of Preparation","Blood Vial","strawberrySpire:KineticCharger","Lantern","MawBank","strawberrySpire:MawJerky","Oddly Smooth Stone","Omamori","Orichalcum","Pen Nib","Potion Belt","PreservedInsect","Red Skull","Regal Pillow","Smiling Mask","Snake Skull","Strawberry","Boot","Tiny Chest","strawberrySpire:Treaders","Vajra","War Paint","Whetstone","Blue Candle","Darkstone Periapt","strawberrySpire:DirtyLipstick","Frozen Egg 2","Cables","Gremlin Horn","Kunai","Unceasing Top","Strange Spoon","Shuriken","Calipers","Champion Belt","Charon\u0027s Ashes","Mummified Hand","Sundial","HandDrill","Lee\u0027s Waffle","Membership Card","Cauldron","strawberrySpire:ElefentMask","Dream Catcher","Bronze Scales","Happy Flower","Cursed Key","Nilry\u0027s Codex","Juzu Bracelet","Toxic Egg 2","Centennial Puzzle","Chemical X","Question Card","strawberrySpire:ShipInABottle","strawberrySpire:Dictionifier","Paper Frog","The Courier","Sling","FossilizedHelix","Singing Bowl","Self Forming Clay","Mango","Pear","strawberrySpire:WyrmJar","Letter Opener"],"potions_floor_usage":[50,50,50],"damage_taken":[{"damage":0,"enemies":"Small Slimes","floor":1,"turns":1},{"damage":0,"enemies":"2 Louse","floor":2,"turns":1},{"damage":0,"enemies":"Jaw Worm","floor":4,"turns":1},{"damage":0,"enemies":"3 Sentries","floor":6,"turns":1},{"damage":0,"enemies":"Gremlin Nob","floor":8,"turns":1},{"damage":0,"enemies":"3 Louse","floor":10,"turns":1},{"damage":0,"enemies":"2 Fungi Beasts","floor":11,"turns":1},{"damage":0,"enemies":"Looter","floor":13,"turns":1},{"damage":0,"enemies":"Lagavulin","floor":14,"turns":1},{"damage":0,"enemies":"Hexaghost","floor":16,"turns":3},{"damage":0,"enemies":"Shell Parasite","floor":18,"turns":1},{"damage":0,"enemies":"2 Thieves","floor":19,"turns":1},{"damage":0,"enemies":"Snecko","floor":21,"turns":1},{"damage":0,"enemies":"Chosen and Byrds","floor":22,"turns":2},{"damage":0,"enemies":"strawberrySpire:AncientClocktower","floor":24,"turns":3},{"damage":0,"enemies":"Centurion and Healer","floor":28,"turns":1},{"damage":0,"enemies":"Slavers","floor":31,"turns":1},{"damage":0,"enemies":"Automaton","floor":33,"turns":3},{"damage":0,"enemies":"Orb Walker","floor":35,"turns":1},{"damage":0,"enemies":"3 Darklings","floor":47,"turns":1},{"damage":0,"enemies":"Nemesis","floor":48,"turns":1},{"damage":0,"enemies":"Time Eater","floor":50,"turns":4}],"seed_played":"-796629117160201446","potions_obtained":[{"floor":0,"key":"FairyPotion"},{"floor":0,"key":"Explosive Potion"},{"floor":0,"key":"LiquidBronze"},{"floor":0,"key":"Strength Potion"},{"floor":0,"key":"Explosive Potion"},{"floor":1,"key":"Strength Potion"},{"floor":4,"key":"PowerPotion"},{"floor":13,"key":"FearPotion"}],"is_trial":true,"path_per_floor":["M","M","?","M","?","E","R","E","T","M","M","R","M","E","R","B",null,"M","M","?","M","M","R","E","R","T","?","M","?","$","E","R","B",null,"M","?","?","T","?","R","T","$","T","T","$","R","M","E","R","B",null],"character_chosen":"IRONCLAD","items_purchased":["Chemical X","Question Card","Madness+1","Sling","FossilizedHelix","Singing Bowl","Self Forming Clay","Mango","Apotheosis+1","Finesse+1","Metallicize+1","Havoc+1"],"campfire_rested":0,"item_purchase_floors":[30,30,30,42,42,42,42,42,42,42,42,42],"current_hp_per_floor":[94,94,75,89,89,98,98,102,102,102,102,102,102,106,106,106,106,106,106,90,104,106,106,110,110,110,110,110,110,110,114,114,114,114,114,114,100,106,77,77,83,97,113,119,119,119,135,155,155,169],"gold":94,"neow_bonus":"","is_prod":false,"is_daily":false,"chose_seed":false,"campfire_upgraded":9,"win_rate":0,"timestamp":1547687165,"path_taken":["M","M","?","M","?","E","R","E","T","M","M","R","M","E","R","BOSS","M","M","?","M","M","R","E","R","T","?","M","?","$","E","R","BOSS","M","?","?","?","?","R","?","$","T","?","$","R","M","E","R","BOSS"],"build_version":"2019-01-14v2","purchased_purges":3,"victory":true,"max_hp_per_floor":[94,94,94,94,94,98,98,102,102,102,102,102,102,106,106,106,106,106,106,106,106,106,106,110,110,110,110,110,110,110,114,114,114,114,114,114,114,120,132,132,138,152,168,174,174,174,176,182,182,182],"card_choices":[{"not_picked":["strawberrySpire:DangerMountain","strawberrySpire:Incursion","strawberrySpire:DraftPunk"],"picked":"SKIP","floor":1},{"not_picked":["Headbutt","Pommel Strike"],"picked":"Impervious","floor":2},{"not_picked":["Power Through","Wild Strike","strawberrySpire:DebrisPile"],"picked":"SKIP","floor":4},{"not_picked":["Cleave","Wild Strike","strawberrySpire:GettingOverIt"],"picked":"SKIP","floor":6},{"not_picked":["Second Wind","Clash","Havoc"],"picked":"SKIP","floor":8},{"not_picked":["Reckless Charge","strawberrySpire:ZonePlayer","Clothesline"],"picked":"SKIP","floor":10},{"not_picked":["Evolve+1","strawberrySpire:DebrisPile","strawberrySpire:Spite"],"picked":"SKIP","floor":11},{"not_picked":["Perfected Strike","Wild Strike"],"picked":"Whirlwind","floor":13},{"not_picked":["Heavy Blade","Warcry","strawberrySpire:DebrisPile"],"picked":"SKIP","floor":14},{"not_picked":["strawberrySpire:Harvest","Brutality+1"],"picked":"Limit Break","floor":16},{"not_picked":["Thunderclap","Cleave","Evolve+1"],"picked":"SKIP","floor":18},{"not_picked":["Blood for Blood","Armaments"],"picked":"Entrench+1","floor":19},{"not_picked":["True Grit","strawberrySpire:DraftPunk","Warcry"],"picked":"SKIP","floor":21},{"not_picked":["Wild Strike+1","Perfected Strike","strawberrySpire:Endurance"],"picked":"SKIP","floor":22},{"not_picked":["Brutality+1","Havoc","Iron Wave+1"],"picked":"SKIP","floor":24},{"not_picked":["Headbutt","Burning Pact+1","Iron Wave"],"picked":"SKIP","floor":28},{"not_picked":["Heavy Blade+1","Pommel Strike","Rupture+1","Sword Boomerang"],"picked":"SKIP","floor":31},{"not_picked":["Exhume+1","strawberrySpire:Beatdown","Immolate+1"],"picked":"Dark Embrace+1","floor":33},{"not_picked":["Armaments+1","strawberrySpire:PumpUp+1","Flex+1"],"picked":"Intimidate+1","floor":35},{"not_picked":["strawberrySpire:Spite+1","Warcry+1","strawberrySpire:Aggression+1","Headbutt"],"picked":"Singing Bowl","floor":47},{"not_picked":["strawberrySpire:PowerStomp+1","strawberrySpire:Incursion","strawberrySpire:JustAWound+1","Bloodletting+1"],"picked":"Singing Bowl","floor":48}],"player_experience":1078906,"relics_obtained":[{"floor":6,"key":"strawberrySpire:ElefentMask"},{"floor":8,"key":"Dream Catcher"},{"floor":9,"key":"Bronze Scales"},{"floor":14,"key":"Happy Flower"},{"floor":20,"key":"Nilry\u0027s Codex"},{"floor":24,"key":"Juzu Bracelet"},{"floor":26,"key":"Toxic Egg 2"},{"floor":31,"key":"strawberrySpire:ShipInABottle"},{"floor":38,"key":"Paper Frog"},{"floor":41,"key":"The Courier"},{"floor":43,"key":"Pear"},{"floor":44,"key":"strawberrySpire:WyrmJar"},{"floor":48,"key":"Letter Opener"}],"event_choices":[{"damage_healed":0,"gold_gain":0,"player_choice":"Entered Light","damage_taken":19,"max_hp_gain":0,"max_hp_loss":0,"event_name":"Shining Light","floor":3,"gold_loss":0,"cards_upgraded":["strawberrySpire:Flashback","strawberrySpire:Flashback"]},{"damage_healed":0,"gold_gain":0,"player_choice":"Grow","damage_taken":0,"max_hp_gain":0,"max_hp_loss":0,"event_name":"Living Wall","floor":5,"gold_loss":0,"cards_upgraded":["strawberrySpire:Flashback"]},{"damage_healed":0,"gold_gain":0,"player_choice":"Obtained Book","damage_taken":16,"max_hp_gain":0,"max_hp_loss":0,"event_name":"Cursed Tome","floor":20,"gold_loss":0},{"damage_healed":0,"gold_gain":0,"player_choice":"Ignored","damage_taken":0,"max_hp_gain":0,"max_hp_loss":0,"event_name":"Vampires","floor":27,"gold_loss":0},{"damage_healed":0,"gold_gain":0,"player_choice":"Opened","damage_taken":0,"relics_obtained":["Centennial Puzzle"],"max_hp_gain":0,"max_hp_loss":0,"event_name":"The Mausoleum","floor":29,"gold_loss":0,"cards_obtained":["Writhe"]},{"cards_removed":["Whirlwind"],"damage_healed":0,"gold_gain":0,"player_choice":"Removed Attack","damage_taken":0,"max_hp_gain":0,"max_hp_loss":0,"event_name":"Falling","floor":36,"gold_loss":0},{"damage_healed":0,"gold_gain":0,"player_choice":"Embrace Madness","damage_taken":14,"max_hp_gain":0,"max_hp_loss":0,"event_name":"Winding Halls","floor":37,"gold_loss":0,"cards_obtained":["Madness","Madness"]}],"is_beta":true,"boss_relics":[{"not_picked":["Empty Cage","Runic Cube"],"picked":"Cursed Key"},{"not_picked":["strawberrySpire:RottenAvocado","White Beast Statue"],"picked":"strawberrySpire:Dictionifier"}],"items_purged_floors":[30,42,45],"is_endless":false,"potions_floor_spawned":[1,2,4,6,8,10,11,13,14,16,18,19,21,22,24,28,31,33,35,47,48],"ascension_level":0}