{"path_per_floor":["M","?","M","M","M","R","M","E","T","E","M","R","M","M","R"],"character_chosen":"DEFECT","items_purchased":[],"gold_per_floor":[109,59,71,89,106,106,124,152,177,207,217,217,235,250,250,250],"floor_reached":16,"campfire_rested":2,"playtime":564,"item_purchase_floors":[],"current_hp_per_floor":[67,67,60,58,13,35,33,8,8,37,35,57,47,35,35,35],"items_purged":[],"gold":250,"score":216,"play_id":"bca1d4d5-825a-4f42-9ae8-c7de731acbb5","local_time":"20180611113217","is_prod":false,"is_daily":false,"chose_seed":false,"is_ascension_mode":false,"campfire_upgraded":1,"win_rate":0,"timestamp":1528705937,"campfire_choices":[{"floor":6,"key":"REST"},{"floor":12,"key":"REST"},{"data":"Defragment","floor":15,"key":"SMITH"}],"path_taken":["M","?","M","M","?","R","M","E","T","E","?","R","M","M","R","BOSS"],"build_version":"2018-06-08","seed_source_timestamp":147072800183083,"purchased_purges":0,"victory":false,"master_deck":["Strike_B+1","Strike_B+1","Strike_B","Defend_B","Defend_B","Defend_B","Defend_B","Zap","Dualcast","Leap","Ball Lightning","Loop","Defragment","Tempest","Defragment+1","Beam Cell","Coolheaded","Hologram","Darkness"],"max_hp_per_floor":[75,75,75,75,75,75,75,75,75,75,75,75,75,75,75,75],"relics":["Lizard Tail","Ornamental Fan","DataDisk","Whetstone"],"card_choices":[{"not_picked":["Scrape","Fusion"],"picked":"Leap","floor":1},{"not_picked":["Chill","Beam Cell"],"picked":"Ball Lightning","floor":3},{"not_picked":["Cold Snap","Compile Driver"],"picked":"Loop","floor":4},{"not_picked":["White Noise","Chill"],"picked":"Defragment","floor":5},{"not_picked":["Redo","Storm"],"picked":"Tempest","floor":7},{"not_picked":["Rebound","Coolheaded"],"picked":"Defragment","floor":8},{"not_picked":["Auto Shields","Steam Power"],"picked":"Beam Cell","floor":10},{"not_picked":["Rebound","Hello World"],"picked":"Coolheaded","floor":11},{"not_picked":["Coolheaded","Recycle"],"picked":"Hologram","floor":13},{"not_picked":["Coolheaded","Aggregate"],"picked":"Darkness","floor":14}],"player_experience":496450,"potions_floor_usage":[8,16,16,16],"damage_taken":[{"damage":8,"enemies":"Cultist","floor":1,"turns":5},{"damage":7,"enemies":"2 Louse","floor":3,"turns":3},{"damage":2,"enemies":"Jaw Worm","floor":4,"turns":3},{"damage":45,"enemies":"Gremlin Gang","floor":5,"turns":6},{"damage":2,"enemies":"Blue Slaver","floor":7,"turns":4},{"damage":25,"enemies":"Gremlin Nob","floor":8,"turns":4},{"damage":15,"enemies":"3 Sentries","floor":10,"turns":7},{"damage":2,"enemies":"3 Louse","floor":11,"turns":4},{"damage":10,"enemies":"Looter","floor":13,"turns":2},{"damage":12,"enemies":"Blue Slaver","floor":14,"turns":2},{"damage":0,"enemies":"Slime Boss","floor":16,"turns":7}],"relics_obtained":[{"floor":8,"key":"Ornamental Fan"},{"floor":9,"key":"DataDisk"},{"floor":10,"key":"Whetstone"}],"event_choices":[{"event_name":"The Cleric","player_choice":"Card Removal","floor":2,"damage_taken":0}],"boss_relics":[],"items_purged_floors":[],"potions_floor_spawned":[3,5,8,13,14],"seed_played":"-3636997748420590026","killed_by":"Slime Boss","ascension_level":0,"potions_obtained":[{"floor":3,"key":"FearPotion"},{"floor":5,"key":"PowerPotion"},{"floor":8,"key":"FearPotion"},{"floor":13,"key":"AttackPotion"}],"is_trial":false}