{"gold_per_floor":[115,115,115,133,146,146,146,179,179,179,179],"floor_reached":11,"playtime":852,"items_purged":[],"score":71,"play_id":"df7edc03-3987-47ad-9592-2ecf2677e997","local_time":"20190731220723","is_ascension_mode":false,"campfire_choices":[{"data":"Bane","floor":6,"key":"SMITH"},{"floor":10,"key":"REST"}],"neow_cost":"NONE","seed_source_timestamp":38709181388400,"circlet_count":0,"master_deck":["Strike_G","Strike_G","Strike_G","Strike_G","Strike_G","Defend_G","Defend_G","Defend_G","Defend_G","Defend_G","Survivor","Neutralize","Bane+1","Slice","Poisoned Stab","Masterful Stab","Leg Sweep"],"relics":["Ring of the Snake","Calipers","Pen Nib","Dodecahedron","Ice Cream"],"potions_floor_usage":[],"damage_taken":[{"damage":0,"enemies":"Jaw Worm","floor":1,"turns":4},{"damage":3,"enemies":"2 Louse","floor":4,"turns":3},{"damage":3,"enemies":"Cultist","floor":5,"turns":4},{"damage":22,"enemies":"3 Sentries","floor":8,"turns":8},{"damage":37,"enemies":"Gremlin Nob","floor":11,"turns":4}],"seed_played":"-431936033335543789","potions_obtained":[],"is_trial":false,"path_per_floor":["M","?","?","M","M","R","?","E","T","R","E"],"character_chosen":"THE_SILENT","items_purchased":[],"campfire_rested":1,"item_purchase_floors":[],"current_hp_per_floor":[70,70,37,34,31,31,24,2,2,23,0],"gold":179,"neow_bonus":"THREE_CARDS","is_prod":false,"is_daily":false,"chose_seed":false,"campfire_upgraded":1,"win_rate":0.0,"timestamp":1564578443,"path_taken":["M","?","?","M","M","R","?","E","T","R","E"],"build_version":"2019-07-17","purchased_purges":0,"victory":false,"max_hp_per_floor":[70,70,70,70,70,70,70,70,70,70,70],"card_choices":[{"not_picked":["Expertise","Flying Knee"],"picked":"Bane","floor":0},{"not_picked":["Acrobatics","Prepared"],"picked":"Slice","floor":1},{"not_picked":["Escape Plan","Outmaneuver"],"picked":"Poisoned Stab","floor":4},{"not_picked":["Poisoned Stab","Escape Plan"],"picked":"Masterful Stab","floor":5},{"not_picked":["Flying Knee","Backflip"],"picked":"Leg Sweep","floor":8}],"player_experience":33776,"relics_obtained":[{"floor":8,"key":"Dodecahedron"},{"floor":9,"key":"Ice Cream"}],"event_choices":[{"damage_healed":0,"gold_gain":0,"player_choice":"Box","damage_taken":0,"relics_obtained":["Calipers"],"max_hp_gain":0,"max_hp_loss":0,"event_name":"Big Fish","floor":2,"gold_loss":0,"cards_obtained":["Regret"]},{"damage_healed":0,"gold_gain":0,"player_choice":"Success","damage_taken":33,"relics_obtained":["Pen Nib"],"max_hp_gain":0,"max_hp_loss":0,"event_name":"Scrap Ooze","floor":3,"gold_loss":0},{"cards_removed":["Regret"],"damage_healed":0,"gold_gain":0,"player_choice":"Card Removal","damage_taken":7,"max_hp_gain":0,"max_hp_loss":0,"event_name":"Golden Wing","floor":7,"gold_loss":0}],"is_beta":false,"boss_relics":[],"items_purged_floors":[],"is_endless":false,"potions_floor_spawned":[],"killed_by":"Gremlin Nob","ascension_level":0}