{"path_per_floor":["M","?","?","M","M","R","E","M","T","M","R","M","?","E","R","B",null,"M","M","$","?","M","R","M","R","T","?","M","R","M","$","R","B",null,"M","?","?","?","M","R","M","E","T","R","M","R","$","?","R","B"],"character_chosen":"THE_SILENT","items_purchased":["Frozen Egg 2","Strawberry","Backflip","Vajra","Adrenaline"],"gold_per_floor":[115,65,65,82,92,92,125,145,145,159,159,177,277,305,305,405,405,425,444,45,45,61,61,71,71,94,94,114,114,127,6,6,101,101,115,169,169,169,182,182,201,234,234,234,244,244,17,17,17,17],"floor_reached":51,"campfire_rested":3,"playtime":4287,"current_hp_per_floor":[50,50,50,50,50,50,35,21,21,17,38,38,38,30,51,42,70,66,54,61,61,47,47,36,36,36,36,21,21,20,20,43,2,77,74,33,33,52,54,54,53,51,51,51,53,53,53,53,53,39],"items_purged":["Strike_G"],"gold":17,"score":637,"play_id":"931a5dee-3a97-43cc-bf96-8ae0fc43c0de","local_time":"20180422232532","is_prod":false,"is_daily":false,"chose_seed":false,"is_ascension_mode":false,"campfire_upgraded":8,"timestamp":1524428732,"path_taken":["M","?","?","?","M","R","E","M","T","M","R","M","?","E","R","BOSS","M","M","$","?","M","R","M","R","T","?","M","R","M","?","R","BOSS","M","?","?","?","M","R","M","E","T","R","M","R","$","?","R","BOSS"],"build_version":"2018-04-19","seed_source_timestamp":290530157560059,"purchased_purges":1,"victory":true,"master_deck":["Defend_G","Defend_G","Defend_G","Defend_G","Defend_G","Survivor","Neutralize+1","Flying Knee+1","Dodge and Roll+1","Footwork","Dash+1","PiercingWail","Malaise+1","Cloak And Dagger+1","Wraith Form v2","Quick Slash+1","Deflect+1","Malaise","Bouncing Flask","Bouncing Flask","Backflip+1","Glass Knife+1","After Image+1","Adrenaline+1","Skewer+1","Deflect+1","Well Laid Plans+1","Backflip+1","Deadly Poison","Adrenaline+1"],"max_hp_per_floor":[70,70,70,70,70,70,70,70,70,70,70,70,70,70,70,70,70,70,70,77,77,77,77,77,77,77,77,77,77,77,77,77,77,77,77,77,74,74,74,74,74,74,74,74,74,74,74,74,74,74],"relics":["Ring of the Snake","Calipers","Lantern","Mercury Hourglass","Sundial","Calling Bell","Omamori","Tough Bandages","Ice Cream","Frozen Egg 2","Strawberry","Blood Vial","Astrolabe","Dead Branch","Whetstone","Bottled Flame","Vajra"],"card_choices":[{"not_picked":["Escape Plan","Acrobatics"],"picked":"Flying Knee","floor":1},{"not_picked":["Reflex","Flechettes"],"picked":"Dodge and Roll","floor":4},{"not_picked":["Deadly Poison","Acrobatics"],"picked":"Dagger Throw","floor":5},{"not_picked":["Grand Finale","Outmaneuver"],"picked":"Footwork","floor":7},{"not_picked":["Masterful Stab","Bouncing Flask"],"picked":"Dash","floor":8},{"not_picked":["Bane","Deadly Poison"],"picked":"PiercingWail","floor":10},{"not_picked":["Prepared","Bane"],"picked":"Malaise","floor":12},{"not_picked":["Dagger Throw","Deflect"],"picked":"Cloak And Dagger","floor":14},{"not_picked":["Doppelganger","A Thousand Cuts"],"picked":"Wraith Form v2","floor":16},{"not_picked":["Flying Knee","PiercingWail"],"picked":"Quick Slash","floor":18},{"not_picked":["Calculated Gamble","Poisoned Stab"],"picked":"Deflect","floor":19},{"not_picked":["Bouncing Flask","Calculated Gamble"],"picked":"Malaise","floor":22},{"not_picked":["Setup","Tactician"],"picked":"Bouncing Flask","floor":24},{"not_picked":["Choke","Finisher"],"picked":"Bouncing Flask","floor":28},{"not_picked":["Night Terror","A Thousand Cuts"],"picked":"Glass Knife","floor":33},{"not_picked":["PiercingWail","Prepared"],"picked":"Deflect","floor":35},{"not_picked":["Deflect","Storm of Steel"],"picked":"Well Laid Plans","floor":36},{"not_picked":["Blade Dance","Dagger Spray"],"picked":"Backflip","floor":42},{"not_picked":["Corpse Explosion","Flechettes"],"picked":"Deadly Poison","floor":45}],"player_experience":364965,"potions_floor_usage":[7,14,16,16,16,24,33,50,50,50],"damage_taken":[{"damage":20,"enemies":"Jaw Worm","floor":1,"turns":7},{"damage":0,"enemies":"Small Slimes","floor":4,"turns":3},{"damage":0,"enemies":"Cultist","floor":5,"turns":4},{"damage":15,"enemies":"Gremlin Nob","floor":7,"turns":5},{"damage":14,"enemies":"Gremlin Gang","floor":8,"turns":5},{"damage":4,"enemies":"3 Louse","floor":10,"turns":2},{"damage":0,"enemies":"Lots of Slimes","floor":12,"turns":3},{"damage":8,"enemies":"3 Sentries","floor":14,"turns":7},{"damage":9,"enemies":"Slime Boss","floor":16,"turns":11},{"damage":4,"enemies":"Shell Parasite","floor":18,"turns":15},{"damage":12,"enemies":"Chosen","floor":19,"turns":10},{"damage":14,"enemies":"Centurion and Healer","floor":22,"turns":12},{"damage":11,"enemies":"3 Cultists","floor":24,"turns":9},{"damage":17,"enemies":"Cultist and Chosen","floor":28,"turns":10},{"damage":3,"enemies":"Centurion and Healer","floor":30,"turns":14},{"damage":43,"enemies":"Champ","floor":33,"turns":16},{"damage":3,"enemies":"3 Darklings","floor":35,"turns":7},{"damage":43,"enemies":"Mysterious Sphere","floor":36,"turns":6},{"damage":0,"enemies":"Flame Bruiser 1 Orb","floor":39,"turns":9},{"damage":3,"enemies":"3 Darklings","floor":41,"turns":5},{"damage":4,"enemies":"Giant Head","floor":42,"turns":14},{"damage":0,"enemies":"Flame Bruiser 2 Orb","floor":45,"turns":9},{"damage":16,"enemies":"Time Eater","floor":50,"turns":15}],"event_choices":[{"event_name":"The Cleric","player_choice":"Card Removal","floor":2,"damage_taken":0},{"event_name":"Accursed Blacksmith","player_choice":"Forge","floor":3,"damage_taken":0},{"event_name":"Wheel of Change","player_choice":"Gold","floor":13,"damage_taken":0},{"event_name":"Addict","player_choice":"Ignored","floor":21,"damage_taken":0},{"event_name":"Back to Basics","player_choice":"Elegance","floor":27,"damage_taken":0},{"event_name":"Mysterious Sphere","player_choice":"Fight","floor":36,"damage_taken":0},{"event_name":"Fountain of Cleansing","player_choice":"Removed Curse","floor":37,"damage_taken":0},{"event_name":"Winding Halls","player_choice":"Writhe","floor":38,"damage_taken":0}],"boss_relics":[{"not_picked":["Eternal Feather","White Beast Statue"],"picked":"Calling Bell"},{"not_picked":["Orrery","Runic Pyramid"],"picked":"Astrolabe"}],"potions_floor_spawned":[5,8,10,12,14,18,30,35,36,45],"seed_played":"2321556472042704995","ascension_level":0,"is_trial":false}