{"gold_per_floor":[113,38,38,51,226,258,258,278,302,302,302],"floor_reached":11,"playtime":477,"items_purged":["Normality"],"score":71,"play_id":"288946e0-719a-4c3c-85e8-b2fc62b9ad28","local_time":"20181029182948","is_ascension_mode":false,"campfire_choices":[{"data":"After Image","floor":7,"key":"SMITH"},{"data":"Neutralize","floor":10,"key":"SMITH"}],"neow_cost":"CURSE","seed_source_timestamp":0,"circlet_count":0,"master_deck":["Defend_G+1","Defend_G","Defend_G","Defend_G+1","Defend_G","Strike_G","Strike_G","Survivor","Neutralize+1","After Image+1","Bouncing Flask","Blade Dance","Blur","Doubt","Terror","Dodge and Roll"],"special_seed":0,"relics":["Ring of the Snake","War Paint","PreservedInsect"],"potions_floor_usage":[6],"damage_taken":[{"damage":0,"enemies":"Jaw Worm","floor":1,"turns":5},{"damage":2,"enemies":"Small Slimes","floor":4,"turns":4},{"damage":55,"enemies":"Gremlin Nob","floor":6,"turns":8},{"damage":0,"enemies":"Cultist","floor":8,"turns":4},{"damage":15,"enemies":"Exordium Thugs","floor":11,"turns":5}],"seed_played":"837329365072210114","potions_obtained":[{"floor":1,"key":"SneckoOil"}],"is_trial":false,"path_per_floor":["M","$","?","M","?","E","R","M","T","R"],"character_chosen":"THE_SILENT","items_purchased":[],"campfire_rested":0,"item_purchase_floors":[],"current_hp_per_floor":[70,70,70,68,68,13,13,13,13,13,0],"gold":302,"neow_bonus":"TRANSFORM_TWO_CARDS","is_prod":false,"is_daily":false,"chose_seed":false,"campfire_upgraded":2,"win_rate":0,"timestamp":1540826988,"path_taken":["M","$","?","M","?","E","R","?","T","R","M"],"build_version":"2018-10-25v2","purchased_purges":1,"victory":false,"max_hp_per_floor":[70,70,70,70,70,70,70,70,70,70,70],"card_choices":[{"not_picked":["Deflect","Calculated Gamble"],"picked":"Blade Dance","floor":1},{"not_picked":["Endless Agony","Prepared"],"picked":"Blur","floor":4},{"not_picked":["Quick Slash","Poisoned Stab"],"picked":"Terror","floor":6},{"not_picked":["Sucker Punch","Unload"],"picked":"Dodge and Roll","floor":8}],"player_experience":847792,"relics_obtained":[{"floor":6,"key":"War Paint"},{"floor":9,"key":"PreservedInsect"}],"event_choices":[{"cards_removed":["Strike_G"],"damage_healed":0,"gold_gain":0,"player_choice":"Forget","damage_taken":0,"max_hp_gain":0,"max_hp_loss":0,"event_name":"Living Wall","floor":3,"gold_loss":0},{"damage_healed":0,"gold_gain":175,"player_choice":"AGREE","damage_taken":0,"max_hp_gain":0,"max_hp_loss":0,"event_name":"Liars Game","floor":5,"gold_loss":0,"cards_obtained":["Doubt"]}],"is_beta":true,"boss_relics":[],"items_purged_floors":[2],"is_endless":false,"potions_floor_spawned":[1],"killed_by":"Exordium Thugs","ascension_level":0}