{"gold_per_floor":[369,32,32,32,32,66,66,66],"floor_reached":8,"playtime":285,"items_purged":[],"score":55,"play_id":"76276026-d3bc-4483-8e2f-b51bf235a1c8","local_time":"20190213123159","is_ascension_mode":true,"campfire_choices":[{"floor":7,"key":"REST"}],"neow_cost":"TEN_PERCENT_HP_LOSS","seed_source_timestamp":6043294476504,"circlet_count":0,"master_deck":["Defend_G+1","Defend_G","Defend_G+1","Defend_G+1","Defend_G","Strike_G","Strike_G+1","Strike_G","Strike_G","Strike_G","Survivor","Neutralize","Cloak And Dagger","Infinite Blades+1","PiercingWail","Blur","Backflip"],"relics":["Ring of the Snake","Snake Skull","Happy Flower","War Paint"],"potions_floor_usage":[],"damage_taken":[{"damage":0,"enemies":"Jaw Worm","floor":1,"turns":6},{"damage":11,"enemies":"Lagavulin","floor":6,"turns":12},{"damage":47,"enemies":"Gremlin Nob","floor":8,"turns":5}],"seed_played":"614427404936739934","potions_obtained":[],"is_trial":false,"path_per_floor":["M","$","?","?","?","E","R","E"],"character_chosen":"THE_SILENT","items_purchased":["Snake Skull","Infinite Blades","PiercingWail","Blur"],"campfire_rested":1,"item_purchase_floors":[2,2,2,2],"current_hp_per_floor":[63,63,63,38,25,14,32,0],"gold":66,"neow_bonus":"TWO_FIFTY_GOLD","is_prod":false,"is_daily":false,"chose_seed":false,"campfire_upgraded":0,"win_rate":0,"timestamp":1550050319,"path_taken":["M","$","?","?","?","E","R","E"],"build_version":"2019-02-06","purchased_purges":0,"victory":false,"max_hp_per_floor":[63,63,63,63,63,63,63,63],"card_choices":[{"not_picked":["Bane","Backflip"],"picked":"Cloak And Dagger","floor":1},{"not_picked":["PiercingWail","Dagger Throw"],"picked":"Backflip","floor":6}],"player_experience":1142212,"relics_obtained":[{"floor":6,"key":"War Paint"}],"event_choices":[{"damage_healed":0,"gold_gain":0,"player_choice":"Grow","damage_taken":0,"max_hp_gain":0,"max_hp_loss":0,"event_name":"Living Wall","floor":3,"gold_loss":0,"cards_upgraded":["Infinite Blades"]},{"damage_healed":0,"gold_gain":0,"player_choice":"Success","damage_taken":25,"relics_obtained":["Happy Flower"],"max_hp_gain":0,"max_hp_loss":0,"event_name":"Scrap Ooze","floor":4,"gold_loss":0},{"damage_healed":0,"gold_gain":0,"player_choice":"Entered Light","damage_taken":13,"max_hp_gain":0,"max_hp_loss":0,"event_name":"Shining Light","floor":5,"gold_loss":0,"cards_upgraded":["Defend_G","Strike_G"]}],"is_beta":true,"boss_relics":[],"items_purged_floors":[],"is_endless":false,"potions_floor_spawned":[],"killed_by":"Gremlin Nob","ascension_level":1}