{"gold_per_floor":[10,25,100,350,367,367,384,384,384,417,433,433,433,450,450,546,546,556,15,15,15,27,27,27,27,27,27,40,139,139,159,159,159],"floor_reached":33,"playtime":1293,"items_purged":["Strike_G"],"score":245,"play_id":"32d8f9fe-6dba-41ae-ae32-bb7e3a475c19","local_time":"20180709013206","is_ascension_mode":false,"campfire_choices":[{"data":"Dagger Spray","floor":6,"key":"SMITH"},{"data":"Neutralize","floor":8,"key":"SMITH"},{"data":"Noxious Fumes","floor":12,"key":"SMITH"},{"data":"Deadly Poison","floor":15,"key":"SMITH"},{"data":"Bane","floor":23,"key":"SMITH"},{"data":"Survivor","floor":25,"key":"SMITH"},{"data":"Bane","floor":27,"key":"SMITH"},{"floor":30,"key":"REST"},{"data":"Defend_G","floor":32,"key":"SMITH"}],"neow_cost":"NO_GOLD","seed_source_timestamp":0,"circlet_count":0,"master_deck":["Defend_G+1","Defend_G","Defend_G","Defend_G","Defend_G","Strike_G","Strike_G","Strike_G","Strike_G","Survivor+1","Neutralize+1","Deadly Poison+1","Bane+1","Regret","Dagger Spray+1","Infinite Blades","Noxious Fumes+1","Terror+1","Bane+1","Bouncing Flask+1","Injury","Distraction+1","Burst+1","Dash+1","Deflect+1","Thinking Ahead+1","Backstab+1","Writhe","Cloak And Dagger+1","Concentrate+1"],"special_seed":17720,"relics":["Ring of the Snake","Snake Skull","Toxic Egg 2","Sozu","Oddly Smooth Stone","Tiny Chest","Omamori","Ginger"],"potions_floor_usage":[10,11,16,16,18],"damage_taken":[{"damage":1,"enemies":"2 Louse","floor":1,"turns":3},{"damage":0,"enemies":"Cultist","floor":2,"turns":4},{"damage":1,"enemies":"Small Slimes","floor":5,"turns":3},{"damage":13,"enemies":"Looter","floor":7,"turns":2},{"damage":11,"enemies":"Lagavulin","floor":10,"turns":7},{"damage":13,"enemies":"Gremlin Gang","floor":11,"turns":4},{"damage":1,"enemies":"Blue Slaver","floor":14,"turns":3},{"damage":12,"enemies":"Slime Boss","floor":16,"turns":7},{"damage":24,"enemies":"2 Thieves","floor":18,"turns":4},{"damage":0,"enemies":"Chosen","floor":22,"turns":4},{"damage":31,"enemies":"Slaver and Parasite","floor":28,"turns":4},{"damage":0,"enemies":"Sentry and Sphere","floor":31,"turns":3},{"damage":60,"enemies":"Champ","floor":33,"turns":8}],"seed_played":"5952392564398475268","potions_obtained":[{"floor":2,"key":"LiquidBronze"},{"floor":5,"key":"Weak Potion"},{"floor":7,"key":"GhostInAJar"},{"floor":11,"key":"EssenceOfSteel"},{"floor":14,"key":"SkillPotion"}],"is_trial":false,"path_per_floor":["M","M","?","?","M","R","M","R","T","E","M","R","?","M","R","B",null,"M","$","?","$","M","R","?","R","T","R","M","?","R","M","R"],"character_chosen":"THE_SILENT","items_purchased":["Oddly Smooth Stone","Tiny Chest","Deflect+1","Thinking Ahead+1"],"campfire_rested":1,"item_purchase_floors":[19,19,19,19],"current_hp_per_floor":[83,83,72,72,71,71,58,58,58,47,34,34,34,33,33,21,84,60,60,60,60,60,60,60,60,60,60,29,29,54,54,54,0],"gold":159,"neow_bonus":"TWENTY_PERCENT_HP_BONUS","is_prod":false,"is_daily":false,"chose_seed":false,"campfire_upgraded":8,"win_rate":0,"timestamp":1531089126,"path_taken":["M","M","?","?","?","R","M","R","T","E","M","R","?","M","R","BOSS","M","$","?","?","M","R","?","R","T","R","?","?","R","?","R","BOSS"],"build_version":"2018-07-05","purchased_purges":1,"victory":false,"max_hp_per_floor":[84,84,84,84,84,84,84,84,84,84,84,84,84,84,84,84,84,84,84,84,84,84,84,84,84,84,84,84,84,84,84,84,84],"card_choices":[{"not_picked":["Acrobatics","Concentrate"],"picked":"Deadly Poison","floor":1},{"not_picked":["Quick Slash","Dodge and Roll"],"picked":"Bane","floor":2},{"not_picked":["Skewer","Underhanded Strike"],"picked":"Dagger Spray","floor":5},{"not_picked":["Finisher","PiercingWail"],"picked":"Infinite Blades","floor":7},{"not_picked":["Accuracy","Reflex"],"picked":"Noxious Fumes","floor":10},{"not_picked":["Dagger Spray","Endless Agony"],"picked":"Terror+1","floor":11},{"not_picked":["Storm of Steel+1","Poisoned Stab"],"picked":"Distraction+1","floor":14},{"not_picked":["Grand Finale","Glass Knife"],"picked":"Burst+1","floor":16},{"not_picked":["Caltrops","Malaise+1"],"picked":"Dash+1","floor":18},{"not_picked":["Bane+1","Dagger Spray+1"],"picked":"Backstab+1","floor":22},{"not_picked":["Flying Knee","PiercingWail+1"],"picked":"Cloak And Dagger+1","floor":28},{"not_picked":["Infinite Blades","Acrobatics+1"],"picked":"Concentrate+1","floor":31}],"player_experience":536129,"relics_obtained":[{"floor":9,"key":"Snake Skull"},{"floor":10,"key":"Toxic Egg 2"},{"floor":26,"key":"Ginger"}],"event_choices":[{"event_name":"World of Goop","player_choice":"Gather Gold","floor":3,"damage_taken":0},{"event_name":"Golden Shrine","player_choice":"Desecrate","floor":4,"damage_taken":0},{"event_name":"Match and Keep!","player_choice":"3 cards matched","floor":13,"damage_taken":0},{"event_name":"Drug Dealer","player_choice":"Ignored","floor":20,"damage_taken":0},{"event_name":"The Mausoleum","player_choice":"Yes","floor":24,"damage_taken":0},{"event_name":"Nest","player_choice":"Stole From Cult","floor":29,"damage_taken":0}],"boss_relics":[{"not_picked":["Eternal Feather","Coffee Dripper"],"picked":"Sozu"}],"items_purged_floors":[19],"is_endless":false,"potions_floor_spawned":[2,5,7,11,14,22,28,31],"killed_by":"Champ","ascension_level":0}