{"path_per_floor":["M","?","?","M","$","R","E","M","T","?","R","M","M","E","R","B",null,"M","$","M","?","M","E","$","R","T","R","E","?","E","M","R","B",null,"M","?","M","T","?","R","M","R","T","?","R","$","T","M","R","B"],"character_chosen":"IRONCLAD","items_purchased":["True Grit","Vajra","Whetstone","Art of War"],"gold_per_floor":[113,113,113,125,3,3,29,41,68,68,68,81,102,135,135,265,265,279,76,94,94,110,151,0,0,0,0,44,44,84,104,104,232,232,255,255,268,268,268,268,281,281,281,341,341,135,135,151,151,151],"floor_reached":51,"campfire_rested":1,"playtime":1821,"current_hp_per_floor":[96,96,101,101,98,98,82,83,83,59,59,47,53,35,35,27,98,96,96,98,98,89,89,89,89,89,89,83,83,21,27,56,62,98,97,97,98,98,88,88,76,76,76,84,84,84,84,92,92,60],"items_purged":["Parasite","Strike_R","Strike_R"],"gold":151,"score":836,"play_id":"c24c92f1-78bc-465d-962b-fe0dfc821283","local_time":"20180406213728","is_prod":false,"is_daily":false,"is_ascension_mode":false,"campfire_upgraded":4,"timestamp":1523039848,"path_taken":["M","?","?","M","?","R","E","M","T","?","R","M","?","E","R","BOSS","M","?","M","?","?","E","$","R","T","R","E","?","E","M","R","BOSS","M","?","?","?","?","R","M","R","T","?","R","?","?","M","R","BOSS"],"build_version":"2018-04-05","purchased_purges":3,"victory":true,"master_deck":["Strike_R+1","Strike_R+1","Defend_R","Defend_R","Defend_R","Bash","Clothesline+1","Power Through","True Grit+1","Headbutt+1","Shrug It Off+1","Thunderclap","Limit Break+1","Double Tap","Clash+1","Shockwave","Barricade","Limit Break","Heavy Blade+1","Armaments+1","Feel No Pain+1"],"max_hp_per_floor":[96,96,101,101,98,98,98,98,98,98,98,98,98,98,98,98,98,98,98,98,98,98,98,98,98,98,98,98,98,98,98,98,98,98,98,98,98,98,98,98,98,98,98,98,98,98,98,98,98,98],"relics":["Burning Blood","Smiling Mask","Oddly Smooth Stone","Golden Idol","Pen Nib","Snecko Eye","Vajra","Self Forming Clay","Whetstone","Girya","Red Skull","Shuriken","Sozu","Peace Pipe","Blood Vial","Gambling Chip","Art of War","The Courier"],"card_choices":[{"not_picked":["Inflame","Headbutt"],"picked":"Clothesline","floor":1},{"not_picked":["Anger","Dual Wield"],"picked":"Power Through","floor":4},{"not_picked":["Combust","Uppercut"],"picked":"Headbutt","floor":7},{"not_picked":["Rage","Sword Boomerang"],"picked":"Shrug It Off","floor":8},{"not_picked":["Power Through","True Grit"],"picked":"Thunderclap","floor":13},{"not_picked":["Rage","Iron Wave"],"picked":"Limit Break","floor":14},{"not_picked":["Fiend Fire","Feed"],"picked":"Double Tap","floor":16},{"not_picked":["Evolve","Wild Strike"],"picked":"Clash","floor":18},{"not_picked":["Clash","Rage"],"picked":"Shockwave","floor":30},{"not_picked":["Warcry","Headbutt"],"picked":"Barricade","floor":31},{"not_picked":["Fiend Fire","Berserk"],"picked":"Limit Break","floor":33},{"not_picked":["Anger","Twin Strike"],"picked":"Heavy Blade","floor":35},{"not_picked":["Perfected Strike","Clothesline"],"picked":"Armaments","floor":41},{"not_picked":["Battle Trance","Shrug It Off"],"picked":"Feel No Pain","floor":44}],"player_experience":323230,"potions_floor_usage":[13,22,23,23,28,30,33,33,33],"damage_taken":[{"damage":1,"enemies":"Cultist","floor":1,"turns":3},{"damage":6,"enemies":"Jaw Worm","floor":4,"turns":3},{"damage":22,"enemies":"Lagavulin","floor":7,"turns":8},{"damage":5,"enemies":"Small Slimes","floor":8,"turns":3},{"damage":18,"enemies":"Blue Slaver","floor":12,"turns":3},{"damage":0,"enemies":"Large Slime","floor":13,"turns":4},{"damage":24,"enemies":"Gremlin Nob","floor":14,"turns":4},{"damage":14,"enemies":"Slime Boss","floor":16,"turns":12},{"damage":8,"enemies":"Spheric Guardian","floor":18,"turns":6},{"damage":0,"enemies":"Chosen","floor":20,"turns":5},{"damage":15,"enemies":"Centurion and Healer","floor":22,"turns":7},{"damage":6,"enemies":"Slavers","floor":23,"turns":6},{"damage":12,"enemies":"Gremlin Leader","floor":28,"turns":4},{"damage":68,"enemies":"Slavers","floor":30,"turns":6},{"damage":0,"enemies":"Snake Plant","floor":31,"turns":3},{"damage":0,"enemies":"Automaton","floor":33,"turns":10},{"damage":7,"enemies":"Orb Walker","floor":35,"turns":5},{"damage":3,"enemies":"3 Shapes","floor":37,"turns":2},{"damage":18,"enemies":"Flame Bruiser 2 Orb","floor":41,"turns":5},{"damage":0,"enemies":"Mysterious Sphere","floor":44,"turns":4},{"damage":0,"enemies":"Maw","floor":48,"turns":5},{"damage":40,"enemies":"Time Eater","floor":50,"turns":6}],"event_choices":[{"event_name":"Upgrade Shrine","player_choice":"Upgraded","floor":2,"damage_taken":0},{"event_name":"Big Fish","player_choice":"Donut","floor":3,"damage_taken":0},{"event_name":"Golden Idol","player_choice":"Take Damage","floor":10,"damage_taken":0},{"event_name":"Drug Dealer","player_choice":"Ignored","floor":21,"damage_taken":0},{"event_name":"The Lab","player_choice":"Got Potions","floor":29,"damage_taken":0},{"event_name":"Tomb of Lord Red Mask","player_choice":"Ignored","floor":36,"damage_taken":0},{"event_name":"SensoryStone","player_choice":"Memory 3","floor":39,"damage_taken":0},{"event_name":"Mysterious Sphere","player_choice":"Fight","floor":44,"damage_taken":0}],"boss_relics":[{"not_picked":["Tiny House","Orrery"],"picked":"Snecko Eye"},{"not_picked":["Lizard Tail","Eternal Feather"],"picked":"Sozu"}],"potions_floor_spawned":[1,7,14,16,22,28,30,31,37],"seed_played":"2","ascension_level":0,"is_trial":false}