{"path_per_floor":["M","?","$","?","M","R","M","R","T","R","M","?","?","T","R"],"character_chosen":"DEFECT","items_purchased":["Finesse"],"gold_per_floor":[109,109,10,185,200,200,212,212,212,212,224,299,299,299,299,299],"floor_reached":16,"campfire_rested":0,"playtime":492,"item_purchase_floors":[3],"current_hp_per_floor":[75,80,80,80,80,80,71,71,71,71,64,53,33,33,33,0],"items_purged":[],"gold":299,"score":88,"play_id":"acbbceab-c183-4f35-9c39-96353bbe9779","local_time":"20180612040720","is_prod":false,"is_daily":false,"chose_seed":false,"is_ascension_mode":false,"campfire_upgraded":4,"win_rate":0,"timestamp":1528765640,"campfire_choices":[{"data":"Beam Cell","floor":6,"key":"SMITH"},{"data":"Gash","floor":8,"key":"SMITH"},{"data":"Zap","floor":10,"key":"SMITH"},{"data":"Dualcast","floor":15,"key":"SMITH"}],"path_taken":["M","?","$","?","M","R","M","R","T","R","M","?","?","?","R","BOSS"],"build_version":"2018-06-08","seed_source_timestamp":0,"purchased_purges":0,"victory":false,"master_deck":["Strike_B","Strike_B","Defend_B","Defend_B","Defend_B","Defend_B","Zap+1","Dualcast+1","Doubt","Force Field","Machine Learning","Beam Cell+1","Finesse","Doubt","Gash+1","Go for the Eyes","Leap"],"max_hp_per_floor":[75,80,80,80,80,80,80,80,80,80,80,80,80,80,80,80],"relics":["Cracked Core","Ornamental Fan","Golden Idol","Darkstone Periapt"],"card_choices":[{"not_picked":["Reinforced Body","Cold Snap"],"picked":"Beam Cell","floor":1},{"not_picked":["Go for the Eyes","Beam Cell"],"picked":"Gash","floor":5},{"not_picked":["Skim","Barrage"],"picked":"Go for the Eyes","floor":7},{"not_picked":["Lockon","Hologram"],"picked":"Leap","floor":11}],"player_experience":497014,"potions_floor_usage":[],"damage_taken":[{"damage":0,"enemies":"2 Louse","floor":1,"turns":2},{"damage":0,"enemies":"Small Slimes","floor":5,"turns":4},{"damage":9,"enemies":"Jaw Worm","floor":7,"turns":3},{"damage":7,"enemies":"Looter","floor":11,"turns":4},{"damage":43,"enemies":"The Guardian","floor":16,"turns":12}],"relics_obtained":[{"floor":9,"key":"Ornamental Fan"},{"floor":14,"key":"Darkstone Periapt"}],"event_choices":[{"event_name":"Big Fish","player_choice":"Donut","floor":2,"damage_taken":0},{"event_name":"Liars Game","player_choice":"agreed","floor":4,"damage_taken":0},{"event_name":"World of Goop","player_choice":"Gather Gold","floor":12,"damage_taken":0},{"event_name":"Golden Idol","player_choice":"Take Damage","floor":13,"damage_taken":0}],"boss_relics":[],"items_purged_floors":[],"potions_floor_spawned":[1,7],"seed_played":"-581087624187588194","killed_by":"The Guardian","ascension_level":0,"potions_obtained":[{"floor":1,"key":"Explosive Potion"},{"floor":7,"key":"Ancient Potion"}],"is_trial":false}