{"path_per_floor":["M","M","?","M","?","R","E","M","T","T","M","$","M","M","R","B",null,"M","M","?","M"],"character_chosen":"THE_SILENT","items_purchased":["Footwork","Glass Knife","Cloak And Dagger","Trip"],"gold_per_floor":[13,29,29,46,296,296,328,345,345,345,365,27,40,51,51,147,147,159,172,95,110,110],"floor_reached":22,"campfire_rested":0,"playtime":1176,"item_purchase_floors":[12,12,12,12],"current_hp_per_floor":[63,63,45,44,44,44,14,4,4,4,1,1,12,12,12,8,70,56,43,43,12,0],"items_purged":[],"gold":110,"score":190,"play_id":"d64d4771-6b16-419b-b941-32b9c1fa5baf","local_time":"20180531080827","is_prod":false,"is_daily":false,"chose_seed":false,"is_ascension_mode":false,"campfire_upgraded":1,"win_rate":0,"timestamp":1527743307,"campfire_choices":[{"data":"Regret","floor":6,"key":"PURGE"},{"data":"Noxious Fumes","floor":15,"key":"SMITH"}],"path_taken":["M","M","?","M","?","R","E","M","T","?","?","$","M","M","R","BOSS","M","M","?","M","M"],"build_version":"2018-05-30","seed_source_timestamp":41114152404131,"purchased_purges":0,"victory":false,"master_deck":["Defend_G","Defend_G","Defend_G","Defend_G","Defend_G","Strike_G","Strike_G","Strike_G","Strike_G","Strike_G","Survivor","Neutralize","Wraith Form v2","Noxious Fumes+1","Backflip","Leg Sweep","Venomology","Quick Slash","Footwork","Glass Knife","Cloak And Dagger","Trip","Blur","Flying Knee","Burst","Outmaneuver+1","J.A.X."],"max_hp_per_floor":[70,70,70,70,70,70,70,70,70,70,70,70,70,70,70,70,70,70,70,70,70,70],"relics":["Ring of the Snake","Peace Pipe","Bottled Flame","Ninja Scroll","Centennial Puzzle","White Beast Statue"],"card_choices":[{"not_picked":["Phantasmal Killer","Night Terror"],"picked":"Wraith Form v2","floor":0},{"not_picked":["PiercingWail","Underhanded Strike"],"picked":"Noxious Fumes","floor":1},{"not_picked":["Dagger Throw","Crippling Poison"],"picked":"Backflip","floor":2},{"not_picked":["Endless Agony","Underhanded Strike"],"picked":"Leg Sweep","floor":4},{"not_picked":["Riddle With Holes","Leg Sweep"],"picked":"Venomology","floor":7},{"not_picked":["Poisoned Stab","Bane","Sucker Punch"],"picked":"SKIP","floor":8},{"not_picked":["Choke","Deadly Poison"],"picked":"Quick Slash","floor":11},{"not_picked":["Infinite Blades","PiercingWail"],"picked":"Blur","floor":13},{"not_picked":["Outmaneuver","Poisoned Stab"],"picked":"Flying Knee","floor":14},{"not_picked":["A Thousand Cuts","Unload"],"picked":"Burst","floor":16},{"not_picked":["Choke","Terror+1"],"picked":"Outmaneuver+1","floor":18},{"not_picked":["Dagger Spray","Sucker Punch","Underhanded Strike"],"picked":"SKIP","floor":19},{"not_picked":["Riddle With Holes","Bane","Dagger Throw"],"picked":"SKIP","floor":21}],"player_experience":470066,"potions_floor_usage":[7,11,13,13,16,16,21,21,22,22],"damage_taken":[{"damage":7,"enemies":"Jaw Worm","floor":1,"turns":4},{"damage":0,"enemies":"2 Louse","floor":2,"turns":3},{"damage":1,"enemies":"Small Slimes","floor":4,"turns":4},{"damage":30,"enemies":"Gremlin Nob","floor":7,"turns":5},{"damage":10,"enemies":"Looter","floor":8,"turns":4},{"damage":3,"enemies":"Blue Slaver","floor":11,"turns":5},{"damage":3,"enemies":"Lots of Slimes","floor":13,"turns":6},{"damage":0,"enemies":"2 Fungi Beasts","floor":14,"turns":2},{"damage":4,"enemies":"Slime Boss","floor":16,"turns":10},{"damage":14,"enemies":"Spheric Guardian","floor":18,"turns":7},{"damage":13,"enemies":"2 Thieves","floor":19,"turns":4},{"damage":31,"enemies":"3 Cultists","floor":21,"turns":7},{"damage":15,"enemies":"Snecko","floor":22,"turns":2}],"relics_obtained":[{"floor":7,"key":"Bottled Flame"},{"floor":9,"key":"Ninja Scroll"},{"floor":10,"key":"Centennial Puzzle"}],"event_choices":[{"event_name":"Scrap Ooze","player_choice":"success","floor":3,"damage_taken":18},{"event_name":"Golden Shrine","player_choice":"Desecrate","floor":5,"damage_taken":0},{"event_name":"Drug Dealer","player_choice":"Got JAXXED","floor":20,"damage_taken":0}],"boss_relics":[{"not_picked":["Velvet Choker","Astrolabe"],"picked":"White Beast Statue"}],"items_purged_floors":[],"potions_floor_spawned":[1,11,14,18,19,21],"seed_played":"8688410977077089757","killed_by":"Snecko","ascension_level":0,"potions_obtained":[{"floor":1,"key":"Poison Potion"},{"floor":11,"key":"Energy Potion"},{"floor":14,"key":"LiquidBronze"},{"floor":18,"key":"SpeedPotion"},{"floor":21,"key":"Swift Potion"}],"is_trial":false}