{"gold_per_floor":[117,117,117,130,146,146,173,192,192,218,218,236,249,99,99,170,170,190,208,222,222,202,233,233,233],"floor_reached":25,"playtime":1107,"items_purged":["Pain"],"score":566,"play_id":"bc007e13-aee3-4584-9618-af0d4858d964","local_time":"20190803153031","is_ascension_mode":true,"campfire_choices":[{"data":"Slice","floor":6.0,"key":"SMITH"},{"floor":11.0,"key":"REST"},{"floor":15.0,"key":"REST"},{"data":"1","floor":24,"key":"LIFT"}],"neow_cost":"NONE","seed_source_timestamp":76692572720855,"circlet_count":0,"master_deck":["AscendersBane","Strike_G","Strike_G","Strike_G","Strike_G","Defend_G","Defend_G","Defend_G","Defend_G","Defend_G","Survivor","Neutralize","Venomology","Cloak And Dagger","Slice+1","Flying Knee","After Image","Dash","Dagger Throw","Cloak And Dagger","Escape Plan","Glass Knife","Footwork+1","Necronomicurse","Bouncing Flask"],"special_seed":0,"relics":["Ring of the Snake","WarpedTongs","Girya","Letter Opener","Darkstone Periapt","Cursed Key","Necronomicon","Torii"],"potions_floor_usage":[19,19,23,23,23,25],"damage_taken":[{"damage":1.0,"enemies":"Small Slimes","floor":1.0,"turns":6.0},{"damage":4.0,"enemies":"Jaw Worm","floor":4.0,"turns":6.0},{"damage":1.0,"enemies":"Cultist","floor":5.0,"turns":3.0},{"damage":25.0,"enemies":"3 Sentries","floor":7.0,"turns":10.0},{"damage":7.0,"enemies":"Lots of Slimes","floor":8.0,"turns":5.0},{"damage":28.0,"enemies":"Gremlin Nob","floor":10.0,"turns":4.0},{"damage":9.0,"enemies":"Large Slime","floor":12.0,"turns":5.0},{"damage":2.0,"enemies":"3 Louse","floor":13.0,"turns":5.0},{"damage":0.0,"enemies":"Slime Boss","floor":16.0,"turns":5.0},{"damage":5.0,"enemies":"Shell Parasite","floor":18.0,"turns":6.0},{"damage":0,"enemies":"Chosen","floor":19,"turns":3},{"damage":9,"enemies":"Centurion and Healer","floor":20,"turns":11},{"damage":6,"enemies":"Gremlin Leader","floor":23,"turns":8},{"damage":31,"enemies":"Book of Stabbing","floor":25,"turns":5}],"seed_played":"8934894981026456625","potions_obtained":[{"floor":7.0,"key":"Regen Potion"},{"floor":8.0,"key":"FearPotion"}],"is_trial":false,"path_per_floor":["M","?","?","M","M","R","E","M","T","E","R","M","M","$","R","B",null,"M","M","M","?","?","E","R","E"],"character_chosen":"THE_SILENT","items_purchased":["Escape Plan"],"campfire_rested":2,"item_purchase_floors":[14],"current_hp_per_floor":[58,63,63,59,58,58,33,40,40,12,33,24,22,22,43,43,64,59,59,50,35,35,29,29,0],"gold":233,"neow_bonus":"TRANSFORM_CARD","is_prod":false,"is_daily":false,"chose_seed":false,"campfire_upgraded":1,"win_rate":0,"timestamp":1564871431,"path_taken":["M","?","?","M","M","R","E","?","T","E","R","?","M","$","R","BOSS","M","M","M","?","?","E","R","E"],"build_version":"2019-07-17","purchased_purges":1,"victory":false,"max_hp_per_floor":[66,71,71,71,71,71,71,71,71,71,71,71,71,71,71,71,71,71,71,71,77,77,77,77,77],"card_choices":[{"not_picked":["Tactician","Eviscerate"],"picked":"Cloak And Dagger","floor":1.0},{"not_picked":["Riddle With Holes","Dodge and Roll"],"picked":"Slice","floor":4.0},{"not_picked":["Blade Dance","Tactician"],"picked":"Flying Knee","floor":5.0},{"not_picked":["Acrobatics","Outmaneuver"],"picked":"After Image","floor":7.0},{"not_picked":["Caltrops","Underhanded Strike"],"picked":"Dash","floor":8.0},{"not_picked":["Outmaneuver","Concentrate"],"picked":"Dagger Throw","floor":10.0},{"not_picked":["Calculated Gamble","Prepared"],"picked":"Cloak And Dagger","floor":12.0},{"not_picked":["Deadly Poison","Reflex","Bane"],"picked":"SKIP","floor":13.0},{"not_picked":["Venomology","Burst"],"picked":"Glass Knife","floor":16.0},{"not_picked":["Flying Knee","Dash","Riddle With Holes"],"picked":"SKIP","floor":18.0},{"not_picked":["Blade Dance","Deadly Poison","Dagger Spray"],"picked":"SKIP","floor":19},{"not_picked":["Crippling Poison","Reflex"],"picked":"Footwork+1","floor":20},{"not_picked":["Heel Hook","Leg Sweep"],"picked":"Bouncing Flask","floor":23}],"player_experience":856990,"relics_obtained":[{"floor":7.0,"key":"Girya"},{"floor":9.0,"key":"Letter Opener"},{"floor":10.0,"key":"Darkstone Periapt"},{"floor":21,"key":"Necronomicon"},{"floor":23,"key":"Torii"}],"event_choices":[{"damage_healed":0.0,"max_hp_gain":5.0,"max_hp_loss":0.0,"gold_gain":0.0,"event_name":"Big Fish","player_choice":"Donut","floor":2.0,"gold_loss":0.0,"damage_taken":0.0},{"damage_healed":0.0,"max_hp_gain":0.0,"max_hp_loss":0.0,"gold_gain":0.0,"event_name":"Accursed Blacksmith","player_choice":"Rummage","floor":3.0,"gold_loss":0.0,"damage_taken":0.0,"relics_obtained":["WarpedTongs"],"cards_obtained":["Pain"]},{"damage_healed":0,"gold_gain":0,"player_choice":"Obtained Book","damage_taken":21,"max_hp_gain":0,"max_hp_loss":0,"event_name":"Cursed Tome","floor":21,"gold_loss":0},{"damage_healed":0,"gold_gain":0,"player_choice":"Bought 1 Potion","damage_taken":0,"max_hp_gain":0,"max_hp_loss":0,"event_name":"The Woman in Blue","floor":22,"gold_loss":0}],"is_beta":false,"boss_relics":[{"not_picked":["Snecko Eye","Tiny House"],"picked":"Cursed Key"}],"items_purged_floors":[14],"is_endless":false,"potions_floor_spawned":[4,7,8,13,18,20],"killed_by":"Book of Stabbing","ascension_level":20}