{"gold_per_floor":[112,112,131,145,157,192,192,209,234,184,211,225,225,239,239,338,338,353,268,268,268,2,2,32,0,26,51,62,62,62,62,62,62,62,76,127,127,127,127,127],"floor_reached":40,"playtime":2165,"items_purged":["Writhe"],"score":685,"play_id":"d675f984-28d5-42bc-88d6-6b1909ca9703","local_time":"20190516033420","is_ascension_mode":true,"campfire_choices":[{"data":"Zap","floor":7.0,"key":"SMITH"},{"data":"Dualcast","floor":13.0,"key":"SMITH"},{"data":"Defragment","floor":15.0,"key":"SMITH"},{"data":"Creative AI","floor":23.0,"key":"SMITH"},{"data":"Self Repair","floor":30.0,"key":"SMITH"},{"data":"Rainbow","floor":32.0,"key":"SMITH"}],"neow_cost":"NONE","seed_source_timestamp":0,"circlet_count":0,"master_deck":["Strike_B","Strike_B","Strike_B","Defend_B","Defend_B","Defend_B","Defend_B","Zap+1","Dualcast+1","Compile Driver","Capacitor","Self Repair+1","Undo","Glacier","Ball Lightning","Melter","Stack","Defragment+1","Creative AI+1","strawberrySpire:Adapter","Ball Lightning","strawberrySpire:BlasterWyrm","Glacier","Cold Snap","Leap","Ball Lightning","Rainbow+1","Electrodynamics","Rebound+1","Rip and Tear+1","Self Repair+1","Defragment+1","Strike_B","Strike_B","Strike_B","Strike_B","Strike_B","Strike_B","Defend_B","Defend_B","Defend_B","Defend_B","Defend_B","Defend_B","Defend_B","Defend_B","Zap+1","Zap+1","Dualcast+1","Dualcast+1","Compile Driver","Compile Driver","Capacitor","Capacitor","Self Repair+1","Self Repair+1","Undo","Undo","Glacier","Glacier","Ball Lightning","Ball Lightning","Melter","Melter","Stack","Stack","Defragment+1","Defragment+1","Creative AI+1","Creative AI+1","strawberrySpire:Adapter","strawberrySpire:Adapter","Ball Lightning","Ball Lightning","strawberrySpire:BlasterWyrm","strawberrySpire:BlasterWyrm","Glacier","Glacier","Cold Snap","Cold Snap","Leap","Leap","Ball Lightning","Ball Lightning","Rainbow+1","Rainbow+1","Electrodynamics","Electrodynamics","Rebound+1","Rebound+1","Rip and Tear+1","Rip and Tear+1","Self Repair+1","Self Repair+1","Defragment+1","Defragment+1"],"special_seed":0,"relics":["Cracked Core","Potion Belt","PreservedInsect","strawberrySpire:ElectricRodnt","energizedSpire:EnergizedDie","Oddly Smooth Stone","strawberrySpire:Treaders","Juzu Bracelet","Smiling Mask","Nunchaku","Velvet Choker","Ginger"],"potions_floor_usage":[40,40,40],"damage_taken":[{"damage":0.0,"enemies":"Jaw Worm","floor":1.0,"turns":3.0},{"damage":0.0,"enemies":"Cultist","floor":3.0,"turns":3.0},{"damage":4.0,"enemies":"2 Louse","floor":4.0,"turns":3.0},{"damage":11.0,"enemies":"2 Fungi Beasts","floor":5.0,"turns":4.0},{"damage":24.0,"enemies":"Gremlin Nob","floor":6.0,"turns":4.0},{"damage":7.0,"enemies":"3 Louse","floor":8.0,"turns":4.0},{"damage":18.0,"enemies":"3 Sentries","floor":11.0,"turns":6.0},{"damage":3.0,"enemies":"Blue Slaver","floor":12.0,"turns":4.0},{"damage":0.0,"enemies":"Gremlin Gang","floor":14.0,"turns":4.0},{"damage":30.0,"enemies":"Hexaghost","floor":16.0,"turns":8.0},{"damage":1.0,"enemies":"Chosen","floor":18.0,"turns":5.0},{"damage":6.0,"enemies":"Book of Stabbing","floor":24.0,"turns":5.0},{"damage":6.0,"enemies":"2 Thieves","floor":25.0,"turns":4.0},{"damage":4.0,"enemies":"Gremlin Leader","floor":27.0,"turns":8.0},{"damage":24.0,"enemies":"Snake Plant","floor":28.0,"turns":6.0},{"damage":7.0,"enemies":"Cultist and Chosen","floor":29.0,"turns":7.0},{"damage":12.0,"enemies":"Chosen and Byrds","floor":31.0,"turns":4.0},{"damage":0.0,"enemies":"Champ","floor":33.0,"turns":12.0},{"damage":4.0,"enemies":"3 Darklings","floor":35.0,"turns":4.0},{"damage":38.0,"enemies":"2 Orb Walkers","floor":36.0,"turns":7.0},{"damage":28,"enemies":"Reptomancer","floor":40,"turns":2}],"seed_played":"-272524317124595442","potions_obtained":[{"floor":1.0,"key":"SpeedPotion"},{"floor":4.0,"key":"Explosive Potion"},{"floor":5.0,"key":"LiquidBronze"},{"floor":11.0,"key":"Block Potion"},{"floor":16.0,"key":"SpeedPotion"},{"floor":25.0,"key":"LiquidBronze"},{"floor":28.0,"key":"SpeedPotion"},{"floor":29.0,"key":"SpeedPotion"}],"is_trial":false,"path_per_floor":["M","?","M","M","M","E","R","M","T","?","E","M","R","M","R","B",null,"M","?","?","?","$","R","E","M","T","E","M","M","R","M","R","B",null,"M","?","?","?","?","E"],"character_chosen":"DEFECT","items_purchased":["Ball Lightning","Juzu Bracelet"],"campfire_rested":0,"item_purchase_floors":[22,22],"current_hp_per_floor":[82,82,82,78,74,57,57,57,57,57,46,50,50,57,57,34,82,82,82,82,82,82,82,76,77,77,80,63,63,63,61,61,71,82,82,54,54,54,26,0],"gold":127,"neow_bonus":"TEN_PERCENT_HP_BONUS","is_prod":false,"is_daily":false,"chose_seed":false,"campfire_upgraded":6,"win_rate":0,"timestamp":1557966860,"path_taken":["M","?","M","M","M","E","R","?","T","?","E","M","R","M","R","BOSS","M","?","?","?","?","R","E","M","T","E","M","M","R","M","R","BOSS","M","?","?","?","?","E"],"build_version":"2019-01-23","purchased_purges":1,"victory":false,"max_hp_per_floor":[82,82,82,82,82,82,82,82,82,82,82,82,82,82,82,82,82,82,82,82,82,82,82,82,82,82,82,82,82,82,82,82,82,82,82,82,82,82,82,82],"card_choices":[{"not_picked":["Capacitor","strawberrySpire:HateBit"],"picked":"Compile Driver","floor":1.0},{"not_picked":["strawberrySpire:NeonFlight","Force Field"],"picked":"Capacitor","floor":3.0},{"not_picked":["strawberrySpire:NeonFlight","Skim"],"picked":"Self Repair","floor":4.0},{"not_picked":["Fusion","strawberrySpire:SearchEngine"],"picked":"Undo","floor":5.0},{"not_picked":["Leap","Darkness"],"picked":"Glacier","floor":6.0},{"not_picked":["strawberrySpire:AngeryBot","Cold Snap"],"picked":"Ball Lightning","floor":8.0},{"not_picked":["Storm","strawberrySpire:SearchEngine"],"picked":"Melter","floor":11.0},{"not_picked":["Heatsinks","Gash"],"picked":"Stack","floor":12.0},{"not_picked":["Conserve Battery","strawberrySpire:Compressor"],"picked":"Defragment","floor":14.0},{"not_picked":["Buffer","All For One"],"picked":"Creative AI","floor":16.0},{"not_picked":["Sweeping Beam","Darkness+1"],"picked":"strawberrySpire:Adapter","floor":18.0},{"not_picked":["strawberrySpire:Compressor","Chaos"],"picked":"strawberrySpire:BlasterWyrm","floor":24.0},{"not_picked":["Stack","Streamline"],"picked":"Glacier","floor":25.0},{"not_picked":["strawberrySpire:FocalLaser","Undo"],"picked":"Cold Snap","floor":27.0},{"not_picked":["strawberrySpire:Disconnect","Blizzard"],"picked":"Leap","floor":28.0},{"not_picked":["Compile Driver","Steam+1"],"picked":"Ball Lightning","floor":29.0},{"not_picked":["Hologram","Redo"],"picked":"Rainbow","floor":31.0},{"not_picked":["Rainbow","Multi-Cast"],"picked":"Electrodynamics","floor":33.0},{"not_picked":["Go for the Eyes","Turbo"],"picked":"Rebound+1","floor":35.0},{"not_picked":["Recycle","Compile Driver+1"],"picked":"Rip and Tear+1","floor":36.0}],"player_experience":140175,"relics_obtained":[{"floor":6.0,"key":"Potion Belt"},{"floor":9.0,"key":"PreservedInsect"},{"floor":11.0,"key":"strawberrySpire:ElectricRodnt"},{"floor":24.0,"key":"Smiling Mask"},{"floor":27.0,"key":"Nunchaku"},{"floor":36.0,"key":"Ginger"}],"event_choices":[{"damage_healed":0.0,"max_hp_gain":0.0,"max_hp_loss":0.0,"gold_gain":0.0,"cards_transformed":["Strike_B"],"event_name":"Transmorgrifier","player_choice":"Transformed","floor":2.0,"gold_loss":0.0,"damage_taken":0.0,"cards_obtained":["strawberrySpire:SearchEngine"]},{"cards_removed":["strawberrySpire:SearchEngine"],"damage_healed":0.0,"max_hp_gain":0.0,"max_hp_loss":0.0,"gold_gain":0.0,"event_name":"The Cleric","player_choice":"Card Removal","floor":10.0,"gold_loss":50.0,"damage_taken":0.0},{"damage_healed":0.0,"max_hp_gain":0.0,"max_hp_loss":0.0,"gold_gain":0.0,"event_name":"Addict","player_choice":"Obtained Relic","floor":19.0,"gold_loss":85.0,"damage_taken":0.0,"relics_obtained":["Oddly Smooth Stone"]},{"damage_healed":0.0,"max_hp_gain":0.0,"max_hp_loss":0.0,"gold_gain":0.0,"event_name":"The Mausoleum","player_choice":"Opened","floor":20.0,"gold_loss":0.0,"damage_taken":0.0,"relics_obtained":["strawberrySpire:Treaders"],"cards_obtained":["Writhe"]},{"damage_healed":0.0,"max_hp_gain":0.0,"max_hp_loss":0.0,"gold_gain":0.0,"event_name":"Mysterious Sphere","player_choice":"Fight","floor":36.0,"gold_loss":0.0,"damage_taken":0.0},{"damage_healed":0.0,"max_hp_gain":0.0,"max_hp_loss":0.0,"gold_gain":0.0,"event_name":"Match and Keep!","player_choice":"1 cards matched","floor":37.0,"gold_loss":0.0,"damage_taken":0.0,"cards_obtained":["Fission"]},{"cards_removed":["Fission"],"damage_healed":0.0,"max_hp_gain":0.0,"max_hp_loss":0.0,"gold_gain":0.0,"event_name":"Falling","player_choice":"Removed Skill","floor":38.0,"gold_loss":0.0,"damage_taken":0.0}],"is_beta":false,"boss_relics":[{"not_picked":["Pandora\u0027s Box","Black Star"],"picked":"energizedSpire:EnergizedDie"},{"not_picked":["strawberrySpire:SolarisEssence","Empty Cage"],"picked":"Velvet Choker"}],"items_purged_floors":[22],"is_endless":false,"potions_floor_spawned":[1,4,5,11,16,25,28,29],"killed_by":"Reptomancer","ascension_level":2}