{"gold_per_floor":[109,119,133,153,168,168,194,194,194,205,205,64,64,76,76,171,171,181,194,205,225,225,260,260,295,321,321,356,356,356,370,370,474,474,484,496,496,25,45,45,115,115,115,142,155,155,171,199,199,199],"floor_reached":50,"playtime":2312,"items_purged":["Defend_G"],"score":800,"play_id":"b6b20242-1b80-4fc9-b978-872ed40510e3","local_time":"20190416011527","is_ascension_mode":true,"campfire_choices":[{"data":"Noxious Fumes","floor":6,"key":"SMITH"},{"data":"Footwork","floor":8,"key":"SMITH"},{"data":"Noxious Fumes","floor":11,"key":"SMITH"},{"data":"Crippling Poison","floor":13,"key":"SMITH"},{"data":"Blade Dance","floor":15,"key":"SMITH"},{"data":"Burst","floor":24,"key":"SMITH"},{"floor":27,"key":"REST"},{"data":"strawberrySpire:Fastroyer","floor":30,"key":"SMITH"},{"floor":32,"key":"REST"},{"data":"Well Laid Plans","floor":40,"key":"SMITH"},{"data":"Choke","floor":42,"key":"SMITH"},{"floor":46,"key":"REST"},{"floor":49,"key":"REST"}],"neow_cost":"","seed_source_timestamp":212276880338993,"circlet_count":0,"master_deck":["Defend_G+1","Defend_G+1","Defend_G+1","Defend_G+1","Strike_G+1","Strike_G+1","Strike_G+1","Strike_G+1","Strike_G+1","Survivor","Neutralize","Choke+1","strawberrySpire:Insectonator+1","Thinking Ahead","Noxious Fumes+1","Footwork+1","Flying Knee","strawberrySpire:Fastroyer+1","Noxious Fumes+1","Well Laid Plans+1","Poisoned Stab","Blur","Crippling Poison+1","Blade Dance+1","Burst+1","Injury","Clumsy","strawberrySpire:Teyered","Slice","strawberrySpire:Slide","Leg Sweep+1","Dodge and Roll","Heel Hook+1","Escape Plan","Distraction+1","Corpse Explosion","Blade Dance+1","Infinite Blades","After Image","Deflect","Dodge and Roll+1","Injury","Distraction+1"],"relics":["Ring of the Snake","Chemical X","strawberrySpire:PoopsieRoll","Bronze Scales","Blue Candle","Mercury Hourglass","Calling Bell","Pocketwatch","Letter Opener","strawberrySpire:ByrdBeak","Nunchaku","Bottled Flame","Vajra","PreservedInsect","CultistMask","energizedSpire:CursedPentagram","War Paint","Darkstone Periapt","Kunai","Shuriken","Bag of Marbles","Strawberry"],"potions_floor_usage":[3,7,16,21,21,23,25,33,39,44,45,48,50],"damage_taken":[{"damage":0,"enemies":"Cultist","floor":1,"turns":3},{"damage":4,"enemies":"2 Louse","floor":2,"turns":3},{"damage":0,"enemies":"Jaw Worm","floor":3,"turns":3},{"damage":31,"enemies":"Exordium Thugs","floor":4,"turns":3},{"damage":0,"enemies":"Lots of Slimes","floor":5,"turns":1},{"damage":11,"enemies":"strawberrySpire:EnergyPylons","floor":7,"turns":3},{"damage":0,"enemies":"Exordium Wildlife","floor":10,"turns":1},{"damage":0,"enemies":"Exordium Thugs","floor":14,"turns":1},{"damage":8,"enemies":"Hexaghost","floor":16,"turns":7},{"damage":8,"enemies":"Chosen","floor":18,"turns":4},{"damage":0,"enemies":"Spheric Guardian","floor":19,"turns":3},{"damage":3,"enemies":"Snecko","floor":20,"turns":5},{"damage":4,"enemies":"Sentry and Sphere","floor":21,"turns":5},{"damage":26,"enemies":"Gremlin Leader","floor":23,"turns":5},{"damage":23,"enemies":"Slavers","floor":25,"turns":2},{"damage":3,"enemies":"Book of Stabbing","floor":28,"turns":5},{"damage":0,"enemies":"Snake Plant","floor":31,"turns":2},{"damage":37,"enemies":"Automaton","floor":33,"turns":9},{"damage":0,"enemies":"3 Darklings","floor":35,"turns":3},{"damage":2,"enemies":"Orb Walker","floor":36,"turns":3},{"damage":24,"enemies":"Writhing Mass","floor":39,"turns":5},{"damage":49,"enemies":"strawberrySpire:EssenceStones","floor":44,"turns":3},{"damage":0,"enemies":"Jaw Worm Horde","floor":45,"turns":2},{"damage":1,"enemies":"Sphere and 2 Shapes","floor":47,"turns":3},{"damage":17,"enemies":"Nemesis","floor":48,"turns":3},{"damage":63,"enemies":"Awakened One","floor":50,"turns":9}],"seed_played":"6885210968987097689","potions_obtained":[{"floor":2,"key":"Swift Potion"},{"floor":4,"key":"SpeedPotion"},{"floor":5,"key":"Block Potion"},{"floor":10,"key":"Weak Potion"},{"floor":16,"key":"PowerPotion"},{"floor":20,"key":"Block Potion"},{"floor":23,"key":"LiquidBronze"},{"floor":31,"key":"Block Potion"},{"floor":33,"key":"SpeedPotion"},{"floor":35,"key":"Regen Potion"},{"floor":39,"key":"PowerPotion"},{"floor":47,"key":"Weak Potion"},{"floor":48,"key":"Regen Potion"}],"is_trial":false,"path_per_floor":["M","M","M","M","M","R","E","R","T","M","R","$","R","M","R","B",null,"M","M","M","M","?","E","R","E","T","R","E","?","R","M","R","B",null,"M","M","?","$","M","R","T","R","T","E","M","R","M","E","R","B"],"character_chosen":"THE_SILENT","items_purchased":["Chemical X","strawberrySpire:PoopsieRoll","Bronze Scales","Choke","strawberrySpire:Insectonator","Thinking Ahead","Blur","Crippling Poison","War Paint","Infinite Blades","Darkstone Periapt"],"campfire_rested":4,"item_purchase_floors":[0,0,0,0,0,0,12,12,38,38,38],"current_hp_per_floor":[70,66,66,35,35,35,24,24,24,24,24,24,24,24,24,16,70,62,62,59,55,55,29,29,6,6,27,24,24,24,24,45,8,70,70,68,68,68,44,44,44,44,44,4,10,33,32,22,48,0],"gold":199,"neow_bonus":"","is_prod":false,"is_daily":false,"chose_seed":false,"campfire_upgraded":9,"win_rate":0,"timestamp":1555366527,"path_taken":["M","M","M","M","M","R","E","R","T","?","R","$","R","M","R","BOSS","M","M","M","?","?","E","R","E","T","R","E","?","R","?","R","BOSS","M","?","?","?","M","R","?","R","T","E","?","R","M","E","R","BOSS"],"build_version":"2019-01-23","purchased_purges":1,"victory":false,"max_hp_per_floor":[70,70,70,70,70,70,70,70,70,70,70,70,70,70,70,70,70,70,70,70,70,70,70,70,70,70,70,70,70,70,70,70,70,70,70,70,70,70,70,70,70,70,70,70,79,79,79,89,89,89],"card_choices":[{"not_picked":["Deadly Poison","strawberrySpire:Momentum"],"picked":"Noxious Fumes","floor":1},{"not_picked":["Poisoned Stab","Eviscerate"],"picked":"Footwork","floor":2},{"not_picked":["Flechettes","strawberrySpire:Swampstar"],"picked":"Flying Knee","floor":3},{"not_picked":["Dagger Throw","Backflip"],"picked":"strawberrySpire:Fastroyer","floor":4},{"not_picked":["Bane","Slice"],"picked":"Noxious Fumes","floor":5},{"not_picked":["strawberrySpire:Slide","Quick Slash"],"picked":"Well Laid Plans","floor":7},{"not_picked":["Acrobatics","Finisher"],"picked":"Poisoned Stab","floor":10},{"not_picked":["Catalyst","Bane"],"picked":"Blade Dance","floor":14},{"not_picked":["Glass Knife","strawberrySpire:HotShot"],"picked":"Burst","floor":16},{"not_picked":["Quick Slash","Dagger Throw+1"],"picked":"Slice","floor":18},{"not_picked":["strawberrySpire:SideSwipe","Flechettes"],"picked":"strawberrySpire:Slide","floor":19},{"not_picked":["Acrobatics","All Out Attack+1"],"picked":"Leg Sweep","floor":20},{"not_picked":["PiercingWail","Glass Knife"],"picked":"Dodge and Roll","floor":21},{"not_picked":["Masterful Stab+1","Grand Finale"],"picked":"Heel Hook+1","floor":23},{"not_picked":["strawberrySpire:Plunge","Bullet Time"],"picked":"Escape Plan","floor":25},{"not_picked":["Backflip","Outmaneuver","Flying Knee+1"],"picked":"SKIP","floor":28},{"not_picked":["Dagger Spray","All Out Attack"],"picked":"Distraction","floor":31},{"not_picked":["Glass Knife","Tools of the Trade"],"picked":"Corpse Explosion","floor":33},{"not_picked":["Backflip+1","Poisoned Stab","Bane+1"],"picked":"SKIP","floor":35},{"not_picked":["strawberrySpire:Rummage+1","Acrobatics"],"picked":"Blade Dance+1","floor":36},{"not_picked":["Deflect","strawberrySpire:Trickbox"],"picked":"After Image","floor":39},{"not_picked":["strawberrySpire:Momentum","Leg Sweep+1"],"picked":"Deflect","floor":44},{"not_picked":["Tactician","Eviscerate+1"],"picked":"Dodge and Roll+1","floor":45},{"not_picked":["Slice","strawberrySpire:Trickbox+1","Underhanded Strike"],"picked":"SKIP","floor":47},{"not_picked":["Dagger Spray","strawberrySpire:SpinKick"],"picked":"Distraction+1","floor":48}],"player_experience":100963,"relics_obtained":[{"floor":7,"key":"Blue Candle"},{"floor":9,"key":"Mercury Hourglass"},{"floor":17,"key":"Pocketwatch"},{"floor":17,"key":"Letter Opener"},{"floor":17,"key":"strawberrySpire:ByrdBeak"},{"floor":23,"key":"Nunchaku"},{"floor":25,"key":"Bottled Flame"},{"floor":26,"key":"Vajra"},{"floor":28,"key":"PreservedInsect"},{"floor":41,"key":"Kunai"},{"floor":43,"key":"Shuriken"},{"floor":44,"key":"Bag of Marbles"},{"floor":48,"key":"Strawberry"}],"event_choices":[{"damage_healed":0,"gold_gain":0,"player_choice":"Simplicity","damage_taken":0,"max_hp_gain":0,"max_hp_loss":0,"event_name":"Back to Basics","floor":22,"gold_loss":0,"cards_upgraded":["Defend_G","Defend_G","Defend_G","Defend_G","Strike_G","Strike_G","Strike_G","Strike_G","Strike_G"]},{"damage_healed":0,"gold_gain":0,"player_choice":"Trade","damage_taken":0,"relics_obtained":["CultistMask"],"max_hp_gain":0,"max_hp_loss":0,"event_name":"FaceTrader","floor":29,"gold_loss":0},{"damage_healed":0,"gold_gain":0,"player_choice":"Upgraded","damage_taken":0,"max_hp_gain":0,"max_hp_loss":0,"event_name":"Upgrade Shrine","floor":37,"gold_loss":0,"cards_upgraded":["strawberrySpire:Insectonator"]}],"is_beta":false,"boss_relics":[{"not_picked":["White Beast Statue","Lizard Tail"],"picked":"Calling Bell"},{"not_picked":["Empty Cage","Snecko Eye"],"picked":"energizedSpire:CursedPentagram"}],"items_purged_floors":[0],"is_endless":false,"potions_floor_spawned":[2,4,5,10,16,20,23,31,33,35,39,47,48],"killed_by":"Awakened One","ascension_level":1}