{"path_per_floor":["M","?","?","M","M","E","R","?","T","R","E","?","E","?","R","B",null,"M","M","$"],"character_chosen":"THE_SILENT","items_purchased":["Master of Strategy","Shuriken"],"gold_per_floor":[118,118,118,138,158,196,196,266,266,266,310,387,420,388,388,512,512,481,505,50,50],"floor_reached":21,"campfire_rested":1,"playtime":1563,"current_hp_per_floor":[66,49,49,49,49,39,39,29,29,29,7,7,4,4,25,8,70,31,9,9,0],"items_purged":[],"gold":50,"score":195,"play_id":"aae2e632-c586-45b4-968b-717515291ca9","local_time":"20180513070610","is_prod":false,"is_daily":false,"chose_seed":false,"is_ascension_mode":false,"campfire_upgraded":2,"timestamp":1526184370,"path_taken":["M","?","?","M","M","E","R","?","T","R","E","?","E","?","R","BOSS","M","M","$","M"],"build_version":"2018-05-12v2","seed_source_timestamp":62231490350824,"purchased_purges":0,"victory":false,"master_deck":["Defend_G","Defend_G","Defend_G","Defend_G","Defend_G","Strike_G","Strike_G","Strike_G","Strike_G","Strike_G","Survivor","Neutralize+1","Grand Finale","Noxious Fumes","Slice","Dagger Spray","Acrobatics","Well Laid Plans+1","Calculated Gamble","Backflip","Night Terror","Backflip+1","Concentrate","Master of Strategy"],"max_hp_per_floor":[70,70,70,70,70,70,70,70,70,70,70,70,70,70,70,70,70,70,70,70,70],"relics":["Ring of the Snake","Golden Idol","Dead Branch","Juzu Bracelet","Du-Vu Doll","Centennial Puzzle","Lantern","White Beast Statue","Shuriken"],"card_choices":[{"not_picked":["Night Terror","Tactician"],"picked":"Grand Finale","floor":0},{"not_picked":["Sucker Punch","All Out Attack"],"picked":"Noxious Fumes","floor":1},{"not_picked":["Deadly Poison","Dagger Throw"],"picked":"Slice","floor":4},{"not_picked":["Expertise","Bane"],"picked":"Dagger Spray","floor":5},{"not_picked":["Predator","Dagger Throw"],"picked":"Acrobatics","floor":6},{"not_picked":["Bane","Flying Knee"],"picked":"Well Laid Plans","floor":8},{"not_picked":["Underhanded Strike","Caltrops"],"picked":"Calculated Gamble","floor":11},{"not_picked":["Outmaneuver","Quick Slash"],"picked":"Backflip","floor":13},{"not_picked":["Doppelganger","Envenom"],"picked":"Night Terror","floor":16},{"not_picked":["Underhanded Strike","Slice+1"],"picked":"Backflip+1","floor":18},{"not_picked":["Expertise","Malaise"],"picked":"Concentrate","floor":19}],"player_experience":422143,"potions_floor_usage":[6,11,11,21,21],"damage_taken":[{"damage":4,"enemies":"Small Slimes","floor":1,"turns":6},{"damage":0,"enemies":"Jaw Worm","floor":4,"turns":4},{"damage":0,"enemies":"Cultist","floor":5,"turns":4},{"damage":10,"enemies":"3 Sentries","floor":6,"turns":9},{"damage":10,"enemies":"Gremlin Nob","floor":8,"turns":3},{"damage":22,"enemies":"Lagavulin","floor":11,"turns":6},{"damage":3,"enemies":"3 Sentries","floor":13,"turns":5},{"damage":17,"enemies":"Slime Boss","floor":16,"turns":6},{"damage":39,"enemies":"2 Thieves","floor":18,"turns":5},{"damage":22,"enemies":"Shell Parasite","floor":19,"turns":9},{"damage":9,"enemies":"Snake Plant","floor":21,"turns":4}],"event_choices":[{"event_name":"Golden Idol","player_choice":"Take Damage","floor":2,"damage_taken":0},{"event_name":"Purifier","player_choice":"One Purge","floor":3,"damage_taken":0},{"event_name":"Dead Adventurer","player_choice":"Searched \u00271\u0027 times","floor":8,"damage_taken":0},{"event_name":"Golden Wing","player_choice":"Gained Gold","floor":12,"damage_taken":0},{"event_name":"World of Goop","player_choice":"Left","floor":14,"damage_taken":0}],"boss_relics":[{"not_picked":["Lizard Tail","Philosopher\u0027s Stone"],"picked":"White Beast Statue"}],"potions_floor_spawned":[4,8,8,16,18,19],"seed_played":"-6975877470021713708","killed_by":"Snake Plant","ascension_level":0,"is_trial":false}