{"gold_per_floor":[115,185,185,204,204,204,220,264,264,264,282,282,322,340,340,465,465,484,503,503,516,554,554,597,597,645,664,689,732,753,767,767,895,895,914,914,583,1,16,47,71,71,97,141,141,141,141,156,156,156],"floor_reached":51,"playtime":2688,"items_purged":["Regret"],"score":857,"play_id":"820e62c6-ce00-4267-9b2a-77ca22f61a71","local_time":"20181010185937","is_ascension_mode":false,"campfire_choices":[{"data":"Zap","floor":6,"key":"SMITH"},{"data":"Dualcast","floor":10,"key":"SMITH"},{"data":"White Noise","floor":12,"key":"SMITH"},{"data":"Hologram","floor":15,"key":"SMITH"},{"data":"Gash","floor":23,"key":"SMITH"},{"data":"Beam Cell","floor":25,"key":"SMITH"},{"data":"Redo","floor":32,"key":"SMITH"},{"data":"Hologram","floor":42,"key":"SMITH"},{"data":"Defragment","floor":45,"key":"SMITH"},{"data":"Defragment","floor":47,"key":"SMITH"},{"data":"Enlightenment","floor":49,"key":"SMITH"}],"neow_cost":"CURSE","seed_source_timestamp":1467409298503165,"circlet_count":0,"master_deck":["Strike_B","Strike_B","Strike_B+1","Defend_B","Defend_B","Defend_B","Zap+1","Dualcast+1","Beam Cell+1","Conserve Battery","Cold Snap","Undo","White Noise+1","Hologram+1","Conserve Battery","All For One+1","Gash+1","Gash+1","Steam","Stack","Rebound","Leap+1","Redo+1","Go for the Eyes","Gash","Ball Lightning","Echo Form","Clumsy","Gash","Defragment+1","Gash","Enlightenment+1","Steam","Panache","Gash","FTL","Defragment+1","Hologram+1","Gash","White Noise+1","Go for the Eyes+1","Machine Learning+1","Impatience","Blind","Magnetism+1","Go for the Eyes+1"],"relics":["Cracked Core","WingedGreaves","Bottled Flame","Golden Idol","The Courier","Blue Candle","Meat on the Bone","Bronze Scales","Philosopher\u0027s Stone","Red Mask","Omamori","Ancient Tea Set","Lantern","Calling Bell","Anchor","Ornamental Fan","FossilizedHelix","Whetstone","Pen Nib","Frozen Egg 2","Blood Vial","Darkstone Periapt"],"potions_floor_usage":[22,24,29,29,33,33,40,50,50,50],"damage_taken":[{"damage":3,"enemies":"Cultist","floor":1,"turns":3},{"damage":3,"enemies":"Small Slimes","floor":4,"turns":2},{"damage":11,"enemies":"Jaw Worm","floor":7,"turns":2},{"damage":11,"enemies":"Lagavulin","floor":8,"turns":5},{"damage":7,"enemies":"Exordium Wildlife","floor":11,"turns":4},{"damage":10,"enemies":"3 Sentries","floor":13,"turns":11},{"damage":0,"enemies":"Lots of Slimes","floor":14,"turns":3},{"damage":5,"enemies":"The Guardian","floor":16,"turns":9},{"damage":3,"enemies":"Spheric Guardian","floor":18,"turns":3},{"damage":8,"enemies":"Chosen","floor":19,"turns":4},{"damage":9,"enemies":"3 Cultists","floor":21,"turns":4},{"damage":18,"enemies":"Masked Bandits","floor":22,"turns":4},{"damage":1,"enemies":"Book of Stabbing","floor":24,"turns":5},{"damage":1,"enemies":"Centurion and Healer","floor":27,"turns":4},{"damage":14,"enemies":"Snake Plant","floor":28,"turns":2},{"damage":18,"enemies":"Slavers","floor":29,"turns":4},{"damage":19,"enemies":"3 Cultists","floor":30,"turns":6},{"damage":3,"enemies":"Chosen and Byrds","floor":31,"turns":4},{"damage":13,"enemies":"Champ","floor":33,"turns":10},{"damage":20,"enemies":"3 Darklings","floor":35,"turns":6},{"damage":0,"enemies":"3 Shapes","floor":39,"turns":3},{"damage":0,"enemies":"Giant Head","floor":40,"turns":7},{"damage":11,"enemies":"Sphere and 2 Shapes","floor":41,"turns":4},{"damage":10,"enemies":"Nemesis","floor":44,"turns":5},{"damage":9,"enemies":"Jaw Worm Horde","floor":48,"turns":4},{"damage":39,"enemies":"Donu and Deca","floor":50,"turns":7}],"seed_played":"-8944948574626003147","potions_obtained":[{"floor":1,"key":"Ancient Potion"},{"floor":8,"key":"Block Potion"},{"floor":13,"key":"LiquidBronze"},{"floor":14,"key":"Block Potion"},{"floor":16,"key":"Strength Potion"},{"floor":27,"key":"SpeedPotion"},{"floor":28,"key":"Weak Potion"},{"floor":29,"key":"Block Potion"},{"floor":33,"key":"Strength Potion"},{"floor":41,"key":"SpeedPotion"}],"is_trial":false,"path_per_floor":["M","T","?","M","T","R","M","E","T","R","M","R","E","M","R","B",null,"M","M","?","M","?","R","E","R","T","M","M","E","M","M","R","B",null,"M","?","$","$","M","E","M","R","T","E","R","?","R","M","R","B"],"character_chosen":"DEFECT","items_purchased":["Defragment","Gash","Enlightenment","Steam","FocusPotion","Panache","Gash","FTL","Defragment","Whetstone","Pen Nib","Hologram","SteroidPotion"],"campfire_rested":0,"item_purchase_floors":[37,37,37,37,37,38,38,38,38,38,38,38,38],"current_hp_per_floor":[72,72,54,51,51,51,40,29,29,29,34,34,36,48,48,43,75,72,64,64,55,49,49,48,48,48,47,45,39,32,41,41,40,75,55,55,55,55,55,55,44,44,44,48,48,38,38,43,43,18],"gold":156,"neow_bonus":"ONE_RARE_RELIC","is_prod":false,"is_daily":false,"chose_seed":false,"campfire_upgraded":11,"win_rate":0,"timestamp":1539187177,"path_taken":["M","?","?","M","?","R","M","E","T","R","?","R","E","M","R","BOSS","M","?","?","?","?","R","E","R","T","?","?","E","M","M","R","BOSS","M","?","?","$","M","E","?","R","T","E","R","?","R","M","R","BOSS"],"build_version":"2018-10-09","purchased_purges":1,"victory":true,"max_hp_per_floor":[75,75,75,75,75,75,75,75,75,75,75,75,75,75,75,75,75,75,75,75,75,75,75,75,75,75,75,75,75,75,75,75,75,75,75,75,75,75,75,75,75,75,75,75,75,75,75,75,75,75],"card_choices":[{"not_picked":["Melter","Coolheaded"],"picked":"Beam Cell","floor":1},{"not_picked":["Turbo","Steam"],"picked":"Conserve Battery","floor":4},{"not_picked":["Conserve Battery","Capacitor"],"picked":"Cold Snap","floor":7},{"not_picked":["Steam Power","Fusion"],"picked":"Undo","floor":8},{"not_picked":["Beam Cell","Genetic Algorithm"],"picked":"White Noise","floor":11},{"not_picked":["Conserve Battery","Go for the Eyes"],"picked":"Hologram","floor":13},{"not_picked":["Skim","Self Repair"],"picked":"Conserve Battery","floor":14},{"not_picked":["Amplify","Hyperbeam"],"picked":"All For One","floor":16},{"not_picked":["Glacier","Fusion"],"picked":"Gash+1","floor":18},{"not_picked":["Conserve Battery","Sweeping Beam"],"picked":"Gash","floor":19},{"not_picked":["Go for the Eyes","Glacier+1"],"picked":"Steam","floor":21},{"not_picked":["Lockon","Cold Snap"],"picked":"Stack","floor":22},{"not_picked":["Heatsinks+1","Steam Power"],"picked":"Rebound","floor":24},{"not_picked":["Steam","Sweeping Beam"],"picked":"Leap+1","floor":27},{"not_picked":["Auto Shields","Heatsinks"],"picked":"Redo","floor":28},{"not_picked":["Chaos","Barrage+1"],"picked":"Go for the Eyes","floor":29},{"not_picked":["Compile Driver+1","Undo+1"],"picked":"Gash","floor":30},{"not_picked":["Hello World+1","Beam Cell+1"],"picked":"Ball Lightning","floor":31},{"not_picked":["Creative AI","Meteor Strike"],"picked":"Echo Form","floor":33},{"not_picked":["Chaos+1","Tempest"],"picked":"Gash","floor":35},{"not_picked":["Rebound+1","Conserve Battery+1"],"picked":"Gash","floor":39},{"not_picked":["Recycle+1","Streamline"],"picked":"White Noise+1","floor":40},{"not_picked":["Ball Lightning+1","Compile Driver+1"],"picked":"Go for the Eyes+1","floor":41},{"not_picked":["Force Field","Beam Cell"],"picked":"Machine Learning+1","floor":44},{"not_picked":["Transmutation","Bandage Up"],"picked":"Impatience","floor":46},{"not_picked":["PanicButton","Forethought"],"picked":"Blind","floor":46},{"not_picked":["Swift Strike","Transmutation"],"picked":"Magnetism+1","floor":46},{"not_picked":["Leap+1","Conserve Battery"],"picked":"Go for the Eyes+1","floor":48}],"player_experience":761849,"relics_obtained":[{"floor":2,"key":"Bottled Flame"},{"floor":5,"key":"The Courier"},{"floor":8,"key":"Blue Candle"},{"floor":9,"key":"Meat on the Bone"},{"floor":13,"key":"Bronze Scales"},{"floor":22,"key":"Red Mask"},{"floor":24,"key":"Omamori"},{"floor":26,"key":"Ancient Tea Set"},{"floor":29,"key":"Lantern"},{"floor":34,"key":"Anchor"},{"floor":34,"key":"Ornamental Fan"},{"floor":34,"key":"FossilizedHelix"},{"floor":40,"key":"Frozen Egg 2"},{"floor":43,"key":"Blood Vial"},{"floor":44,"key":"Darkstone Periapt"}],"event_choices":[{"event_name":"Golden Idol","player_choice":"Take Damage","floor":3,"damage_taken":0},{"event_name":"Back to Basics","player_choice":"Elegance","floor":20,"damage_taken":0},{"event_name":"Masked Bandits","player_choice":"Fought Bandits","floor":22,"damage_taken":0},{"event_name":"Falling","player_choice":"Removed Skill","floor":36,"damage_taken":0},{"event_name":"SensoryStone","player_choice":"Memory 3","floor":46,"damage_taken":0}],"is_beta":true,"boss_relics":[{"not_picked":["Lizard Tail","Black Star"],"picked":"Philosopher\u0027s Stone"},{"not_picked":["White Beast Statue","Empty Cage"],"picked":"Calling Bell"}],"items_purged_floors":[37],"is_endless":false,"potions_floor_spawned":[1,8,13,14,16,18,19,27,28,29,33,39,41],"ascension_level":0}