{"path_per_floor":["M","$","M","?","M","R","E","M","T","M","R","M","M","M","R","B",null,"M","?","M","$","?","E","R"],"character_chosen":"IRONCLAD","items_purchased":["Pen Nib","Bag of Marbles","Ginger","Bandage Up"],"gold_per_floor":[412,31,47,297,312,312,339,351,351,363,363,373,384,397,397,496,496,515,515,531,39,39,66,66],"floor_reached":25,"campfire_rested":1,"playtime":1758,"current_hp_per_floor":[46,46,51,51,54,54,36,24,24,23,47,40,38,35,35,22,104,74,74,62,62,62,42,42],"items_purged":["Strike_R","Pain"],"gold":66,"score":275,"play_id":"2a282724-a751-4259-ae84-b214bf292822","is_prod":false,"is_daily":false,"is_ascension_mode":false,"campfire_upgraded":3,"path_taken":["M","$","M","?","?","R","E","M","T","M","R","M","M","M","R","BOSS","M","?","?","?","?","E","R","M"],"build_version":"2018-02-22-BETA1","purchased_purges":2,"victory":false,"master_deck":["Strike_R","Strike_R","Strike_R","Strike_R","Defend_R","Defend_R","Defend_R","Defend_R","Bash","Inflame","Searing Blow+2","Armaments+1","Burning Pact","Warcry","Battle Trance","True Grit","Offering","Clumsy","Pain","True Grit+1","Bandage Up","Sentinel"],"max_hp_per_floor":[80,80,80,80,80,80,80,80,80,80,80,80,80,80,80,80,104,104,104,104,104,104,104,104],"relics":["Burning Blood","Old Coin","Pen Nib","Bag of Marbles","Toolbox","Bronze Scales","Calling Bell","Mango","Pear","Letter Opener","Ginger","Happy Flower"],"card_choices":[{"not_picked":["Sword Boomerang","Perfected Strike"],"picked":"Inflame"},{"not_picked":["Reckless Charge","Sword Boomerang"],"picked":"Searing Blow"},{"not_picked":["Warcry","Anger"],"picked":"Armaments"},{"not_picked":["Exhume","Perfected Strike"],"picked":"Burning Pact"},{"not_picked":["Armaments","Flex"],"picked":"Warcry"},{"not_picked":["Thunderclap","Clash"],"picked":"Battle Trance"},{"not_picked":["Sever Soul","Pummel"],"picked":"True Grit"},{"not_picked":["Berserk","Immolate"],"picked":"Offering"},{"not_picked":["Hemokinesis","Anger"],"picked":"True Grit"},{"not_picked":["Body Slam","Iron Wave"],"picked":"Sentinel"}],"player_experience":234343,"potions_floor_usage":[16,23,23,25],"damage_taken":[{"damage":0,"enemies":"Small Slimes","floor":1,"turns":5},{"damage":1,"enemies":"Cultist","floor":3,"turns":3},{"damage":3,"enemies":"Jaw Worm","floor":5,"turns":3},{"damage":24,"enemies":"3 Sentries","floor":7,"turns":8},{"damage":18,"enemies":"Large Slime","floor":8,"turns":7},{"damage":7,"enemies":"Gremlin Gang","floor":10,"turns":6},{"damage":13,"enemies":"Red Slaver","floor":12,"turns":2},{"damage":8,"enemies":"2 Fungi Beasts","floor":13,"turns":4},{"damage":9,"enemies":"Large Slime","floor":14,"turns":4},{"damage":19,"enemies":"Hexaghost","floor":16,"turns":8},{"damage":36,"enemies":"Spheric Guardian","floor":18,"turns":4},{"damage":18,"enemies":"Chosen","floor":20,"turns":4},{"damage":32,"enemies":"Gremlin Leader","floor":23,"turns":9},{"damage":56,"enemies":"3 Cultists","floor":25,"turns":4}],"event_choices":[{"event_name":"Golden Shrine","player_choice":"Desecrate","floor":4,"damage_taken":0},{"event_name":"Back to Basics","player_choice":"Elegance","floor":19,"damage_taken":0},{"event_name":"Vampires","player_choice":"Ignored","floor":22,"damage_taken":0}],"boss_relics":[{"not_picked":["Question Card","White Beast Statue"],"picked":"Calling Bell"}],"potions_floor_spawned":[1,10,12,18,20],"seed_played":"-2974961672576559731","killed_by":"3 Cultists","ascension_level":0,"is_trial":false}