{"gold_per_floor":[110,130,130,305,320,352,352,365,365,365,365,365,395,405,405,501,501,514,526,536,536,636,666,666,694,694,706,743,755,37,53,53,154,154,170,270,270,114,114,114,132,132,132,150,150,150,150,165,165,165,165,165,38,70,70],"floor_reached":55,"playtime":3102,"items_purged":["Strike_B"],"score":902,"play_id":"0d4aadbb-a840-418c-bc85-f0b40b47f8c9","local_time":"20181218211259","is_ascension_mode":true,"campfire_choices":[{"data":"Echo Form","floor":7.0,"key":"SMITH"},{"floor":12.0,"key":"REST"},{"data":"Ball Lightning","floor":15.0,"key":"SMITH"},{"floor":24,"key":"REST"},{"data":"Hologram","floor":27,"key":"SMITH"},{"floor":32,"key":"REST"},{"floor":40,"key":"RECALL"},{"floor":47,"key":"REST"},{"data":"Apotheosis","floor":49,"key":"SMITH"},{"data":"Echo Form","floor":52,"key":"SMITH"}],"neow_cost":"PERCENT_DAMAGE","seed_source_timestamp":0,"circlet_count":0,"master_deck":["Defend_B","Defend_B","Defend_B","Defend_B","Dualcast","Deep Breath","Madness+1","Reinforced Body","Glacier","Doubt","Ball Lightning+1","Echo Form+1","Go for the Eyes","Conserve Battery","Sweeping Beam","All For One","Ball Lightning","Hologram+1","Stack+1","Redo+1","FTL+1","Rebound","Clumsy","Steam","Reprogram","Darkness","Apotheosis+1","Stack","Undo+1","Creative AI","Cold Snap+1","Steam+1","Madness","Madness","Loop","Echo Form+1","Auto Shields","Panache","Injury","Static Discharge","Turbo"],"special_seed":0,"relics":["FrozenCore","Ornamental Fan","Bottled Tornado","WarpedTongs","Mummified Hand","Cursed Key","Du-Vu Doll","Pantograph","Potion Belt","Pen Nib","MawBank","Happy Flower","Regal Pillow","Strawberry","Strange Spoon","Thread and Needle","Shuriken"],"potions_floor_usage":[22,22,22,23,28,54,55,55],"damage_taken":[{"damage":1.0,"enemies":"Jaw Worm","floor":1.0,"turns":3.0},{"damage":0.0,"enemies":"Small Slimes","floor":2.0,"turns":2.0},{"damage":0.0,"enemies":"Cultist","floor":5.0,"turns":4.0},{"damage":7.0,"enemies":"3 Sentries","floor":6.0,"turns":10.0},{"damage":23.0,"enemies":"Large Slime","floor":8.0,"turns":5.0},{"damage":2.0,"enemies":"Lagavulin","floor":13.0,"turns":7.0},{"damage":3.0,"enemies":"2 Fungi Beasts","floor":14.0,"turns":4.0},{"damage":26.0,"enemies":"The Guardian","floor":16.0,"turns":15.0},{"damage":11,"enemies":"3 Byrds","floor":18,"turns":5},{"damage":14,"enemies":"Shell Parasite","floor":19,"turns":4},{"damage":27,"enemies":"Snake Plant","floor":20,"turns":4},{"damage":2,"enemies":"Colosseum Slavers","floor":22,"turns":4},{"damage":17,"enemies":"Colosseum Nobs","floor":22,"turns":8},{"damage":0,"enemies":"Gremlin Leader","floor":23,"turns":5},{"damage":12,"enemies":"Book of Stabbing","floor":25,"turns":5},{"damage":25,"enemies":"Slavers","floor":28,"turns":3},{"damage":0,"enemies":"Cultist and Chosen","floor":31,"turns":3},{"damage":44,"enemies":"Collector","floor":33,"turns":14},{"damage":13,"enemies":"Orb Walker","floor":35,"turns":3},{"damage":2,"enemies":"Mind Bloom Boss Battle","floor":36,"turns":9},{"damage":0,"enemies":"3 Darklings","floor":41,"turns":6},{"damage":9,"enemies":"4 Shapes","floor":44,"turns":7},{"damage":3,"enemies":"Jaw Worm Horde","floor":48,"turns":4},{"damage":0,"enemies":"Awakened One","floor":50,"turns":16},{"damage":22,"enemies":"Shield and Spear","floor":54,"turns":5},{"damage":85,"enemies":"The Heart","floor":55,"turns":8}],"seed_played":"-7065717378984786433","potions_obtained":[{"floor":5.0,"key":"SkillPotion"},{"floor":6.0,"key":"Swift Potion"},{"floor":13.0,"key":"Energy Potion"},{"floor":14.0,"key":"Swift Potion"},{"floor":19,"key":"Energy Potion"},{"floor":22,"key":"Regen Potion"},{"floor":25,"key":"LiquidBronze"},{"floor":28,"key":"SpeedPotion"},{"floor":35,"key":"Weak Potion"},{"floor":36,"key":"Swift Potion"},{"floor":54,"key":"Weak Potion"}],"is_trial":false,"path_per_floor":["M","M","?","?","M","E","R","M","T","?","?","R","E","M","R","B",null,"M","M","M","?","?","E","R","E","T","R","E","?","$","M","R","B",null,"M","?","?","$","?","R","M","?","T","M","?","?","R","M","R","B",null,"R","$","E","B"],"character_chosen":"DEFECT","items_purchased":["Regal Pillow","Strawberry","Strange Spoon","Apotheosis","Stack","Loop","Static Discharge","Turbo"],"campfire_rested":4,"item_purchase_floors":[30,30,30,30,30,38,53,53],"current_hp_per_floor":[53,53,53,53,53,46,46,23,23,16,16,38,36,33,33,7,75,64,50,23,23,4,18,40,28,28,28,3,3,10,10,49,30,82,69,80,70,70,70,70,70,70,70,61,61,61,82,79,79,82,82,82,82,60,0],"gold":70,"neow_bonus":"RANDOM_COLORLESS_2","is_prod":false,"is_daily":false,"chose_seed":false,"campfire_upgraded":5,"win_rate":0,"timestamp":1545156779,"path_taken":["M","M","?","?","M","E","R","M","T","?","?","R","E","M","R","BOSS","M","?","M","?","?","E","R","E","T","R","E","?","$","M","R","BOSS","M","?","?","$","?","R","?","?","T","M","?","?","R","M","R","BOSS","R","$","E","BOSS"],"build_version":"2018-12-17","purchased_purges":1,"victory":false,"max_hp_per_floor":[75,75,75,75,75,75,75,75,75,75,75,75,75,75,75,75,75,75,75,75,75,75,75,75,75,75,75,75,75,82,82,82,82,82,82,82,82,82,82,82,82,82,82,82,82,82,82,82,82,82,82,82,82,82,82],"card_choices":[{"not_picked":["Redo","Rip and Tear"],"picked":"Reinforced Body","floor":1.0},{"not_picked":["Auto Shields","Sweeping Beam"],"picked":"Glacier","floor":2.0},{"not_picked":["BootSequence","Cold Snap"],"picked":"Ball Lightning","floor":5.0},{"not_picked":["Recycle","Streamline"],"picked":"Echo Form","floor":6.0},{"not_picked":["Sweeping Beam","Coolheaded"],"picked":"Go for the Eyes","floor":8.0},{"not_picked":["Steam","Gash"],"picked":"Conserve Battery","floor":13.0},{"not_picked":["Auto Shields","Machine Learning"],"picked":"Sweeping Beam","floor":14.0},{"not_picked":["Buffer","Machine Learning"],"picked":"All For One","floor":16.0},{"not_picked":["Beam Cell","Turbo"],"picked":"Ball Lightning","floor":18},{"not_picked":["Barrage+1","Leap"],"picked":"Hologram","floor":19},{"not_picked":["Steam+1","Coolheaded"],"picked":"Stack+1","floor":20},{"not_picked":["Gash","Tempest+1"],"picked":"Redo+1","floor":22},{"not_picked":["Fission","Rebound+1"],"picked":"FTL+1","floor":23},{"not_picked":["Go for the Eyes+1","Genetic Algorithm"],"picked":"Rebound","floor":25},{"not_picked":["Turbo","Ball Lightning"],"picked":"Steam","floor":28},{"not_picked":["Sweeping Beam","Cold Snap"],"picked":"Undo+1","floor":31},{"not_picked":["Biased Cognition","Reboot"],"picked":"Creative AI","floor":33},{"not_picked":["Stack+1","Turbo"],"picked":"Cold Snap+1","floor":35},{"not_picked":["Stack","Compile Driver"],"picked":"Steam+1","floor":36},{"not_picked":["Lockon","Biased Cognition"],"picked":"Auto Shields","floor":41},{"not_picked":["Bandage Up","Dark Shackles"],"picked":"Panache","floor":42},{"not_picked":["Rebound+1","Redo+1","Heatsinks"],"picked":"SKIP","floor":44},{"not_picked":["Conserve Battery+1","Sweeping Beam","Steam"],"picked":"SKIP","floor":48},{"not_picked":["Beam Cell+1","Streamline+1","Compile Driver+1"],"picked":"SKIP","floor":54}],"player_experience":990753,"relics_obtained":[{"floor":6.0,"key":"Ornamental Fan"},{"floor":9.0,"key":"Bottled Tornado"},{"floor":13.0,"key":"Mummified Hand"},{"floor":22,"key":"Du-Vu Doll"},{"floor":22,"key":"Pantograph"},{"floor":23,"key":"Potion Belt"},{"floor":25,"key":"Pen Nib"},{"floor":26,"key":"MawBank"},{"floor":28,"key":"Happy Flower"},{"floor":36,"key":"Thread and Needle"},{"floor":54,"key":"Shuriken"}],"event_choices":[{"damage_healed":0.0,"max_hp_gain":0.0,"max_hp_loss":0.0,"gold_gain":0.0,"event_name":"Living Wall","player_choice":"Grow","floor":3.0,"gold_loss":0.0,"damage_taken":0.0,"cards_upgraded":["Madness"]},{"damage_healed":0.0,"max_hp_gain":0.0,"max_hp_loss":0.0,"gold_gain":175.0,"event_name":"Liars Game","player_choice":"AGREE","floor":4.0,"gold_loss":0.0,"damage_taken":0.0,"cards_obtained":["Doubt"]},{"cards_removed":["Strike_B"],"damage_healed":0.0,"max_hp_gain":0.0,"max_hp_loss":0.0,"gold_gain":0.0,"event_name":"Golden Wing","player_choice":"Card Removal","floor":10.0,"gold_loss":0.0,"damage_taken":7.0},{"damage_healed":0.0,"max_hp_gain":0.0,"max_hp_loss":0.0,"gold_gain":0.0,"event_name":"Accursed Blacksmith","player_choice":"Rummage","floor":11.0,"gold_loss":0.0,"damage_taken":0.0,"relics_obtained":["WarpedTongs"],"cards_obtained":["Pain"]},{"cards_removed":["Pain"],"damage_healed":0,"gold_gain":0,"player_choice":"Elegance","damage_taken":0,"max_hp_gain":0,"max_hp_loss":0,"event_name":"Back to Basics","floor":21,"gold_loss":0},{"damage_healed":0,"gold_gain":0,"player_choice":"Fight","damage_taken":0,"max_hp_gain":0,"max_hp_loss":0,"event_name":"Colosseum","floor":22,"gold_loss":0},{"damage_healed":0,"gold_gain":0,"player_choice":"Fought Nobs","damage_taken":0,"max_hp_gain":0,"max_hp_loss":0,"event_name":"Colosseum","floor":22,"gold_loss":0},{"damage_healed":0,"gold_gain":0,"cards_transformed":["Strike_B","Strike_B"],"player_choice":"Became Test Subject","damage_taken":0,"max_hp_gain":0,"max_hp_loss":0,"event_name":"Drug Dealer","floor":29,"gold_loss":0,"cards_obtained":["Reprogram","Darkness"]},{"damage_healed":0,"gold_gain":0,"player_choice":"Fight","damage_taken":0,"max_hp_gain":0,"max_hp_loss":0,"event_name":"MindBloom","floor":36,"gold_loss":0},{"damage_healed":0,"gold_gain":0,"player_choice":"Embrace Madness","damage_taken":10,"max_hp_gain":0,"max_hp_loss":0,"event_name":"Winding Halls","floor":37,"gold_loss":0,"cards_obtained":["Madness","Madness"]},{"damage_healed":0,"gold_gain":0,"player_choice":"1 cards matched","damage_taken":0,"max_hp_gain":0,"max_hp_loss":0,"event_name":"Match and Keep!","floor":39,"gold_loss":0,"cards_obtained":["Echo Form"]},{"damage_healed":0,"gold_gain":0,"player_choice":"Memory 1","damage_taken":0,"max_hp_gain":0,"max_hp_loss":0,"event_name":"SensoryStone","floor":42,"gold_loss":0},{"cards_removed":["Zap"],"damage_healed":0,"gold_gain":0,"player_choice":"Removed Skill","damage_taken":0,"max_hp_gain":0,"max_hp_loss":0,"event_name":"Falling","floor":45,"gold_loss":0},{"damage_healed":0,"gold_gain":0,"player_choice":"Ignored","damage_taken":0,"max_hp_gain":0,"max_hp_loss":0,"event_name":"Tomb of Lord Red Mask","floor":46,"gold_loss":0}],"is_beta":true,"boss_relics":[{"not_picked":["Runic Dome","Tiny House"],"picked":"Cursed Key"},{"not_picked":["Black Star","Empty Cage"],"picked":"FrozenCore"}],"items_purged_floors":[38],"is_endless":false,"potions_floor_spawned":[5,6,13,14,19,20,22,25,28,35,36,54],"killed_by":"The Heart","ascension_level":1}