{"gold_per_floor":[119,134,209,229,248,248,281,281,356,388,388,388,406,420,420,519,519,531,631,7,19,19,49,66,66,66,76,76,90,120,220,220,318,318,335,335,335,345,345,377,91,91,91,110,144,144,144,160,160,160],"floor_reached":51,"playtime":2531,"items_purged":["Strike_G","Clumsy"],"score":1179,"play_id":"5a2f4c7a-485d-4040-af9e-52bac85327a2","local_time":"20190219073720","is_ascension_mode":true,"campfire_choices":[{"data":"Noxious Fumes","floor":6,"key":"SMITH"},{"data":"Blade Dance","floor":8,"key":"SMITH"},{"data":"Calculated Gamble","floor":12,"key":"SMITH"},{"data":"Cloak And Dagger","floor":15,"key":"SMITH"},{"data":"Cloak And Dagger","floor":25,"key":"SMITH"},{"data":"Burst","floor":32,"key":"SMITH"},{"data":"Footwork","floor":42,"key":"SMITH"},{"data":"Footwork","floor":47,"key":"SMITH"},{"data":"Finisher","floor":49,"key":"SMITH"}],"neow_cost":"","seed_source_timestamp":0,"circlet_count":0,"master_deck":["Defend_G","Defend_G","Defend_G","Defend_G","Defend_G","Strike_G","Strike_G","Strike_G","Strike_G","Survivor","Neutralize","Flying Knee","Calculated Gamble+1","Thinking Ahead","Deadly Poison","Noxious Fumes+1","Deadly Poison","Blade Dance+1","Finisher+1","Dodge and Roll","Neutralize","Riddle With Holes","Cloak And Dagger+1","Burst+1","Dodge and Roll","Cloak And Dagger+1","Footwork+1","Slice","Riddle With Holes","Footwork+1","Cloak And Dagger+1","Deflect","Tools of the Trade","Acrobatics+1","Crippling Poison+1","Deflect","Well Laid Plans","Leg Sweep","Deflect","Catalyst+1"],"special_seed":0,"relics":["Ring of the Snake","Oddly Smooth Stone","Sling","Mango","Shuriken","Vajra","Coffee Dripper","Tough Bandages","DollysMirror","Regal Pillow","Bottled Lightning","theJungle:BirthdayCake","Sundial","energizedSpire:CursedPentagram","MawBank","Pen Nib","Singing Bowl"],"potions_floor_usage":[33,50,50],"damage_taken":[{"damage":0.0,"enemies":"Jaw Worm","floor":1.0,"turns":4.0},{"damage":0,"enemies":"2 Louse","floor":2,"turns":2},{"damage":0,"enemies":"Cultist","floor":4,"turns":4},{"damage":10,"enemies":"Lots of Slimes","floor":5,"turns":3},{"damage":7,"enemies":"Lagavulin","floor":7,"turns":6},{"damage":2,"enemies":"Gremlin Nob","floor":10,"turns":3},{"damage":3,"enemies":"3 Louse","floor":13,"turns":3},{"damage":2,"enemies":"Exordium Thugs","floor":14,"turns":3},{"damage":12,"enemies":"The Guardian","floor":16,"turns":8},{"damage":11,"enemies":"theJungle:5_Spyders","floor":18,"turns":5},{"damage":0,"enemies":"theJungle:MUSHROOMGANG","floor":21,"turns":4},{"damage":0,"enemies":"theJungle:Cassacara","floor":23,"turns":5},{"damage":0,"enemies":"theJungle:Snecko_Cultist_And_Trap","floor":24,"turns":5},{"damage":10,"enemies":"theJungle:2_Snecko_Cultists","floor":27,"turns":3},{"damage":27,"enemies":"theJungle:2_Flameangoes","floor":29,"turns":6},{"damage":0,"enemies":"theJungle:MamaSnecko","floor":30,"turns":2},{"damage":17,"enemies":"theJungle:FunGuy","floor":33,"turns":7},{"damage":8,"enemies":"3 Darklings","floor":35,"turns":3},{"damage":3,"enemies":"3 Shapes","floor":38,"turns":4},{"damage":8,"enemies":"Giant Head","floor":40,"turns":7},{"damage":5,"enemies":"Maw","floor":44,"turns":7},{"damage":0,"enemies":"Reptomancer","floor":45,"turns":6},{"damage":7,"enemies":"Jaw Worm Horde","floor":48,"turns":3},{"damage":6,"enemies":"Donu and Deca","floor":50,"turns":7}],"seed_played":"7225598494822018492","potions_obtained":[{"floor":7,"key":"GhostInAJar"},{"floor":10,"key":"PowerPotion"},{"floor":14,"key":"Dexterity Potion"},{"floor":24,"key":"AttackPotion"},{"floor":30,"key":"Regen Potion"},{"floor":33,"key":"Dexterity Potion"},{"floor":35,"key":"SteroidPotion"}],"is_trial":false,"path_per_floor":["M","M","?","M","M","R","E","R","T","E","?","R","M","M","R","B",null,"M","?","$","M","?","E","M","R","T","M","?","M","E","?","R","B",null,"M","?","?","M","?","E","$","R","T","M","E","?","R","M","R","B",null],"character_chosen":"THE_SILENT","items_purchased":["Oddly Smooth Stone","Flying Knee","Dagger Spray","Calculated Gamble","Sling","Thinking Ahead","Tough Bandages","DollysMirror","Footwork","Slice","Well Laid Plans","Leg Sweep","Deflect"],"campfire_rested":0,"item_purchase_floors":[0,0,0,0,0,0,20,20,20,20,41,41,41],"current_hp_per_floor":[70,70,59,59,49,49,56,56,56,54,54,54,51,49,49,37,84,73,73,73,73,73,73,73,73,73,63,83,56,56,49,49,47,104,96,96,96,93,93,85,85,85,85,80,82,78,78,71,71,65],"gold":160,"neow_bonus":"","is_prod":false,"is_daily":false,"chose_seed":false,"campfire_upgraded":9,"win_rate":0,"timestamp":1550551040,"path_taken":["M","M","?","M","M","R","E","R","T","E","?","R","?","?","R","BOSS","M","?","?","?","?","E","M","R","T","M","?","M","E","?","R","BOSS","M","?","?","M","?","E","$","R","T","M","E","?","R","M","R","BOSS"],"build_version":"2019-02-06","purchased_purges":2,"victory":true,"max_hp_per_floor":[70,70,70,70,70,70,84,84,84,84,84,84,84,84,84,84,84,84,84,84,84,84,84,84,84,84,84,104,104,104,104,104,104,104,104,99,99,99,99,99,99,99,99,99,101,107,107,107,107,107],"card_choices":[{"not_picked":["PiercingWail","Outmaneuver"],"picked":"Deadly Poison","floor":1},{"not_picked":["Acrobatics","Endless Agony"],"picked":"Noxious Fumes","floor":2},{"not_picked":["Underhanded Strike","Concentrate"],"picked":"Deadly Poison","floor":4},{"not_picked":["Night Terror","Flying Knee"],"picked":"Blade Dance","floor":5},{"not_picked":["Predator","Flying Knee"],"picked":"Finisher","floor":7},{"not_picked":["Finisher","Prepared"],"picked":"Dodge and Roll","floor":10},{"not_picked":["Dash","Slice"],"picked":"Riddle With Holes","floor":13},{"not_picked":["Predator","Deadly Poison"],"picked":"Cloak And Dagger","floor":14},{"not_picked":["Grand Finale","Wraith Form v2"],"picked":"Burst","floor":16},{"not_picked":["Dagger Spray","Expertise"],"picked":"Dodge and Roll","floor":18},{"not_picked":["Outmaneuver","Poisoned Stab"],"picked":"Riddle With Holes","floor":21},{"not_picked":["Blade Dance+1","Cloak And Dagger+1"],"picked":"Footwork","floor":23},{"not_picked":["Backflip","Sucker Punch"],"picked":"Cloak And Dagger","floor":24},{"not_picked":["PiercingWail","Bane"],"picked":"Deflect","floor":27},{"not_picked":["Quick Slash","Outmaneuver","Setup"],"picked":"SKIP","floor":29},{"not_picked":["Outmaneuver+1","Dagger Spray","Backflip+1"],"picked":"SKIP","floor":30},{"not_picked":["Burst","Storm of Steel"],"picked":"Tools of the Trade","floor":33},{"not_picked":["Eviscerate+1","Backstab"],"picked":"Acrobatics+1","floor":35},{"not_picked":["PiercingWail","Flying Knee+1"],"picked":"Crippling Poison+1","floor":38},{"not_picked":["Unload","Flying Knee+1"],"picked":"Deflect","floor":40},{"not_picked":["Dagger Spray+1","Flying Knee","Underhanded Strike"],"picked":"SKIP","floor":44},{"not_picked":["Concentrate","Backstab+1","Dodge and Roll"],"picked":"Singing Bowl","floor":45},{"not_picked":["Thinking Ahead","Forethought","Secret Weapon"],"picked":"Singing Bowl","floor":46},{"not_picked":["Finesse","Master of Strategy","Dramatic Entrance"],"picked":"Singing Bowl","floor":46},{"not_picked":["Mayhem","Flash of Steel","Swift Strike"],"picked":"Singing Bowl","floor":46},{"not_picked":["Calculated Gamble","Flechettes"],"picked":"Catalyst+1","floor":48}],"player_experience":1156266,"relics_obtained":[{"floor":7,"key":"Mango"},{"floor":9,"key":"Shuriken"},{"floor":10,"key":"Vajra"},{"floor":23,"key":"Regal Pillow"},{"floor":26,"key":"Bottled Lightning"},{"floor":30,"key":"Sundial"},{"floor":40,"key":"MawBank"},{"floor":43,"key":"Pen Nib"},{"floor":45,"key":"Singing Bowl"}],"event_choices":[{"damage_healed":0,"gold_gain":75,"player_choice":"Gather Gold","damage_taken":11,"max_hp_gain":0,"max_hp_loss":0,"event_name":"World of Goop","floor":3,"gold_loss":0},{"damage_healed":0,"gold_gain":0,"player_choice":"1 cards matched","damage_taken":0,"max_hp_gain":0,"max_hp_loss":0,"event_name":"Match and Keep!","floor":11,"gold_loss":0,"cards_obtained":["Neutralize"]},{"damage_healed":0,"gold_gain":100,"player_choice":"Pray","damage_taken":0,"max_hp_gain":0,"max_hp_loss":0,"event_name":"Golden Shrine","floor":19,"gold_loss":0},{"damage_healed":0,"gold_gain":0,"player_choice":"Max HP","damage_taken":0,"max_hp_gain":0,"max_hp_loss":5,"event_name":"Winding Halls","floor":36,"gold_loss":0},{"cards_removed":["Dagger Spray"],"damage_healed":0,"gold_gain":0,"player_choice":"Removed Attack","damage_taken":0,"max_hp_gain":0,"max_hp_loss":0,"event_name":"Falling","floor":37,"gold_loss":0},{"damage_healed":0,"gold_gain":0,"player_choice":"Ignored","damage_taken":0,"max_hp_gain":0,"max_hp_loss":0,"event_name":"Tomb of Lord Red Mask","floor":39,"gold_loss":0},{"damage_healed":0,"gold_gain":0,"player_choice":"Memory 3","damage_taken":10,"max_hp_gain":0,"max_hp_loss":0,"event_name":"SensoryStone","floor":46,"gold_loss":0}],"is_beta":true,"boss_relics":[{"not_picked":["Busted Crown","Snecko Eye"],"picked":"Coffee Dripper"},{"not_picked":["Runic Pyramid","Velvet Choker"],"picked":"energizedSpire:CursedPentagram"}],"items_purged_floors":[0,41],"is_endless":false,"potions_floor_spawned":[7,10,14,23,24,30,33,35,38,45],"ascension_level":1}