{"gold_per_floor":[119,135,149,163,163,192,192,224,224,240,3,3,14,42,42,137,137,154,254,277,277,289,289,318,268,293,293,323,358,8,22,22,127,127,146,146,146,160,60,85,85,115,115,115,115,145,199,233,233,233,233,233,36,62,62],"floor_reached":56,"playtime":2679,"items_purged":["Strike_G","Decay","Strike_G"],"score":1629,"play_id":"cedf6343-ca12-4b18-85fc-e9b6c4a4377d","local_time":"20181112194842","is_ascension_mode":true,"campfire_choices":[{"data":"Footwork","floor":7.0,"key":"SMITH"},{"data":"Heel Hook","floor":12.0,"key":"SMITH"},{"data":"Sucker Punch","floor":15.0,"key":"SMITH"},{"floor":23,"key":"REST"},{"data":"Cloak And Dagger","floor":27,"key":"SMITH"},{"floor":32,"key":"REST"},{"floor":41,"key":"RECALL"},{"data":"1","floor":45,"key":"LIFT"},{"data":"Cloak And Dagger","floor":49,"key":"SMITH"},{"data":"2","floor":52,"key":"LIFT"}],"neow_cost":"TEN_PERCENT_HP_LOSS","seed_source_timestamp":0,"circlet_count":0,"master_deck":["Defend_G","Defend_G","Defend_G","Defend_G","Defend_G+1","Strike_G","Strike_G","Strike_G+1","Survivor","Neutralize+1","Heel Hook+1","Finisher+1","Well Laid Plans","Quick Slash","PiercingWail","Deflect","Deflect","Footwork+1","Backstab","Escape Plan","Backflip","Quick Slash","Footwork","Sucker Punch+1","Burst+1","Cloak And Dagger+1","Skewer+1","Cloak And Dagger","Flying Knee+1","Cloak And Dagger+1","Leg Sweep","Cloak And Dagger+1","Dodge and Roll","Die Die Die","Cloak And Dagger+1","Infinite Blades","After Image","Dodge and Roll+1","Madness","Secret Weapon","Sadistic Nature","Concentrate+1","Cloak And Dagger+1","Calculated Gamble+1"],"special_seed":0,"relics":["Ring of the Snake","Prayer Wheel","Whetstone","Juzu Bracelet","Bronze Scales","Lee\u0027s Waffle","Pear","Black Star","StoneCalendar","Kunai","War Paint","PreservedInsect","Blood Vial","Ancient Tea Set","Pen Nib","Dream Catcher","Red Mask","Shuriken","Philosopher\u0027s Stone","Matryoshka","Question Card","Girya","Nunchaku","Boot","Orichalcum","Potion Belt","Vajra","Bag of Preparation","Turnip","Art of War","Bag of Marbles","Thread and Needle","Mango"],"potions_floor_usage":[22,24,33,55,55,55,55,55],"damage_taken":[{"damage":0.0,"enemies":"Small Slimes","floor":1.0,"turns":5.0},{"damage":0.0,"enemies":"Jaw Worm","floor":2.0,"turns":3.0},{"damage":0.0,"enemies":"2 Louse","floor":3.0,"turns":3.0},{"damage":8.0,"enemies":"Exordium Thugs","floor":4.0,"turns":5.0},{"damage":38.0,"enemies":"Gremlin Nob","floor":6.0,"turns":5.0},{"damage":11.0,"enemies":"Lagavulin","floor":8.0,"turns":6.0},{"damage":0.0,"enemies":"Looter","floor":10.0,"turns":3.0},{"damage":0.0,"enemies":"Blue Slaver","floor":13.0,"turns":3.0},{"damage":9.0,"enemies":"3 Sentries","floor":14.0,"turns":7.0},{"damage":9.0,"enemies":"Slime Boss","floor":16.0,"turns":9.0},{"damage":21.0,"enemies":"2 Thieves","floor":18.0,"turns":3.0},{"damage":4.0,"enemies":"Colosseum Slavers","floor":19.0,"turns":6.0},{"damage":36.0,"enemies":"Colosseum Nobs","floor":19.0,"turns":7.0},{"damage":12,"enemies":"Spheric Guardian","floor":22,"turns":4},{"damage":3,"enemies":"Slavers","floor":24,"turns":7},{"damage":0,"enemies":"Book of Stabbing","floor":28,"turns":5},{"damage":12,"enemies":"Masked Bandits","floor":29,"turns":4},{"damage":0,"enemies":"Shelled Parasite and Fungi","floor":31,"turns":4},{"damage":40,"enemies":"Automaton","floor":33,"turns":11},{"damage":0,"enemies":"3 Shapes","floor":35,"turns":3},{"damage":2,"enemies":"3 Darklings","floor":38,"turns":5},{"damage":0,"enemies":"Reptomancer","floor":40,"turns":5},{"damage":0,"enemies":"Giant Head","floor":42,"turns":6},{"damage":20,"enemies":"Nemesis","floor":46,"turns":4},{"damage":15,"enemies":"2 Orb Walkers","floor":47,"turns":3},{"damage":0,"enemies":"Giant Head","floor":48,"turns":4},{"damage":6,"enemies":"Awakened One","floor":50,"turns":12},{"damage":0,"enemies":"Shield and Spear","floor":54,"turns":1},{"damage":86,"enemies":"The Heart","floor":55,"turns":9}],"seed_played":"-731223803694255104","potions_obtained":[{"floor":1.0,"key":"Regen Potion"},{"floor":6.0,"key":"Fire Potion"},{"floor":8.0,"key":"Dexterity Potion"},{"floor":14.0,"key":"Weak Potion"},{"floor":16.0,"key":"AttackPotion"},{"floor":19.0,"key":"Explosive Potion"},{"floor":22,"key":"AttackPotion"},{"floor":29,"key":"Explosive Potion"},{"floor":33,"key":"Poison Potion"},{"floor":38,"key":"GamblersBrew"},{"floor":42,"key":"Dexterity Potion"},{"floor":46,"key":"SkillPotion"},{"floor":47,"key":"SneckoOil"}],"is_trial":false,"path_per_floor":["M","M","M","M","M","?","E","R","E","T","M","$","R","M","E","R","B",null,"M","?","T","?","M","R","E","?","T","R","E","?","$","M","R","B",null,"M","?","?","M","$","E","R","E","T","T","R","E","?","E","R","B",null,"R","$","E","B",null],"character_chosen":"THE_SILENT","items_purchased":["Lee\u0027s Waffle","Masterful Stab","Shuriken","Dodge and Roll","LiquidBronze"],"campfire_rested":2,"item_purchase_floors":[11,11,30,30,53],"current_hp_per_floor":[63,63,63,55,55,29,29,18,18,18,70,70,70,71,71,62,80,59,19,19,19,7,31,28,28,28,28,30,20,20,22,46,8,80,80,70,70,70,70,72,72,74,74,74,74,56,43,45,45,41,80,80,80,94,8],"gold":62,"neow_bonus":"ONE_RARE_RELIC","is_prod":false,"is_daily":false,"chose_seed":false,"campfire_upgraded":5,"win_rate":0,"timestamp":1542041322,"path_taken":["M","M","M","M","?","E","R","E","T","M","?","R","M","E","R","BOSS","M","?","?","?","M","R","E","?","T","R","E","?","$","M","R","BOSS","M","?","?","M","$","E","R","E","T","?","R","E","?","E","R","BOSS","R","$","E","BOSS"],"build_version":"2018-11-08","purchased_purges":3,"victory":true,"max_hp_per_floor":[63,63,63,63,63,63,63,63,63,63,70,70,70,80,80,80,80,80,80,80,80,80,80,80,80,80,80,80,80,80,80,80,80,80,80,80,80,80,80,80,80,80,80,80,80,80,80,80,80,80,80,80,80,94,94],"card_choices":[{"not_picked":["Prepared","Backflip"],"picked":"Heel Hook","floor":1.0},{"not_picked":["Quick Slash","Slice"],"picked":"Finisher","floor":1.0},{"not_picked":["Accuracy","Deadly Poison"],"picked":"Well Laid Plans","floor":2.0},{"not_picked":["Outmaneuver","Slice"],"picked":"Quick Slash","floor":2.0},{"not_picked":["Skewer","Acrobatics"],"picked":"PiercingWail","floor":3.0},{"not_picked":["Grand Finale","Choke"],"picked":"Deflect","floor":3.0},{"not_picked":["Well Laid Plans","Bane"],"picked":"Deflect","floor":4.0},{"not_picked":["Blade Dance","Tactician"],"picked":"Footwork","floor":4.0},{"not_picked":["Blade Dance","Calculated Gamble"],"picked":"Backstab","floor":6.0},{"not_picked":["Deflect","Acrobatics","Grand Finale"],"picked":"SKIP","floor":8.0},{"not_picked":["Poisoned Stab","Acrobatics"],"picked":"Escape Plan","floor":10.0},{"not_picked":["Expertise","All Out Attack"],"picked":"Backflip","floor":10.0},{"not_picked":["Acrobatics","Deadly Poison"],"picked":"Quick Slash","floor":13.0},{"not_picked":["Bouncing Flask","Choke"],"picked":"Footwork","floor":13.0},{"not_picked":["Outmaneuver","Bane"],"picked":"Sucker Punch","floor":14.0},{"not_picked":["Malaise","Grand Finale"],"picked":"Burst","floor":16.0},{"not_picked":["Quick Slash","Dagger Spray+1"],"picked":"Cloak And Dagger","floor":18.0},{"not_picked":["Outmaneuver+1","Bouncing Flask+1"],"picked":"Skewer+1","floor":18.0},{"not_picked":["Dodge and Roll","Crippling Poison+1"],"picked":"Cloak And Dagger","floor":22},{"not_picked":["Heel Hook","Predator"],"picked":"Flying Knee+1","floor":22},{"not_picked":["Setup+1","Sucker Punch"],"picked":"Cloak And Dagger+1","floor":24},{"not_picked":["Setup","Poisoned Stab+1"],"picked":"Leg Sweep","floor":28},{"not_picked":["Riddle With Holes","Crippling Poison"],"picked":"Cloak And Dagger","floor":29},{"not_picked":["Crippling Poison+1","Underhanded Strike"],"picked":"Die Die Die","floor":31},{"not_picked":["Backstab","Calculated Gamble+1"],"picked":"Cloak And Dagger+1","floor":31},{"not_picked":["Dodge and Roll","Blade Dance"],"picked":"Infinite Blades","floor":32},{"not_picked":["Envenom","Tools of the Trade"],"picked":"After Image","floor":33},{"not_picked":["Well Laid Plans+1","Eviscerate+1"],"picked":"Dodge and Roll+1","floor":35},{"not_picked":["Deflect","Quick Slash","Dagger Throw+1"],"picked":"SKIP","floor":35},{"not_picked":["Mind Blast","Swift Strike"],"picked":"Madness","floor":36},{"not_picked":["PanicButton","Discovery"],"picked":"Secret Weapon","floor":36},{"not_picked":["Bandage Up","Dark Shackles"],"picked":"Sadistic Nature","floor":36},{"not_picked":["Slice+1","Quick Slash"],"picked":"Concentrate+1","floor":38},{"not_picked":["Deflect","Slice+1","Catalyst"],"picked":"SKIP","floor":38},{"not_picked":["Infinite Blades+1","Sucker Punch+1","Slice"],"picked":"SKIP","floor":40},{"not_picked":["Backstab+1","Eviscerate+1","Calculated Gamble"],"picked":"Cloak And Dagger+1","floor":42},{"not_picked":["Unload","Prepared","Catalyst","Phantasmal Killer"],"picked":"SKIP","floor":46},{"not_picked":["Dodge and Roll+1","Sucker Punch","Heel Hook"],"picked":"Calculated Gamble+1","floor":48},{"not_picked":["Flying Knee+1","Tactician+1","Grand Finale","Accuracy"],"picked":"SKIP","floor":54}],"player_experience":900634,"relics_obtained":[{"floor":6.0,"key":"Whetstone"},{"floor":8.0,"key":"Juzu Bracelet"},{"floor":9.0,"key":"Bronze Scales"},{"floor":14.0,"key":"Pear"},{"floor":19.0,"key":"StoneCalendar"},{"floor":19.0,"key":"Kunai"},{"floor":20.0,"key":"War Paint"},{"floor":24,"key":"PreservedInsect"},{"floor":24,"key":"Blood Vial"},{"floor":26,"key":"Ancient Tea Set"},{"floor":28,"key":"Pen Nib"},{"floor":28,"key":"Dream Catcher"},{"floor":29,"key":"Red Mask"},{"floor":40,"key":"Matryoshka"},{"floor":40,"key":"Question Card"},{"floor":42,"key":"Girya"},{"floor":42,"key":"Nunchaku"},{"floor":43,"key":"Boot"},{"floor":44,"key":"Orichalcum"},{"floor":44,"key":"Potion Belt"},{"floor":46,"key":"Vajra"},{"floor":46,"key":"Bag of Preparation"},{"floor":47,"key":"Turnip"},{"floor":48,"key":"Art of War"},{"floor":48,"key":"Bag of Marbles"},{"floor":54,"key":"Thread and Needle"},{"floor":54,"key":"Mango"}],"event_choices":[{"damage_healed":0.0,"max_hp_gain":0.0,"max_hp_loss":0.0,"gold_gain":0.0,"event_name":"Living Wall","player_choice":"Grow","floor":5.0,"gold_loss":0.0,"damage_taken":0.0,"cards_upgraded":["Finisher"]},{"damage_healed":0.0,"max_hp_gain":0.0,"max_hp_loss":0.0,"gold_gain":0.0,"event_name":"Colosseum","player_choice":"Fight","floor":19.0,"gold_loss":0.0,"damage_taken":0.0},{"damage_healed":0.0,"max_hp_gain":0.0,"max_hp_loss":0.0,"gold_gain":0.0,"event_name":"Colosseum","player_choice":"Fought Nobs","floor":19.0,"gold_loss":0.0,"damage_taken":0.0},{"damage_healed":0.0,"max_hp_gain":0.0,"max_hp_loss":0.0,"gold_gain":0.0,"event_name":"Forgotten Altar","player_choice":"Smashed Altar","floor":21.0,"gold_loss":0.0,"damage_taken":0.0,"cards_obtained":["Decay"]},{"damage_healed":0,"gold_gain":0,"player_choice":"Bet on Owner","damage_taken":0,"max_hp_gain":0,"max_hp_loss":0,"event_name":"The Joust","floor":25,"gold_loss":50},{"damage_healed":0,"gold_gain":0,"player_choice":"Fought Bandits","damage_taken":0,"max_hp_gain":0,"max_hp_loss":0,"event_name":"Masked Bandits","floor":29,"gold_loss":0},{"damage_healed":0,"gold_gain":0,"player_choice":"Memory 3","damage_taken":10,"max_hp_gain":0,"max_hp_loss":0,"event_name":"SensoryStone","floor":36,"gold_loss":0},{"cards_removed":["Masterful Stab"],"damage_healed":0,"gold_gain":0,"player_choice":"Removed Attack","damage_taken":0,"max_hp_gain":0,"max_hp_loss":0,"event_name":"Falling","floor":37,"gold_loss":0},{"damage_healed":0,"gold_gain":0,"player_choice":"Fight","damage_taken":0,"max_hp_gain":0,"max_hp_loss":0,"event_name":"Mysterious Sphere","floor":47,"gold_loss":0}],"is_beta":true,"boss_relics":[{"not_picked":["Velvet Choker","Calling Bell"],"picked":"Black Star"},{"not_picked":["Coffee Dripper","Pandora\u0027s Box"],"picked":"Philosopher\u0027s Stone"}],"items_purged_floors":[30,39,53],"is_endless":false,"potions_floor_spawned":[1,6,8,14,16,19,22,29,33,38,42,46,47],"ascension_level":1}