{"gold_per_floor":[111,127,139,155,175,208,228,228,253,253,284,295,353,353,353,453,453,473,487,587,22,22,22,41,41,41,76,102,128,128,148,148,250,250,263,263,277,20,71,71,91,122,122,122],"floor_reached":44,"playtime":3178,"items_purged":[],"score":563,"play_id":"f82f9d0f-0beb-416b-803d-991da10b97e5","local_time":"20190202002104","is_ascension_mode":true,"campfire_choices":[{"floor":8,"key":"REST"},{"floor":10,"key":"REST"},{"data":"strawberrySpire:Insectonator","floor":15,"key":"SMITH"},{"data":"Cloak And Dagger","floor":23,"key":"SMITH"},{"data":"Backstab","floor":25,"key":"SMITH"},{"data":"Cloak And Dagger","floor":30,"key":"SMITH"},{"data":"Dash","floor":32,"key":"SMITH"},{"data":"Discovery","floor":40,"key":"SMITH"}],"neow_cost":"NONE","seed_source_timestamp":444253450713746,"circlet_count":0,"master_deck":["Defend_G","Defend_G","Defend_G","Strike_G","Strike_G","Strike_G","Strike_G+1","Survivor","Neutralize","Dagger Spray","Blade Dance","Quick Slash+1","Dodge and Roll","strawberrySpire:Slide","Envenom+1","Well Laid Plans","Masterful Stab","strawberrySpire:Insectonator+1","Bouncing Flask","Glass Knife","Crippling Poison","Cloak And Dagger+1","Footwork+1","Backstab+1","Bullet Time","Unload","Flying Knee","After Image+1","Cloak And Dagger+1","Dash+1","Night Terror","Thinking Ahead","Discovery+1","strawberrySpire:Flashback","Predator+1","Setup+1","Deflect","Finisher"],"relics":["Ring of the Snake","Pen Nib","PreservedInsect","Frozen Egg 2","Omamori","strawberrySpire:SolarisEssence","strawberrySpire:ByrdBeak","theJungle:SpiritDisease","Spirit Poop","Centennial Puzzle","Orichalcum","Whetstone","strawberrySpire:Dictionifier","Question Card","Ice Cream","Unceasing Top","Toxic Egg 2"],"potions_floor_usage":[4,6,11,12,16,33,39,42],"damage_taken":[{"damage":8,"enemies":"Jaw Worm","floor":1,"turns":6},{"damage":0,"enemies":"Small Slimes","floor":2,"turns":2},{"damage":0,"enemies":"Cultist","floor":3,"turns":4},{"damage":19,"enemies":"Exordium Wildlife","floor":4,"turns":5},{"damage":2,"enemies":"Exordium Thugs","floor":5,"turns":6},{"damage":52,"enemies":"Lagavulin","floor":6,"turns":10},{"damage":3,"enemies":"Large Slime","floor":7,"turns":7},{"damage":2,"enemies":"Gremlin Nob","floor":11,"turns":3},{"damage":10,"enemies":"Looter","floor":12,"turns":3},{"damage":14,"enemies":"Gremlin Nob","floor":13,"turns":3},{"damage":12,"enemies":"The Guardian","floor":16,"turns":8},{"damage":16,"enemies":"theJungle:GiantWrat","floor":18,"turns":4},{"damage":16,"enemies":"theJungle:MUSHROOMGANG","floor":19,"turns":3},{"damage":0,"enemies":"theJungle:JungleHuntersEncounter","floor":24,"turns":5},{"damage":0,"enemies":"theJungle:MamaSnecko","floor":27,"turns":3},{"damage":4,"enemies":"theJungle:Cassacara","floor":29,"turns":5},{"damage":9,"enemies":"theJungle:2_Snecko_Cultists","floor":31,"turns":3},{"damage":14,"enemies":"theJungle:FunGuy","floor":33,"turns":12},{"damage":9,"enemies":"3 Darklings","floor":35,"turns":5},{"damage":5,"enemies":"3 Shapes","floor":37,"turns":3},{"damage":5,"enemies":"2 Orb Walkers","floor":39,"turns":4},{"damage":6,"enemies":"Writhing Mass","floor":41,"turns":4},{"damage":9,"enemies":"Nemesis","floor":42,"turns":6},{"damage":37,"enemies":"strawberrySpire:EssenceStones","floor":44,"turns":3}],"seed_played":"-1822232705897345375","potions_obtained":[{"floor":1,"key":"Swift Potion"},{"floor":2,"key":"Regen Potion"},{"floor":4,"key":"Poison Potion"},{"floor":7,"key":"Poison Potion"},{"floor":12,"key":"Fire Potion"},{"floor":18,"key":"EssenceOfSteel"},{"floor":19,"key":"Strength Potion"},{"floor":35,"key":"GhostInAJar"},{"floor":39,"key":"PowerPotion"}],"is_trial":false,"path_per_floor":["M","M","M","M","M","E","M","R","T","R","E","M","?","?","R","B",null,"M","M","?","$","?","R","M","R","T","E","T","E","R","M","R","B",null,"M","?","M","$","?","R","M","E","T","E"],"character_chosen":"THE_SILENT","items_purchased":["Footwork+1","Backstab","Bullet Time","strawberrySpire:ByrdBeak","Unload","Question Card"],"campfire_rested":2,"item_purchase_floors":[21,21,21,21,21,38],"current_hp_per_floor":[69,69,69,64,62,10,7,30,30,53,51,41,27,27,27,15,77,61,45,40,40,40,40,40,40,40,40,40,36,36,27,27,13,77,68,58,53,53,48,48,42,33,33,0],"gold":122,"neow_bonus":"TEN_PERCENT_HP_BONUS","is_prod":false,"is_daily":false,"chose_seed":false,"campfire_upgraded":6,"win_rate":0,"timestamp":1549056064,"path_taken":["M","M","M","M","M","E","M","R","T","R","E","M","?","?","R","BOSS","M","M","?","?","?","R","M","R","T","E","?","E","R","M","R","BOSS","M","?","M","$","?","R","M","E","T","E"],"build_version":"2019-01-23","purchased_purges":0,"victory":false,"max_hp_per_floor":[77,77,77,77,77,77,77,77,77,77,77,77,77,77,77,77,77,77,77,77,77,77,77,77,77,77,77,77,77,77,77,77,77,77,77,77,77,77,77,77,77,77,77,77],"card_choices":[{"not_picked":["Finisher","Masterful Stab"],"picked":"Dagger Spray","floor":1},{"not_picked":["All Out Attack","strawberrySpire:Pant"],"picked":"Blade Dance","floor":2},{"not_picked":["Concentrate","strawberrySpire:SideSwipe"],"picked":"Quick Slash","floor":3},{"not_picked":["PiercingWail","strawberrySpire:Urgency"],"picked":"Dodge and Roll","floor":4},{"not_picked":["Eviscerate","Calculated Gamble"],"picked":"strawberrySpire:Slide","floor":5},{"not_picked":["strawberrySpire:HopSkipAndJump","Dagger Throw"],"picked":"Envenom","floor":6},{"not_picked":["strawberrySpire:Rummage","Acrobatics"],"picked":"Well Laid Plans","floor":7},{"not_picked":["strawberrySpire:Rummage","Dagger Throw"],"picked":"Masterful Stab","floor":11},{"not_picked":["Concentrate","Deflect"],"picked":"strawberrySpire:Insectonator","floor":12},{"not_picked":["Deflect","Calculated Gamble"],"picked":"Bouncing Flask","floor":13},{"not_picked":["Bullet Time","Tools of the Trade+1"],"picked":"Glass Knife","floor":16},{"not_picked":["Bane","Catalyst"],"picked":"Crippling Poison","floor":18},{"not_picked":["Sucker Punch+1","Acrobatics"],"picked":"Cloak And Dagger","floor":19},{"not_picked":["Acrobatics","Backflip"],"picked":"Flying Knee","floor":24},{"not_picked":["Dagger Throw+1","Reflex"],"picked":"After Image+1","floor":27},{"not_picked":["Flying Knee","Dagger Spray"],"picked":"Cloak And Dagger","floor":29},{"not_picked":["Poisoned Stab+1","Dagger Throw"],"picked":"Dash","floor":31},{"not_picked":["Die Die Die","strawberrySpire:Lockstep+1"],"picked":"Night Terror","floor":33},{"not_picked":["Dagger Throw+1","strawberrySpire:DeltaFlow","Flying Knee"],"picked":"SKIP","floor":35},{"not_picked":["PanicButton","Enlightenment"],"picked":"Thinking Ahead","floor":36},{"not_picked":["strawberrySpire:ExtraUtilities","Chrysalis"],"picked":"Discovery","floor":36},{"not_picked":["Metamorphosis","Flash of Steel"],"picked":"strawberrySpire:Flashback","floor":36},{"not_picked":["Outmaneuver+1","Flechettes"],"picked":"Predator+1","floor":37},{"not_picked":["strawberrySpire:Swampstar+1","Dagger Throw","Predator"],"picked":"Setup+1","floor":39},{"not_picked":["Dagger Throw+1","Outmaneuver","strawberrySpire:Grapple+1"],"picked":"Deflect","floor":41},{"not_picked":["Masterful Stab","strawberrySpire:Momentum+1","Poisoned Stab+1"],"picked":"Finisher","floor":42}],"player_experience":1117658,"relics_obtained":[{"floor":6,"key":"Pen Nib"},{"floor":9,"key":"PreservedInsect"},{"floor":11,"key":"Frozen Egg 2"},{"floor":13,"key":"Omamori"},{"floor":26,"key":"Spirit Poop"},{"floor":27,"key":"Centennial Puzzle"},{"floor":28,"key":"Orichalcum"},{"floor":29,"key":"Whetstone"},{"floor":39,"key":"Ice Cream"},{"floor":42,"key":"Unceasing Top"},{"floor":43,"key":"Toxic Egg 2"}],"event_choices":[{"damage_healed":0,"gold_gain":0,"player_choice":"Searched \u00271\u0027 times","damage_taken":0,"max_hp_gain":0,"max_hp_loss":0,"event_name":"Dead Adventurer","floor":13,"gold_loss":0},{"damage_healed":0,"gold_gain":0,"player_choice":"Grow","damage_taken":0,"max_hp_gain":0,"max_hp_loss":0,"event_name":"Living Wall","floor":14,"gold_loss":0,"cards_upgraded":["Envenom"]},{"damage_healed":0,"gold_gain":0,"player_choice":"Memory 3","damage_taken":10,"max_hp_gain":0,"max_hp_loss":0,"event_name":"SensoryStone","floor":36,"gold_loss":0},{"damage_healed":0,"gold_gain":0,"player_choice":"Fight","damage_taken":0,"max_hp_gain":0,"max_hp_loss":0,"event_name":"Mysterious Sphere","floor":39,"gold_loss":0}],"is_beta":true,"boss_relics":[{"not_picked":["Fusion Hammer","Ectoplasm"],"picked":"strawberrySpire:SolarisEssence"},{"not_picked":["White Beast Statue","HoveringKite"],"picked":"strawberrySpire:Dictionifier"}],"items_purged_floors":[],"is_endless":false,"potions_floor_spawned":[1,2,4,7,12,18,19,35,39],"killed_by":"strawberrySpire:EssenceStones","ascension_level":1}