{"gold_per_floor":[110,110,35,110,110,110,30,30,30,56,56,118,146,96,96,192,242,261,98,122,221,52,109,150,150,224,224,251,277,277,303,303,407,407,426,426,33,33,104,139,139,165,192,52,80,113,148,164,164,164],"floor_reached":51,"playtime":2661,"items_purged":["Strike_R","Strike_G","Defend_B","Defend_G","Defend_R+1"],"score":1343,"play_id":"9c0d486a-b6ef-4f21-94f9-235e16804512","local_time":"20180928072308","daily_mods":["SealedDeck","Chimera","Heirloom","Time Dilation","Flight","Elite Swarm","Colorless Cards"],"is_ascension_mode":false,"campfire_choices":[{"floor":6,"key":"REST"},{"data":"Zap","floor":8,"key":"SMITH"},{"data":"Prepared","floor":11,"key":"SMITH"},{"data":"Secret Weapon","floor":15,"key":"SMITH"},{"data":"Mayhem","floor":25,"key":"SMITH"},{"data":"Metamorphosis","floor":30,"key":"SMITH"},{"data":"Jack Of All Trades","floor":32,"key":"SMITH"},{"data":"Apotheosis","floor":49,"key":"SMITH"}],"neow_cost":"","seed_source_timestamp":0,"circlet_count":0,"master_deck":["Survivor","Zap+1","Good Instincts","Panacea","Deflect","Prepared+1","Slice","Escape Plan","Swift Strike+1","Dagger Spray+1","Jack Of All Trades+1","Cloak And Dagger","After Image","Secret Technique","Secret Weapon+1","Metamorphosis","Good Instincts","Well Laid Plans","Mayhem+1","Panache","Metamorphosis+1","Panache+1","Mayhem+1","Sadistic Nature+1","Mayhem+1","After Image+1","Sadistic Nature+1","Malaise","Dramatic Entrance+1","Magnetism+1","Sadistic Nature+1","Apotheosis+1","Secret Weapon","Thinking Ahead","Tools of the Trade+1","Impatience+1"],"relics":["Unceasing Top","Pocketwatch","The Courier","Pantograph","Regal Pillow","Tiny Chest","Whetstone","Tiny House","Lantern","Blood Vial","Gremlin Horn","Ornamental Fan","Frozen Egg 2","Ice Cream","Bottled Tornado","WristBlade","Vajra","Shuriken","Molten Egg 2","Sundial","Strawberry","FossilizedHelix","Dodecahedron","Dead Branch"],"potions_floor_usage":[23,24,31,40,50,50,50],"damage_taken":[{"damage":12,"enemies":"Small Slimes","floor":1,"turns":3},{"damage":7,"enemies":"Lagavulin","floor":10,"turns":7},{"damage":0,"enemies":"3 Sentries","floor":12,"turns":6},{"damage":0,"enemies":"Lagavulin","floor":13,"turns":6},{"damage":0,"enemies":"Slime Boss","floor":16,"turns":8},{"damage":0,"enemies":"Chosen","floor":18,"turns":3},{"damage":10,"enemies":"Slavers","floor":23,"turns":4},{"damage":0,"enemies":"Gremlin Leader","floor":24,"turns":3},{"damage":3,"enemies":"Slavers","floor":28,"turns":2},{"damage":0,"enemies":"Gremlin Leader","floor":29,"turns":3},{"damage":0,"enemies":"Book of Stabbing","floor":31,"turns":3},{"damage":0,"enemies":"Automaton","floor":33,"turns":4},{"damage":0,"enemies":"Orb Walker","floor":35,"turns":1},{"damage":13,"enemies":"2 Orb Walkers","floor":40,"turns":3},{"damage":1,"enemies":"Giant Head","floor":42,"turns":5},{"damage":7,"enemies":"2 Orb Walkers","floor":45,"turns":3},{"damage":0,"enemies":"Nemesis","floor":46,"turns":5},{"damage":0,"enemies":"Giant Head","floor":47,"turns":4},{"damage":0,"enemies":"3 Darklings","floor":48,"turns":1},{"damage":0,"enemies":"Awakened One","floor":50,"turns":5}],"seed_played":"2504498525495439007","potions_obtained":[{"floor":10,"key":"Dexterity Potion"},{"floor":13,"key":"Weak Potion"},{"floor":16,"key":"Weak Potion"},{"floor":23,"key":"Swift Potion"},{"floor":24,"key":"Block Potion"},{"floor":27,"key":"Strength Potion"},{"floor":27,"key":"Dexterity Potion"},{"floor":28,"key":"SteroidPotion"},{"floor":31,"key":"SkillPotion"},{"floor":35,"key":"PowerPotion"},{"floor":45,"key":"Energy Potion"}],"is_trial":true,"path_per_floor":["M","?","$","?","?","R","$","R","T","E","R","E","E","?","R","B",null,"M","$","T","?","$","E","E","R","T","?","E","E","R","E","R","B",null,"M","?","$","?","T","E","?","E","T","$","E","E","E","M","R","B"],"character_chosen":"THE_SILENT","items_purchased":["Well Laid Plans","Mayhem","Vajra","Sadistic Nature+1"],"campfire_rested":1,"item_purchase_floors":[19,22,37,37],"current_hp_per_floor":[58,51,51,40,22,43,43,43,43,36,36,36,36,36,36,61,75,75,75,75,75,75,65,67,67,67,67,66,68,68,70,70,75,75,75,75,75,75,75,62,52,53,60,60,55,57,59,61,61,82],"gold":164,"neow_bonus":"","is_prod":false,"is_daily":false,"chose_seed":false,"campfire_upgraded":7,"win_rate":0,"timestamp":1538108588,"path_taken":["M","?","$","?","?","R","$","R","T","E","R","E","E","?","R","BOSS","M","$","?","?","$","E","E","R","T","?","E","E","R","E","R","BOSS","M","?","$","?","?","E","?","E","T","$","E","E","E","M","R","BOSS"],"build_version":"2018-09-26v2","purchased_purges":5,"victory":true,"max_hp_per_floor":[70,70,70,70,70,70,70,70,70,70,70,70,70,70,70,70,75,75,75,75,75,75,75,75,75,75,75,75,75,75,75,75,75,75,75,75,75,75,75,75,75,75,82,82,82,82,82,82,82,82],"card_choices":[{"not_picked":["Poisoned Stab","Backflip","Dodge and Roll"],"picked":"SKIP","floor":1},{"not_picked":["HandOfGreed","Apotheosis"],"picked":"After Image","floor":10},{"not_picked":["Chrysalis","Malaise"],"picked":"Secret Technique","floor":12},{"not_picked":["Tools of the Trade","Secret Technique"],"picked":"Secret Weapon","floor":13},{"not_picked":["Chrysalis","Panache"],"picked":"Metamorphosis","floor":16},{"not_picked":["Poisoned Stab","Predator"],"picked":"Good Instincts","floor":17},{"not_picked":["Bane+1","Crippling Poison","Acrobatics"],"picked":"SKIP","floor":18},{"not_picked":["Apotheosis","Sadistic Nature"],"picked":"Panache","floor":23},{"not_picked":["Venomology","Phantasmal Killer"],"picked":"Metamorphosis","floor":24},{"not_picked":["Storm of Steel","Phantasmal Killer"],"picked":"Panache","floor":28},{"not_picked":["Secret Weapon","Transmutation"],"picked":"Mayhem+1","floor":29},{"not_picked":["Malaise","Master of Strategy"],"picked":"Sadistic Nature+1","floor":31},{"not_picked":["Bullet Time","Venomology"],"picked":"Mayhem+1","floor":33},{"not_picked":["Acrobatics+1","PanicButton"],"picked":"Underhanded Strike","floor":35},{"not_picked":["Metamorphosis","Burst"],"picked":"Malaise","floor":40},{"not_picked":["PanicButton","Mayhem+1"],"picked":"Dramatic Entrance+1","floor":41},{"not_picked":["Sadistic Nature+1","Dramatic Entrance+1"],"picked":"Magnetism+1","floor":41},{"not_picked":["Chrysalis","Mayhem+1"],"picked":"Sadistic Nature+1","floor":41},{"not_picked":["Transmutation","A Thousand Cuts+1"],"picked":"Apotheosis","floor":42},{"not_picked":["Venomology","Unload+1"],"picked":"Secret Weapon","floor":45},{"not_picked":["Secret Technique","Metamorphosis"],"picked":"Thinking Ahead","floor":46},{"not_picked":["Bullet Time","Envenom+1"],"picked":"Tools of the Trade+1","floor":47},{"not_picked":["Poisoned Stab+1","Dagger Spray+1"],"picked":"Impatience+1","floor":48}],"player_experience":725382,"relics_obtained":[{"floor":9,"key":"Pantograph"},{"floor":10,"key":"Regal Pillow"},{"floor":12,"key":"Tiny Chest"},{"floor":13,"key":"Whetstone"},{"floor":20,"key":"Lantern"},{"floor":23,"key":"Blood Vial"},{"floor":24,"key":"Gremlin Horn"},{"floor":26,"key":"Ornamental Fan"},{"floor":28,"key":"Frozen Egg 2"},{"floor":29,"key":"Ice Cream"},{"floor":31,"key":"Bottled Tornado"},{"floor":39,"key":"Shuriken"},{"floor":40,"key":"Molten Egg 2"},{"floor":42,"key":"Sundial"},{"floor":43,"key":"Strawberry"},{"floor":45,"key":"FossilizedHelix"},{"floor":46,"key":"Dodecahedron"},{"floor":47,"key":"Dead Branch"}],"event_choices":[{"event_name":"Golden Wing","player_choice":"Card Removal","floor":2,"damage_taken":0},{"event_name":"World of Goop","player_choice":"Gather Gold","floor":4,"damage_taken":0},{"event_name":"Scrap Ooze","player_choice":"success","floor":5,"damage_taken":18},{"event_name":"The Cleric","player_choice":"Card Removal","floor":14,"damage_taken":0},{"event_name":"Nest","player_choice":"Stole From Cult","floor":21,"damage_taken":0},{"event_name":"The Lab","player_choice":"Got Potions","floor":27,"damage_taken":0},{"event_name":"Duplicator","player_choice":"One dupe","floor":36,"damage_taken":0},{"event_name":"Falling","player_choice":"Removed Attack","floor":38,"damage_taken":0},{"event_name":"SensoryStone","player_choice":"Memory 3","floor":41,"damage_taken":0}],"is_beta":true,"boss_relics":[{"not_picked":["Calling Bell","Runic Dome"],"picked":"Tiny House"},{"not_picked":["Lizard Tail","Runic Pyramid"],"picked":"WristBlade"}],"items_purged_floors":[3,7,19,37,44],"is_endless":false,"potions_floor_spawned":[10,13,16,23,24,28,31,33,35,45,46,48],"ascension_level":0}