{"gold_per_floor":[113,288,9,29,49,82,82,157,157,167,10,23,23,33,33,135,135,148,148,63,91,103],"floor_reached":22,"playtime":1649,"items_purged":["Doubt"],"score":279,"play_id":"c1c0aa2e-27b3-4b06-973f-90f6dd72d3c0","local_time":"20190729100652","is_ascension_mode":true,"campfire_choices":[{"data":"Armaments","floor":7.0,"key":"SMITH"},{"floor":15.0,"key":"REST"}],"neow_cost":"TEN_PERCENT_HP_LOSS","seed_source_timestamp":592972889166600,"circlet_count":0,"master_deck":["AscendersBane","Strike_R","Strike_R","Defend_R","Defend_R","Defend_R","Defend_R","Bash","Combust","Shrug It Off","Spot Weakness","Armaments+1","Clothesline","Pommel Strike","Inflame","Warcry","Hemokinesis","Flame Barrier","Feed","Metallicize+1"],"special_seed":0,"relics":["Burning Blood","Ancient Tea Set","Blue Candle","The Courier","ClockworkSouvenir","Runic Cube","MawBank"],"potions_floor_usage":[],"damage_taken":[{"damage":5.0,"enemies":"Small Slimes","floor":1.0,"turns":4.0},{"damage":3.0,"enemies":"Jaw Worm","floor":4.0,"turns":5.0},{"damage":1.0,"enemies":"2 Louse","floor":5.0,"turns":3.0},{"damage":31.0,"enemies":"Lagavulin","floor":6.0,"turns":8.0},{"damage":0.0,"enemies":"Large Slime","floor":10.0,"turns":7.0},{"damage":14.0,"enemies":"3 Louse","floor":12.0,"turns":5.0},{"damage":7.0,"enemies":"Exordium Thugs","floor":14.0,"turns":6.0},{"damage":34,"enemies":"Slime Boss","floor":16,"turns":9},{"damage":35,"enemies":"Spheric Guardian","floor":18,"turns":16},{"damage":29,"enemies":"3 Byrds","floor":21,"turns":4},{"damage":0,"enemies":"3 Cultists","floor":22,"turns":2}],"seed_played":"521573555302729737","potions_obtained":[{"floor":1.0,"key":"Ancient Potion"},{"floor":6.0,"key":"Poison Potion"},{"floor":12.0,"key":"Ancient Potion"},{"floor":21,"key":"SteroidPotion"}],"is_trial":false,"path_per_floor":["M","?","$","M","M","E","R","?","T","M","$","M","?","M","R","B",null,"M","?","?","M","M"],"character_chosen":"IRONCLAD","items_purchased":["Ancient Tea Set","Armaments","ClockworkSouvenir"],"campfire_rested":1,"item_purchase_floors":[3,3,11],"current_hp_per_floor":[72,72,72,72,72,47,47,36,36,42,42,34,34,33,54,26,61,36,36,36,13,13],"gold":103,"neow_bonus":"TRANSFORM_TWO_CARDS","is_prod":false,"is_daily":false,"chose_seed":false,"campfire_upgraded":1,"win_rate":0,"timestamp":1564412812,"path_taken":["M","?","$","M","M","E","R","?","T","M","$","M","?","M","R","BOSS","M","?","?","M","M"],"build_version":"2019-07-17","purchased_purges":1,"victory":false,"max_hp_per_floor":[72,72,72,72,72,72,72,72,72,72,72,72,72,72,72,72,72,76,76,76,76,76],"card_choices":[{"not_picked":["Headbutt","Perfected Strike"],"picked":"Spot Weakness","floor":1.0},{"not_picked":["True Grit","Thunderclap"],"picked":"Clothesline","floor":4.0},{"not_picked":["Whirlwind","Second Wind"],"picked":"Pommel Strike","floor":5.0},{"not_picked":["Sword Boomerang","True Grit"],"picked":"Inflame","floor":6.0},{"not_picked":["Dark Embrace","Reckless Charge"],"picked":"Warcry","floor":10.0},{"not_picked":["Bloodletting","Warcry"],"picked":"Hemokinesis","floor":12.0},{"not_picked":["Clash","Shrug It Off"],"picked":"Flame Barrier","floor":14.0},{"not_picked":["Bludgeon","Demon Form"],"picked":"Feed","floor":16},{"not_picked":["Reckless Charge","Inflame+1"],"picked":"Metallicize+1","floor":18},{"not_picked":["Heavy Blade","Twin Strike+1","Armaments"],"picked":"SKIP","floor":21}],"player_experience":309486,"relics_obtained":[{"floor":6.0,"key":"Blue Candle"},{"floor":9.0,"key":"The Courier"}],"event_choices":[{"damage_healed":0.0,"max_hp_gain":0.0,"max_hp_loss":0.0,"gold_gain":175.0,"event_name":"Liars Game","player_choice":"AGREE","floor":2.0,"gold_loss":0.0,"damage_taken":0.0,"cards_obtained":["Doubt"]},{"damage_healed":0.0,"max_hp_gain":0.0,"max_hp_loss":0.0,"gold_gain":75.0,"event_name":"World of Goop","player_choice":"Gather Gold","floor":8.0,"gold_loss":0.0,"damage_taken":11.0},{"cards_removed":["Strike_R"],"damage_healed":0.0,"max_hp_gain":0.0,"max_hp_loss":0.0,"gold_gain":0.0,"event_name":"Living Wall","player_choice":"Forget","floor":13.0,"gold_loss":0.0,"damage_taken":0.0},{"damage_healed":0,"gold_gain":0,"player_choice":"Ignored","damage_taken":0,"max_hp_gain":0,"max_hp_loss":0,"event_name":"Beggar","floor":19,"gold_loss":0},{"damage_healed":0,"gold_gain":0,"player_choice":"Obtained Relic","damage_taken":0,"relics_obtained":["MawBank"],"max_hp_gain":0,"max_hp_loss":0,"event_name":"Addict","floor":20,"gold_loss":85}],"is_beta":false,"boss_relics":[{"not_picked":["Cursed Key","White Beast Statue"],"picked":"Runic Cube"}],"items_purged_floors":[3],"is_endless":false,"potions_floor_spawned":[1,6,12,21],"killed_by":"3 Cultists","ascension_level":10}