{"gold_per_floor":[110,123,298,316,329,364,364,364,364,364,434,453,453,478,478,580,580,597,14,49,49,49,49,66,95,95,95,107,142,167,195,207,315,327,357,380,392,22,22,52,52,52,52,66,26,26,79,2,2,2],"floor_reached":51,"playtime":2300,"items_purged":["Doubt"],"score":799,"play_id":"017aed2a-1427-4df4-8681-06a84748c03f","local_time":"20181015140856","is_ascension_mode":false,"campfire_choices":[{"floor":7.0,"key":"REST"},{"data":"1","floor":13.0,"key":"LIFT"},{"floor":15.0,"key":"REST"},{"data":"Burst","floor":23.0,"key":"SMITH"},{"data":"2","floor":28.0,"key":"LIFT"},{"data":"3","floor":32.0,"key":"LIFT"},{"floor":41.0,"key":"REST"},{"floor":46.0,"key":"REST"},{"data":"Blade Dance","floor":49.0,"key":"SMITH"}],"neow_cost":"CURSE","seed_source_timestamp":0,"circlet_count":0,"master_deck":["Defend_G","Defend_G","Defend_G","Defend_G","Defend_G","Strike_G","Strike_G","Strike_G+1","Strike_G","Survivor+1","Neutralize","Burst+1","Blade Dance+1","Riddle With Holes","Choke","Backflip","Endless Agony","Dodge and Roll+1","Cloak And Dagger+1","Adrenaline+1","Dash+1","Jack Of All Trades+1","Cloak And Dagger+1","Ghostly+1","Ghostly+1","Ghostly+1","Ghostly+1","Ghostly+1","Bouncing Flask+1","Blur+1","Backstab","Endless Agony","Glass Knife","Dash+1","Riddle With Holes+1","Escape Plan+1","Master of Strategy+1","Deadly Poison+1","Deep Breath+1","Jack Of All Trades+1","Violence+1","Catalyst+1","Cloak And Dagger+1","Backstab+1","Catalyst+1","Slice","Dash+1","Jack Of All Trades+1"],"special_seed":0,"relics":["Ring of the Snake","Toxic Egg 2","Girya","The Specimen","Lizard Tail","Lee\u0027s Waffle","Snake Skull","Red Mask","Blood Vial","The Courier","MawBank","Pen Nib","WristBlade","Vajra","Bird Faced Urn","Turnip","Prayer Wheel","Incense Burner"],"potions_floor_usage":[50,50,50],"damage_taken":[{"damage":0.0,"enemies":"2 Louse","floor":1.0,"turns":4.0},{"damage":7.0,"enemies":"Jaw Worm","floor":2.0,"turns":5.0},{"damage":0.0,"enemies":"Small Slimes","floor":4.0,"turns":3.0},{"damage":1.0,"enemies":"3 Louse","floor":5.0,"turns":5.0},{"damage":36.0,"enemies":"3 Sentries","floor":6.0,"turns":8.0},{"damage":3.0,"enemies":"Large Slime","floor":12.0,"turns":6.0},{"damage":18.0,"enemies":"Lagavulin","floor":14.0,"turns":5.0},{"damage":7.0,"enemies":"Slime Boss","floor":16.0,"turns":8.0},{"damage":6.0,"enemies":"Shell Parasite","floor":18.0,"turns":4.0},{"damage":7.0,"enemies":"Masked Bandits","floor":20.0,"turns":3.0},{"damage":0.0,"enemies":"Spheric Guardian","floor":24.0,"turns":4.0},{"damage":5.0,"enemies":"Book of Stabbing","floor":25.0,"turns":7.0},{"damage":0.0,"enemies":"Snake Plant","floor":30.0,"turns":6.0},{"damage":1.0,"enemies":"Sentry and Sphere","floor":31.0,"turns":4.0},{"damage":9.0,"enemies":"Automaton","floor":33.0,"turns":9.0},{"damage":0.0,"enemies":"3 Shapes","floor":35.0,"turns":2.0},{"damage":1.0,"enemies":"3 Darklings","floor":36.0,"turns":5.0},{"damage":18.0,"enemies":"Nemesis","floor":40.0,"turns":7.0},{"damage":0.0,"enemies":"Mind Bloom Boss Battle","floor":42.0,"turns":1.0},{"damage":0.0,"enemies":"Reptomancer","floor":44.0,"turns":4.0},{"damage":0.0,"enemies":"Mysterious Sphere","floor":47.0,"turns":4.0},{"damage":8,"enemies":"Awakened One","floor":50,"turns":13}],"seed_played":"-5605165573356315189","potions_obtained":[{"floor":4.0,"key":"Strength Potion"},{"floor":14.0,"key":"SteroidPotion"},{"floor":20.0,"key":"Ancient Potion"},{"floor":24.0,"key":"Dexterity Potion"},{"floor":25.0,"key":"GamblersBrew"},{"floor":36.0,"key":"SpeedPotion"},{"floor":42.0,"key":"Ancient Potion"},{"floor":47.0,"key":"Dexterity Potion"}],"is_trial":false,"path_per_floor":["M","M","?","M","M","E","R","?","T","?","?","M","R","E","R","B",null,"M","$","?","?","?","R","M","E","T","?","R","T","M","M","R","B",null,"M","M","?","$","?","E","R","?","T","M","$","R","?","$","R","B"],"character_chosen":"THE_SILENT","items_purchased":["Lee\u0027s Waffle","Jack Of All Trades+1","Snake Skull","Noxious Fumes","Vajra","Escape Plan+1","Master of Strategy+1","Deadly Poison+1","Slice","Jack Of All Trades+1"],"campfire_rested":4,"item_purchase_floors":[19,19,19,19,38,38,38,38,45,48],"current_hp_per_floor":[70,63,63,63,62,26,47,33,33,33,33,30,30,12,33,26,70,64,77,70,38,38,38,38,33,33,33,33,33,35,36,36,29,38,38,37,37,37,27,11,22,24,24,26,26,37,38,38,38,31],"gold":2,"neow_bonus":"THREE_RARE_CARDS","is_prod":false,"is_daily":false,"chose_seed":false,"campfire_upgraded":2,"win_rate":0,"timestamp":1539601736,"path_taken":["M","M","?","M","M","E","R","?","T","?","?","M","R","E","R","BOSS","M","$","?","?","?","R","?","E","T","?","R","?","M","M","R","BOSS","M","M","?","$","?","E","R","?","T","M","?","R","?","$","R","BOSS"],"build_version":"2018-10-11","purchased_purges":1,"victory":true,"max_hp_per_floor":[70,70,70,70,70,70,70,70,70,70,70,70,70,70,70,70,70,70,77,77,38,38,38,38,38,38,38,38,38,38,38,38,38,38,38,38,38,38,38,38,38,38,38,38,38,38,38,38,38,38],"card_choices":[{"not_picked":["Phantasmal Killer","Storm of Steel"],"picked":"Burst","floor":0.0},{"not_picked":["Finisher","Sucker Punch"],"picked":"Blade Dance","floor":1.0},{"not_picked":["Poisoned Stab","Bane"],"picked":"Riddle With Holes","floor":2.0},{"not_picked":["Sucker Punch","Prepared"],"picked":"Choke","floor":4.0},{"not_picked":["Underhanded Strike","Distraction"],"picked":"Backflip","floor":5.0},{"not_picked":["Sucker Punch","Quick Slash"],"picked":"Endless Agony","floor":6.0},{"not_picked":["Choke","Quick Slash"],"picked":"Dodge and Roll+1","floor":12.0},{"not_picked":["Envenom","Skewer"],"picked":"Cloak And Dagger+1","floor":14.0},{"not_picked":["After Image","Bullet Time+1"],"picked":"Adrenaline+1","floor":16.0},{"not_picked":["Underhanded Strike+1","Blur+1"],"picked":"Dash+1","floor":18.0},{"not_picked":["Underhanded Strike+1","Outmaneuver+1"],"picked":"Cloak And Dagger+1","floor":20.0},{"not_picked":["Dodge and Roll+1","Deflect+1"],"picked":"Bouncing Flask+1","floor":24.0},{"not_picked":["Well Laid Plans+1","Deadly Poison+1"],"picked":"Blur+1","floor":25.0},{"not_picked":["Quick Slash+1","Deflect+1"],"picked":"Backstab","floor":30.0},{"not_picked":["Caltrops+1","Riddle With Holes+1"],"picked":"Endless Agony","floor":31.0},{"not_picked":["Doppelganger+1","Phantasmal Killer+1"],"picked":"Glass Knife","floor":33.0},{"not_picked":["Underhanded Strike+1","Flying Knee+1"],"picked":"Dash+1","floor":35.0},{"not_picked":["Underhanded Strike","Eviscerate"],"picked":"Riddle With Holes+1","floor":36.0},{"not_picked":["PanicButton+1","Purity+1"],"picked":"Deep Breath+1","floor":39.0},{"not_picked":["Blind+1","Dark Shackles+1"],"picked":"Jack Of All Trades+1","floor":39.0},{"not_picked":["Transmutation+1","PanicButton+1"],"picked":"Violence+1","floor":39.0},{"not_picked":["Underhanded Strike","Poisoned Stab+1"],"picked":"Catalyst+1","floor":40.0},{"not_picked":["Venomology+1","Sucker Punch"],"picked":"Cloak And Dagger+1","floor":42.0},{"not_picked":["Flying Knee+1","Outmaneuver+1"],"picked":"Backstab+1","floor":44.0},{"not_picked":["Prepared+1","Reflex+1"],"picked":"Catalyst+1","floor":44.0},{"not_picked":["Outmaneuver+1","PiercingWail+1"],"picked":"Dash+1","floor":47.0}],"player_experience":789804,"relics_obtained":[{"floor":6.0,"key":"Toxic Egg 2"},{"floor":9.0,"key":"Girya"},{"floor":14.0,"key":"The Specimen"},{"floor":20.0,"key":"Red Mask"},{"floor":25.0,"key":"Blood Vial"},{"floor":26.0,"key":"The Courier"},{"floor":29.0,"key":"Pen Nib"},{"floor":40.0,"key":"Bird Faced Urn"},{"floor":42.0,"key":"Turnip"},{"floor":43.0,"key":"Prayer Wheel"},{"floor":47.0,"key":"Incense Burner"}],"event_choices":[{"event_name":"Liars Game","player_choice":"agreed","floor":3.0,"damage_taken":0.0},{"event_name":"Shining Light","player_choice":"Entered Light","floor":8.0,"damage_taken":0.0},{"event_name":"Living Wall","player_choice":"Forget","floor":10.0,"damage_taken":0.0},{"event_name":"Golden Wing","player_choice":"Gained Gold","floor":11.0,"damage_taken":0.0},{"event_name":"Masked Bandits","player_choice":"Fought Bandits","floor":20.0,"damage_taken":0.0},{"event_name":"Ghosts","player_choice":"Became a Ghost","floor":21.0,"damage_taken":0.0},{"event_name":"Purifier","player_choice":"One Purge","floor":22.0,"damage_taken":0.0},{"event_name":"The Mausoleum","player_choice":"Yes","floor":27.0,"damage_taken":0.0},{"event_name":"Falling","player_choice":"Removed Power","floor":37.0,"damage_taken":0.0},{"event_name":"SensoryStone","player_choice":"Memory 3","floor":39.0,"damage_taken":0.0},{"event_name":"MindBloom","player_choice":"Fight","floor":42.0,"damage_taken":0.0},{"event_name":"Mysterious Sphere","player_choice":"Fight","floor":47.0,"damage_taken":0.0}],"is_beta":true,"boss_relics":[{"not_picked":["HoveringKite","Velvet Choker"],"picked":"Lizard Tail"},{"not_picked":["Philosopher\u0027s Stone","Sozu"],"picked":"WristBlade"}],"items_purged_floors":[19],"is_endless":false,"potions_floor_spawned":[4,14,20,24,25,36,42,47],"ascension_level":0}