{"path_per_floor":["M","?","M","?","M","R","E","M","T","M","R","?","M","M","R"],"character_chosen":"IRONCLAD","items_purchased":[],"gold_per_floor":[112,62,81,81,92,92,125,145,195,209,209,384,401,417,417,417],"floor_reached":16,"campfire_rested":0,"playtime":448,"current_hp_per_floor":[72,72,68,54,56,56,51,35,35,39,39,39,45,47,47,0],"items_purged":[],"gold":417,"score":104,"play_id":"5d1af9a3-fc6b-4213-b70b-05de8ac46fec","local_time":"20180406161024","is_prod":false,"is_daily":false,"is_ascension_mode":false,"campfire_upgraded":3,"timestamp":1523020224,"path_taken":["M","?","M","?","M","R","E","M","T","M","R","?","M","?","R","BOSS"],"build_version":"2018-04-05","purchased_purges":0,"victory":false,"master_deck":["Strike_R","Strike_R+1","Strike_R","Strike_R","Strike_R","Defend_R","Defend_R","Defend_R","Bash","Offering+1","Shrug It Off+1","Rampage","Seeing Red","Uppercut","Searing Blow+2","Feel No Pain","Whirlwind","Doubt","Flame Barrier"],"max_hp_per_floor":[72,72,72,72,72,72,72,72,72,72,72,72,72,72,72,72],"relics":["Burning Blood","Prayer Wheel","Dream Catcher"],"card_choices":[{"not_picked":["Barricade","Fiend Fire"],"picked":"Offering","floor":0},{"not_picked":["Flex","Combust"],"picked":"Shrug It Off","floor":1},{"not_picked":["Fire Breathing","Seeing Red"],"picked":"Rampage","floor":3},{"not_picked":["Rupture","Fire Breathing"],"picked":"Seeing Red","floor":5},{"not_picked":["Evolve","Heavy Blade"],"picked":"Uppercut","floor":7},{"not_picked":["Flame Barrier","Warcry"],"picked":"Searing Blow","floor":8},{"not_picked":["Iron Wave","Power Through"],"picked":"Feel No Pain","floor":9},{"not_picked":["Warcry","Body Slam"],"picked":"Whirlwind","floor":10},{"not_picked":["Heavy Blade","Second Wind"],"picked":"Flame Barrier","floor":13}],"player_experience":322782,"potions_floor_usage":[16,16,16],"damage_taken":[{"damage":5,"enemies":"Cultist","floor":1,"turns":3},{"damage":10,"enemies":"Jaw Worm","floor":3,"turns":3},{"damage":4,"enemies":"Small Slimes","floor":5,"turns":2},{"damage":11,"enemies":"Gremlin Nob","floor":7,"turns":3},{"damage":22,"enemies":"Exordium Wildlife","floor":8,"turns":3},{"damage":2,"enemies":"2 Fungi Beasts","floor":10,"turns":3},{"damage":0,"enemies":"3 Louse","floor":13,"turns":1},{"damage":4,"enemies":"Looter","floor":14,"turns":1},{"damage":50,"enemies":"Slime Boss","floor":16,"turns":12}],"event_choices":[{"event_name":"The Cleric","player_choice":"Card Removal","floor":2,"damage_taken":0},{"event_name":"Shining Light","player_choice":"Entered Light","floor":4,"damage_taken":0},{"event_name":"Liars Game","player_choice":"agreed","floor":12,"damage_taken":0}],"boss_relics":[],"potions_floor_spawned":[3,5,7,13,14],"seed_played":"1","killed_by":"Slime Boss","ascension_level":0,"is_trial":false}