{"path_per_floor":["M","M","?","T","M","R","$","R","T","M","E","M","E","M","R","B",null,"M","?","M","M","$","R","E"],"character_chosen":"IRONCLAD","items_purchased":["Lee\u0027s Waffle","Dropkick","Toolbox","Hemokinesis"],"gold_per_floor":[118,133,308,308,325,325,18,18,43,60,91,102,134,145,145,249,249,267,267,278,296,0,0,27,27],"floor_reached":25,"campfire_rested":0,"playtime":1332,"item_purchase_floors":[7,7,22,22],"current_hp_per_floor":[80,74,74,84,79,79,97,97,97,66,62,49,39,45,45,32,97,76,76,69,45,45,45,23,0],"items_purged":["Doubt"],"gold":27,"score":258,"play_id":"ba0b939d-1459-425d-a6f6-372ed4ee8f32","local_time":"20180604170000","is_prod":false,"is_daily":false,"chose_seed":false,"is_ascension_mode":false,"campfire_upgraded":4,"win_rate":0,"timestamp":1528120800,"campfire_choices":[{"data":"Searing Blow","floor":6,"key":"SMITH"},{"data":"Searing Blow+1","floor":8,"key":"SMITH"},{"data":"Searing Blow+2","floor":15,"key":"SMITH"},{"data":"Offering","floor":23,"key":"SMITH"}],"path_taken":["M","M","?","?","?","R","$","R","T","M","E","M","E","M","R","BOSS","M","?","?","M","$","R","E","M"],"build_version":"2018-05-30v2","seed_source_timestamp":418422990918623,"purchased_purges":1,"victory":false,"master_deck":["Strike_R","Strike_R","Strike_R","Strike_R","Strike_R","Defend_R","Defend_R+1","Defend_R","Defend_R","Bash","Fiend Fire","Searing Blow+3","Thunderclap","Shrug It Off+1","Dropkick","Armaments","True Grit","Disarm","Flex","Offering+1","Armaments","Offering","Flex","Armaments+1","Hemokinesis","Disarm+1"],"max_hp_per_floor":[80,80,80,90,90,90,97,97,97,97,97,97,97,97,97,97,97,97,97,97,97,97,97,97,97],"relics":["Burning Blood","Pear","Lee\u0027s Waffle","War Paint","Pen Nib","Potion Belt","Sozu","Toolbox","The Courier"],"card_choices":[{"not_picked":["Flame Barrier","Sentinel"],"picked":"Searing Blow","floor":1},{"not_picked":["Sever Soul","Pommel Strike"],"picked":"Thunderclap","floor":2},{"not_picked":["Pommel Strike","Combust"],"picked":"Shrug It Off","floor":5},{"not_picked":["Havoc","Clothesline"],"picked":"Armaments","floor":10},{"not_picked":["Exhume","Reckless Charge"],"picked":"True Grit","floor":11},{"not_picked":["Blood for Blood","Body Slam","Evolve"],"picked":"SKIP","floor":12},{"not_picked":["Clothesline","Pommel Strike"],"picked":"Disarm","floor":13},{"not_picked":["Heavy Blade","Warcry"],"picked":"Flex","floor":14},{"not_picked":["Bludgeon","Impervious"],"picked":"Offering","floor":16},{"not_picked":["True Grit","Havoc"],"picked":"Armaments","floor":18},{"not_picked":["Dual Wield","True Grit"],"picked":"Armaments+1","floor":20},{"not_picked":["Evolve+1","Entrench","Burning Pact"],"picked":"SKIP","floor":21},{"not_picked":["Pummel+1","Sever Soul"],"picked":"Disarm+1","floor":24}],"player_experience":478529,"potions_floor_usage":[11,16,16],"damage_taken":[{"damage":2,"enemies":"2 Louse","floor":1,"turns":3},{"damage":12,"enemies":"Small Slimes","floor":2,"turns":4},{"damage":11,"enemies":"Jaw Worm","floor":5,"turns":2},{"damage":37,"enemies":"Exordium Thugs","floor":10,"turns":6},{"damage":10,"enemies":"Gremlin Nob","floor":11,"turns":3},{"damage":19,"enemies":"Exordium Wildlife","floor":12,"turns":4},{"damage":16,"enemies":"3 Sentries","floor":13,"turns":6},{"damage":0,"enemies":"Blue Slaver","floor":14,"turns":2},{"damage":19,"enemies":"Slime Boss","floor":16,"turns":9},{"damage":27,"enemies":"2 Thieves","floor":18,"turns":4},{"damage":13,"enemies":"3 Byrds","floor":20,"turns":5},{"damage":30,"enemies":"Snecko","floor":21,"turns":4},{"damage":28,"enemies":"Slavers","floor":24,"turns":5},{"damage":25,"enemies":"3 Cultists","floor":25,"turns":4}],"relics_obtained":[{"floor":4,"key":"Pear"},{"floor":9,"key":"War Paint"},{"floor":11,"key":"Pen Nib"},{"floor":13,"key":"Potion Belt"},{"floor":24,"key":"The Courier"}],"event_choices":[{"event_name":"Liars Game","player_choice":"agreed","floor":3,"damage_taken":0},{"event_name":"Match and Keep!","player_choice":"2 cards matched","floor":19,"damage_taken":0}],"boss_relics":[{"not_picked":["Calling Bell","Orrery"],"picked":"Sozu"}],"items_purged_floors":[7],"potions_floor_spawned":[2,5,10,14,18,21,24],"seed_played":"-6811506281007499126","killed_by":"3 Cultists","ascension_level":0,"potions_obtained":[{"floor":2,"key":"EssenceOfSteel"},{"floor":5,"key":"Weak Potion"},{"floor":10,"key":"SneckoOil"},{"floor":14,"key":"SteroidPotion"}],"is_trial":false}