{"path_per_floor":["M","T","M","M","$","R","M","R","T","R","E","M","R","M","R","B",null,"M","M","?","T","M","R","E","M","T","?","$","M","R","E","R"],"character_chosen":"THE_SILENT","items_purchased":["Juzu Bracelet","Art of War","Regen Potion","Backflip"],"gold_per_floor":[118,118,136,151,4,4,18,18,90,90,125,136,136,156,156,260,260,272,287,212,269,279,279,310,329,356,306,3,14,14,41,41],"floor_reached":33,"campfire_rested":3,"playtime":2629,"current_hp_per_floor":[32,32,30,30,30,30,27,27,27,48,46,47,47,49,49,42,70,56,44,44,44,42,42,20,13,13,13,13,3,24,22,43],"items_purged":["Strike_G"],"gold":41,"score":313,"play_id":"43c984a2-3313-474c-a5a5-64ccf42596ff","is_prod":false,"is_daily":false,"is_ascension_mode":false,"campfire_upgraded":5,"path_taken":["M","?","M","?","$","R","M","R","T","R","E","M","R","M","R","BOSS","M","M","?","?","M","R","E","M","T","?","$","M","R","E","R","BOSS"],"build_version":"2018-02-08-BETA1","purchased_purges":1,"victory":false,"master_deck":["Defend_G","Defend_G","Defend_G","Defend_G","Strike_G","Strike_G","Survivor","Neutralize+1","Flying Knee+1","Tools of the Trade+1","Poisoned Stab+1","Cloak And Dagger+1","Backstab+1","Quick Slash","Leg Sweep+1","Cloak And Dagger+1","Noxious Fumes+1","Tactician+1","Infinite Blades","Concentrate+1","Cloak And Dagger+1","PiercingWail+1","Backflip+1","Bouncing Flask+1","Cloak And Dagger+1","Bullet Time+1","Accuracy"],"max_hp_per_floor":[70,70,70,70,70,70,70,70,70,70,70,70,70,70,70,70,70,70,70,70,70,70,70,70,70,70,70,70,70,70,70,70],"relics":["Ring of the Snake","Blood Vial","Juzu Bracelet","Toxic Egg 2","Whetstone","Black Star","Tiny Chest","Pen Nib","Anchor","Dream Catcher","Art of War","Bag of Marbles","Bronze Scales"],"card_choices":[{"not_picked":["Outmaneuver","Predator"],"picked":"Poisoned Stab"},{"not_picked":["Sucker Punch","Poisoned Stab"],"picked":"Cloak And Dagger"},{"not_picked":["Deadly Poison","Unload"],"picked":"Backstab"},{"not_picked":["Flechettes","Masterful Stab"],"picked":"Quick Slash"},{"not_picked":["Predator","Deadly Poison"],"picked":"Leg Sweep"},{"not_picked":["Deadly Poison","Outmaneuver"],"picked":"Cloak And Dagger"},{"not_picked":["Choke","All Out Attack"],"picked":"Noxious Fumes"},{"not_picked":["Tools of the Trade","Bullet Time"],"picked":"Tactician"},{"not_picked":["Dagger Throw","Expertise"],"picked":"Infinite Blades"},{"not_picked":["Backflip","Flechettes"],"picked":"Concentrate"},{"not_picked":["Acrobatics","Terror"],"picked":"Cloak And Dagger"},{"not_picked":["Dagger Throw","Cloak And Dagger"],"picked":"PiercingWail"},{"not_picked":["All Out Attack","Slice"],"picked":"Bouncing Flask"},{"not_picked":["Poisoned Stab","Backstab"],"picked":"Cloak And Dagger"},{"not_picked":["Deflect","Backflip"],"picked":"Bullet Time"},{"not_picked":["Outmaneuver","Prepared"],"picked":"Accuracy"}],"player_experience":195399,"potions_floor_usage":[11,22,24,29,31],"damage_taken":[{"damage":3,"enemies":"Blue Slaver","floor":1,"turns":6},{"damage":4,"enemies":"2 Louse","floor":3,"turns":2},{"damage":2,"enemies":"Small Slimes","floor":4,"turns":3},{"damage":5,"enemies":"2 Fungi Beasts","floor":7,"turns":3},{"damage":4,"enemies":"Gremlin Nob","floor":11,"turns":5},{"damage":1,"enemies":"Exordium Thugs","floor":12,"turns":4},{"damage":0,"enemies":"Lots of Slimes","floor":14,"turns":2},{"damage":9,"enemies":"The Guardian","floor":16,"turns":9},{"damage":14,"enemies":"Spheric Guardian","floor":18,"turns":4},{"damage":14,"enemies":"Shell Parasite","floor":19,"turns":6},{"damage":4,"enemies":"Snake Plant","floor":22,"turns":5},{"damage":24,"enemies":"Slavers","floor":24,"turns":6},{"damage":9,"enemies":"Centurion and Healer","floor":25,"turns":5},{"damage":12,"enemies":"Sentry and Sphere","floor":29,"turns":5},{"damage":19,"enemies":"Book of Stabbing","floor":31,"turns":6},{"damage":47,"enemies":"Champ","floor":33,"turns":9}],"event_choices":[{"event_name":"Beggar","player_choice":"Gave Gold","floor":20,"damage_taken":0},{"event_name":"The Joust","player_choice":"Bet on Owner","floor":27,"damage_taken":0}],"boss_relics":[{"not_picked":["White Beast Statue","Astrolabe"],"picked":"Black Star"}],"potions_floor_spawned":[7,12,14,18,19,25,31],"seed_played":"-3377243108036311855","killed_by":"Champ","ascension_level":0,"is_trial":false}