{"gold_per_floor":[111,111,130,145,164,164,189,189,189,223,243,272,272,285,285,387,387,405,505,518,793,793,793,11,40,40,50,50,82,82,96,96,199,199,215,215,290,309,309],"floor_reached":39,"playtime":5120,"items_purged":["Strike_R"],"score":561,"play_id":"265257f3-2038-4e4d-82c1-8dbcfbf7e046","local_time":"20181117093034","is_ascension_mode":true,"campfire_choices":[{"data":"Rampage","floor":6,"key":"SMITH"},{"data":"Bash","floor":8,"key":"SMITH"},{"data":"Dual Wield","floor":15,"key":"SMITH"},{"data":"Disarm","floor":23,"key":"SMITH"},{"floor":28,"key":"REST"},{"data":"Demon Form","floor":30,"key":"SMITH"},{"data":"Disarm","floor":32,"key":"SMITH"}],"neow_cost":"CURSE","seed_source_timestamp":570641375070834,"circlet_count":0,"master_deck":["Strike_R","Strike_R","Strike_R","Strike_R","Defend_R","Defend_R","Defend_R","Defend_R","Bash+1","Decay","Clash","Headbutt","Clothesline","Rampage+1","Twin Strike","Cleave","Iron Wave","Disarm+1","Dropkick","Dual Wield+1","Anger","Anger","Spot Weakness","Second Wind","Offering","Anger+1","Rage+1","Iron Wave","Warcry","Regret","Writhe","Sadistic Nature","Demon Form+1","Armaments+1","Iron Wave","Seeing Red","Disarm+1","Impervious","Combust+1","Metallicize","Demon Form+1","Body Slam+1","Iron Wave+1"],"relics":["Burning Blood","Prayer Wheel","Ginger","The Courier","Pear","Juzu Bracelet","Eternal Feather","Du-Vu Doll","Bottled Flame","Torii","Calipers","OrangePellets","Bag of Preparation","Vajra","Bottled Tornado","Happy Flower","Runic Cube"],"potions_floor_usage":[7,16,19,19,39,39,39],"damage_taken":[{"damage":7,"enemies":"Cultist","floor":1,"turns":4},{"damage":7,"enemies":"2 Louse","floor":3,"turns":2},{"damage":0,"enemies":"Small Slimes","floor":4,"turns":3},{"damage":10,"enemies":"3 Louse","floor":5,"turns":2},{"damage":6,"enemies":"Gremlin Nob","floor":7,"turns":4},{"damage":18,"enemies":"Lagavulin","floor":10,"turns":5},{"damage":1,"enemies":"Exordium Thugs","floor":11,"turns":3},{"damage":27,"enemies":"Gremlin Nob","floor":12,"turns":4},{"damage":7,"enemies":"Looter","floor":14,"turns":3},{"damage":19,"enemies":"Slime Boss","floor":16,"turns":9},{"damage":11,"enemies":"Chosen","floor":18,"turns":4},{"damage":23,"enemies":"Colosseum Slavers","floor":19,"turns":3},{"damage":42,"enemies":"Colosseum Nobs","floor":19,"turns":5},{"damage":19,"enemies":"Shell Parasite","floor":20,"turns":5},{"damage":27,"enemies":"Slavers","floor":25,"turns":4},{"damage":11,"enemies":"Cultist and Chosen","floor":27,"turns":5},{"damage":17,"enemies":"Book of Stabbing","floor":29,"turns":4},{"damage":27,"enemies":"Snake Plant","floor":31,"turns":4},{"damage":46,"enemies":"Collector","floor":33,"turns":8},{"damage":32,"enemies":"3 Shapes","floor":35,"turns":3},{"damage":49,"enemies":"3 Darklings","floor":38,"turns":4},{"damage":17,"enemies":"2 Orb Walkers","floor":39,"turns":3}],"seed_played":"-5873640077114108879","potions_obtained":[{"floor":1,"key":"Block Potion"},{"floor":5,"key":"Ancient Potion"},{"floor":7,"key":"SmokeBomb"},{"floor":11,"key":"Explosive Potion"},{"floor":14,"key":"EssenceOfSteel"},{"floor":18,"key":"Poison Potion"},{"floor":19,"key":"EssenceOfSteel"},{"floor":29,"key":"EntropicBrew"}],"is_trial":false,"path_per_floor":["M","?","M","M","M","R","E","R","T","E","M","E","?","M","R","B",null,"M","?","M","?","?","R","$","E","T","M","R","E","R","M","R","B",null,"M","?","?","M","?"],"character_chosen":"IRONCLAD","items_purchased":["Calipers","OrangePellets","Sadistic Nature","Bag of Preparation","Dexterity Potion"],"campfire_rested":1,"item_purchase_floors":[24,24,24,24,24],"current_hp_per_floor":[79,79,78,80,76,76,76,76,76,74,79,58,63,62,62,49,95,90,37,24,24,24,42,42,21,21,16,62,51,72,51,72,32,95,69,69,60,17,0],"gold":309,"neow_bonus":"ONE_RARE_RELIC","is_prod":false,"is_daily":false,"chose_seed":false,"campfire_upgraded":6,"win_rate":0,"timestamp":1542436234,"path_taken":["M","?","?","M","M","R","E","R","T","E","M","E","?","M","R","BOSS","M","?","M","?","?","R","$","E","T","M","R","E","R","M","R","BOSS","M","?","?","M","?"],"build_version":"2018-11-15","purchased_purges":1,"victory":false,"max_hp_per_floor":[80,80,80,80,80,80,80,80,80,90,90,90,95,95,95,95,95,95,95,95,95,95,95,95,95,95,95,95,95,95,95,95,95,95,95,95,95,95,95],"card_choices":[{"not_picked":["Power Through","Inflame"],"picked":"Clash","floor":1},{"not_picked":["Flex","Rage"],"picked":"Headbutt","floor":1},{"not_picked":["Searing Blow","Havoc"],"picked":"Rampage","floor":3},{"not_picked":["Perfected Strike","Power Through"],"picked":"Twin Strike","floor":3},{"not_picked":["Feel No Pain","Corruption"],"picked":"Cleave","floor":4},{"not_picked":["Combust","Headbutt"],"picked":"Iron Wave","floor":4},{"not_picked":["Ghostly Armor","Fire Breathing"],"picked":"Disarm","floor":5},{"not_picked":["Flex","Pummel","Pommel Strike"],"picked":"SKIP","floor":5},{"not_picked":["Clothesline","Battle Trance"],"picked":"Dropkick","floor":7},{"not_picked":["Bloodletting","Seeing Red"],"picked":"Dual Wield","floor":10},{"not_picked":["Second Wind","Pummel"],"picked":"Anger","floor":11},{"not_picked":["Blood for Blood","Combust"],"picked":"Anger","floor":11},{"not_picked":["Offering","Power Through","Blood for Blood"],"picked":"SKIP","floor":12},{"not_picked":["Seeing Red","Body Slam"],"picked":"Spot Weakness","floor":14},{"not_picked":["Shockwave","Warcry"],"picked":"Second Wind","floor":14},{"not_picked":["Dark Embrace","Juggernaut"],"picked":"Offering","floor":16},{"not_picked":["Heavy Blade+1","Pommel Strike+1"],"picked":"Anger+1","floor":18},{"not_picked":["Clash","True Grit"],"picked":"Rage+1","floor":18},{"not_picked":["Headbutt","Dark Embrace"],"picked":"Iron Wave","floor":19},{"not_picked":["Spot Weakness","Cleave"],"picked":"Warcry","floor":20},{"not_picked":["Rupture","Cleave","Wild Strike"],"picked":"SKIP","floor":20},{"not_picked":["Rupture","Sword Boomerang"],"picked":"Demon Form","floor":25},{"not_picked":["Warcry","Evolve"],"picked":"Armaments+1","floor":27},{"not_picked":["Pommel Strike","Armaments","Heavy Blade"],"picked":"SKIP","floor":27},{"not_picked":["Body Slam","Sword Boomerang"],"picked":"Iron Wave","floor":29},{"not_picked":["Sword Boomerang","Pommel Strike"],"picked":"Seeing Red","floor":31},{"not_picked":["Shockwave","Offering"],"picked":"Disarm","floor":31},{"not_picked":["Double Tap","Demon Form"],"picked":"Impervious","floor":33},{"not_picked":["Iron Wave","Seeing Red+1"],"picked":"Combust+1","floor":35},{"not_picked":["Headbutt+1","Battle Trance"],"picked":"Metallicize","floor":35},{"not_picked":["Flex+1","Perfected Strike"],"picked":"Body Slam+1","floor":38},{"not_picked":["Pommel Strike","Inflame"],"picked":"Iron Wave+1","floor":38}],"player_experience":913186,"relics_obtained":[{"floor":7,"key":"Ginger"},{"floor":9,"key":"The Courier"},{"floor":10,"key":"Pear"},{"floor":12,"key":"Juzu Bracelet"},{"floor":19,"key":"Du-Vu Doll"},{"floor":19,"key":"Bottled Flame"},{"floor":25,"key":"Vajra"},{"floor":26,"key":"Bottled Tornado"},{"floor":29,"key":"Happy Flower"}],"event_choices":[{"damage_healed":0,"gold_gain":0,"player_choice":"1 cards matched","damage_taken":0,"max_hp_gain":0,"max_hp_loss":0,"event_name":"Match and Keep!","floor":2,"gold_loss":0,"cards_obtained":["Clothesline"]},{"damage_healed":0,"gold_gain":0,"player_choice":"Donut","damage_taken":0,"max_hp_gain":5,"max_hp_loss":0,"event_name":"Big Fish","floor":13,"gold_loss":0},{"damage_healed":0,"gold_gain":0,"player_choice":"Fight","damage_taken":0,"max_hp_gain":0,"max_hp_loss":0,"event_name":"Colosseum","floor":19,"gold_loss":0},{"damage_healed":0,"gold_gain":0,"player_choice":"Fought Nobs","damage_taken":0,"max_hp_gain":0,"max_hp_loss":0,"event_name":"Colosseum","floor":19,"gold_loss":0},{"damage_healed":0,"gold_gain":275,"player_choice":"Desecrate","damage_taken":0,"max_hp_gain":0,"max_hp_loss":0,"event_name":"Golden Shrine","floor":21,"gold_loss":0,"cards_obtained":["Regret"]},{"damage_healed":0,"gold_gain":0,"player_choice":"Opened","damage_taken":0,"relics_obtained":["Torii"],"max_hp_gain":0,"max_hp_loss":0,"event_name":"The Mausoleum","floor":22,"gold_loss":0,"cards_obtained":["Writhe"]},{"damage_healed":0,"gold_gain":0,"player_choice":"Copied","damage_taken":0,"max_hp_gain":0,"max_hp_loss":0,"event_name":"Duplicator","floor":36,"gold_loss":0,"cards_obtained":["Demon Form"]},{"damage_healed":0,"gold_gain":75,"player_choice":"Touch","damage_taken":9,"max_hp_gain":0,"max_hp_loss":0,"event_name":"FaceTrader","floor":37,"gold_loss":0},{"damage_healed":0,"gold_gain":0,"player_choice":"Fight","damage_taken":0,"max_hp_gain":0,"max_hp_loss":0,"event_name":"Mysterious Sphere","floor":39,"gold_loss":0}],"is_beta":true,"boss_relics":[{"not_picked":["Black Blood","Tiny House"],"picked":"Eternal Feather"},{"not_picked":["Fusion Hammer","Velvet Choker"],"picked":"Runic Cube"}],"items_purged_floors":[24],"is_endless":false,"potions_floor_spawned":[1,5,7,11,14,18,19,29,31],"killed_by":"2 Orb Walkers","ascension_level":1}