{"path_per_floor":["M","M","$","M","?","E","M","M","T","R","?","M","M","E","R","B",null,"M","M","?","?","?","R","E","M","T","M","R","M","T","$","R","B",null,"M","?","M","$","?","E","?","R","T","M","?","?","M","?","R"],"character_chosen":"THE_SILENT","items_purchased":["Anchor","Infinite Blades","PiercingWail","Kunai","Juzu Bracelet","Energy Potion","Enlightenment"],"gold_per_floor":[363,382,19,33,33,68,78,96,96,96,96,110,120,146,146,250,280,299,282,282,282,332,332,360,371,421,439,439,449,449,3,3,99,99,115,215,235,23,23,55,55,55,55,73,73,0,18,72,72,72],"floor_reached":50,"campfire_rested":0,"playtime":13021,"item_purchase_floors":[],"current_hp_per_floor":[61,53,53,53,46,10,10,8,8,8,25,37,37,46,46,44,75,72,70,64,75,75,75,69,65,65,49,49,49,49,49,49,38,75,72,72,72,72,72,23,23,23,23,26,66,66,64,62,62,0],"items_purged":["Decay"],"gold":72,"score":552,"play_id":"d34752de-beb8-468b-9baf-81bdc0824442","local_time":"20180613183210","is_prod":false,"is_daily":false,"chose_seed":false,"is_ascension_mode":false,"campfire_upgraded":7,"win_rate":0,"timestamp":1528903930,"campfire_choices":[{"data":"Neutralize","floor":10.0,"key":"SMITH"},{"data":"Footwork","floor":15.0,"key":"SMITH"},{"data":"RitualDagger","floor":23,"key":"SMITH"},{"data":"Burst","floor":28,"key":"SMITH"},{"data":"Bullet Time","floor":32,"key":"SMITH"},{"data":"Crippling Poison","floor":42,"key":"SMITH"},{"data":"Cloak And Dagger","floor":49,"key":"SMITH"}],"path_taken":["M","?","$","M","?","E","M","M","T","R","?","M","M","E","R","BOSS","M","M","?","?","?","R","E","?","T","M","R","M","?","$","R","BOSS","M","?","M","$","?","E","?","R","T","M","?","?","M","?","R","BOSS"],"build_version":"2018-06-12","seed_source_timestamp":0,"purchased_purges":1,"victory":false,"master_deck":["Defend_G","Defend_G","Defend_G","Strike_G","Strike_G","Survivor","Neutralize+1","Dagger Throw+1","Deadly Poison","Infinite Blades","PiercingWail","PiercingWail","Acrobatics","Heel Hook","Leg Sweep","Parasite","Slice","Footwork+1","Burst+1","Cloak And Dagger+1","Flying Knee","Well Laid Plans","RitualDagger+1","Quick Slash","Slice","Bullet Time+1","Dodge and Roll","Burst","Malaise+1","All Out Attack+1","PiercingWail+1","Quick Slash+1","Enlightenment","Deflect","Crippling Poison+1","Noxious Fumes+1","Terror","Bullet Time"],"max_hp_per_floor":[70,70,70,70,70,70,70,70,70,70,70,70,70,70,70,70,75,75,75,75,75,75,75,75,75,75,75,75,75,75,75,75,75,75,75,75,75,75,75,75,75,75,75,75,66,66,66,66,66,66],"special_seed":0,"relics":["Ring of the Snake","Anchor","Orichalcum","Meat on the Bone","Mercury Hourglass","Tiny House","Bronze Scales","Oddly Smooth Stone","Blue Candle","Kunai","Juzu Bracelet","Astrolabe","Regal Pillow","Molten Egg 2","Red Mask","Prayer Wheel"],"card_choices":[{"not_picked":["Reflex","Backflip"],"picked":"Dagger Throw","floor":1.0},{"not_picked":["Dagger Throw","Dodge and Roll"],"picked":"Deadly Poison","floor":2.0},{"not_picked":["Deadly Poison","Bane"],"picked":"PiercingWail","floor":4.0},{"not_picked":["Reflex","Doppelganger"],"picked":"Acrobatics","floor":6.0},{"not_picked":["Poisoned Stab","Deadly Poison"],"picked":"Heel Hook","floor":7.0},{"not_picked":["Outmaneuver","Deadly Poison"],"picked":"Leg Sweep","floor":8.0},{"not_picked":["Blade Dance","Skewer"],"picked":"Slice","floor":12.0},{"not_picked":["Dagger Spray","Prepared"],"picked":"Footwork","floor":13.0},{"not_picked":["Wraith Form v2","Outmaneuver","Dagger Throw"],"picked":"SKIP","floor":14.0},{"not_picked":["Grand Finale","Corpse Explosion"],"picked":"Burst","floor":16.0},{"not_picked":["Accuracy","Distraction"],"picked":"Cloak And Dagger","floor":17},{"not_picked":["Deadly Poison","Quick Slash"],"picked":"Flying Knee","floor":18},{"not_picked":["Quick Slash","Accuracy"],"picked":"Well Laid Plans","floor":19},{"not_picked":["Outmaneuver","Acrobatics"],"picked":"Quick Slash","floor":24},{"not_picked":["Dodge and Roll","Eviscerate"],"picked":"Slice","floor":25},{"not_picked":["Acrobatics","Prepared+1"],"picked":"Bullet Time","floor":27},{"not_picked":["Eviscerate","Deadly Poison"],"picked":"Dodge and Roll","floor":29},{"not_picked":["Unload","Bullet Time"],"picked":"Burst","floor":33},{"not_picked":["Dagger Throw","Acrobatics","Outmaneuver+1"],"picked":"SKIP","floor":35},{"not_picked":["Acrobatics+1","Bane+1"],"picked":"Quick Slash+1","floor":37},{"not_picked":["Poisoned Stab","Masterful Stab"],"picked":"Crippling Poison","floor":40},{"not_picked":["Underhanded Strike+1","Prepared"],"picked":"Noxious Fumes+1","floor":44},{"not_picked":["Cloak And Dagger","Skewer+1"],"picked":"Terror","floor":47},{"not_picked":["Underhanded Strike+1","Outmaneuver"],"picked":"Bullet Time","floor":48}],"player_experience":499695,"potions_floor_usage":[24,24,24,29,33,40,50,50,50],"damage_taken":[{"damage":9.0,"enemies":"Cultist","floor":1.0,"turns":5.0},{"damage":8.0,"enemies":"2 Louse","floor":2.0,"turns":2.0},{"damage":0.0,"enemies":"Jaw Worm","floor":4.0,"turns":3.0},{"damage":36.0,"enemies":"Gremlin Nob","floor":6.0,"turns":6.0},{"damage":0.0,"enemies":"Blue Slaver","floor":7.0,"turns":4.0},{"damage":2.0,"enemies":"2 Fungi Beasts","floor":8.0,"turns":4.0},{"damage":0.0,"enemies":"Large Slime","floor":12.0,"turns":8.0},{"damage":0.0,"enemies":"3 Louse","floor":13.0,"turns":4.0},{"damage":3.0,"enemies":"3 Sentries","floor":14.0,"turns":9.0},{"damage":11.0,"enemies":"Hexaghost","floor":16.0,"turns":13.0},{"damage":3,"enemies":"3 Byrds","floor":18,"turns":5},{"damage":2,"enemies":"2 Thieves","floor":19,"turns":4},{"damage":6,"enemies":"Slavers","floor":24,"turns":7},{"damage":4,"enemies":"Centurion and Healer","floor":25,"turns":6},{"damage":28,"enemies":"Sentry and Sphere","floor":27,"turns":6},{"damage":12,"enemies":"3 Cultists","floor":29,"turns":6},{"damage":11,"enemies":"Automaton","floor":33,"turns":14},{"damage":3,"enemies":"Flame Bruiser 1 Orb","floor":35,"turns":5},{"damage":0,"enemies":"3 Shapes","floor":37,"turns":3},{"damage":61,"enemies":"Giant Head","floor":40,"turns":13},{"damage":9,"enemies":"Sphere and 2 Shapes","floor":44,"turns":6},{"damage":2,"enemies":"Flame Bruiser 2 Orb","floor":47,"turns":9},{"damage":2,"floor":48,"turns":5},{"damage":63,"enemies":"Time Eater","floor":50,"turns":13}],"relics_obtained":[{"floor":6.0,"key":"Orichalcum"},{"floor":9.0,"key":"Meat on the Bone"},{"floor":14.0,"key":"Mercury Hourglass"},{"floor":24,"key":"Bronze Scales"},{"floor":26,"key":"Oddly Smooth Stone"},{"floor":30,"key":"Blue Candle"},{"floor":40,"key":"Regal Pillow"},{"floor":43,"key":"Molten Egg 2"},{"floor":48,"key":"Prayer Wheel"}],"event_choices":[{"event_name":"Golden Wing","player_choice":"Card Removal","floor":5.0,"damage_taken":0.0},{"event_name":"Mushrooms","player_choice":"Healed and dodged fight","floor":11.0,"damage_taken":0.0},{"event_name":"Nest","player_choice":"Joined the Cult","floor":20,"damage_taken":0},{"event_name":"Wheel of Change","player_choice":"Full Heal","floor":21,"damage_taken":0},{"event_name":"The Joust","player_choice":"Bet on Murderer","floor":22,"damage_taken":0},{"event_name":"Golden Shrine","player_choice":"Pray","floor":36,"damage_taken":0},{"event_name":"Match and Keep!","player_choice":"1 cards matched","floor":39,"damage_taken":0},{"event_name":"Falling","player_choice":"Removed Skill","floor":41,"damage_taken":0},{"event_name":"The Moai Head","player_choice":"Heal","floor":45,"damage_taken":0},{"event_name":"Tomb of Lord Red Mask","player_choice":"Paid","floor":46,"damage_taken":0},{"event_name":"Mysterious Sphere","player_choice":"Fight","floor":48,"damage_taken":0}],"boss_relics":[{"not_picked":["Pandora\u0027s Box","Black Star"],"picked":"Tiny House"},{"not_picked":["Calling Bell","White Beast Statue"],"picked":"Astrolabe"}],"items_purged_floors":[],"potions_floor_spawned":[7,8,12,13,14,18,19,25,27,37,44,47],"seed_played":"-7221305200044445582","killed_by":"Time Eater","ascension_level":0,"potions_obtained":[{"floor":7.0,"key":"EntropicBrew"},{"floor":8.0,"key":"EssenceOfSteel"},{"floor":12.0,"key":"Block Potion"},{"floor":18,"key":"AttackPotion"},{"floor":25,"key":"FearPotion"},{"floor":27,"key":"Explosive Potion"},{"floor":37,"key":"FearPotion"},{"floor":44,"key":"PowerPotion"},{"floor":47,"key":"Fire Potion"}],"is_trial":false}