{"gold_per_floor":[117,292,306,306,316,316,266,266,291,309,322,17,43,58,58,155,155,173,193,193,193,205,205,238,253,307,322,322,12,22,36,36,136,136,156,156,156,168,183,183,216,216,216,216,230,230],"floor_reached":46,"playtime":2270,"items_purged":[],"score":600,"play_id":"a76d7ce0-9909-4db3-a10c-1808d5d5cf99","local_time":"20181123133726","is_ascension_mode":true,"campfire_choices":[{"data":"Dualcast","floor":6,"key":"SMITH"},{"data":"Zap","floor":8,"key":"SMITH"},{"floor":15,"key":"REST"},{"floor":23,"key":"REST"},{"data":"Loop","floor":28,"key":"SMITH"},{"data":"Fission","floor":32,"key":"SMITH"},{"data":"Consume","floor":40,"key":"SMITH"},{"data":"Turbo","floor":42,"key":"SMITH"},{"data":"Beam Cell","floor":44,"key":"SMITH"}],"neow_cost":"PERCENT_DAMAGE","seed_source_timestamp":278002575710170,"circlet_count":0,"master_deck":["Strike_B","Strike_B","Strike_B","Strike_B+1","Defend_B","Defend_B","Defend_B","Defend_B","Zap+1","Dualcast+1","Rebound","Cold Snap+1","Capacitor","Streamline","Defragment+1","Turbo+1","Glacier","Undo","Amplify","Loop+1","Static Discharge+1","Go for the Eyes+1","Sweeping Beam+1","Beam Cell+1","Hologram+1","Fission+1","Leap","Stack","Creative AI","Consume+1","Redo+1","Ball Lightning+1","Aggregate","Doubt","Parasite","Leap+1"],"relics":["Cracked Core","Happy Flower","Cables","Bottled Flame","Inserter","Meat on the Bone","DataDisk","Cursed Key","Mango","Sundial"],"potions_floor_usage":[13,16,22,33,39,45],"damage_taken":[{"damage":0,"enemies":"2 Louse","floor":1,"turns":2},{"damage":6,"enemies":"Jaw Worm","floor":3,"turns":2},{"damage":0,"enemies":"Small Slimes","floor":5,"turns":3},{"damage":2,"enemies":"Blue Slaver","floor":10,"turns":2},{"damage":16,"enemies":"Gremlin Gang","floor":11,"turns":5},{"damage":17,"enemies":"3 Sentries","floor":13,"turns":6},{"damage":2,"enemies":"2 Fungi Beasts","floor":14,"turns":3},{"damage":11,"enemies":"The Guardian","floor":16,"turns":10},{"damage":34,"enemies":"3 Byrds","floor":18,"turns":5},{"damage":18,"enemies":"Shell Parasite","floor":19,"turns":7},{"damage":24,"enemies":"Colosseum Slavers","floor":20,"turns":6},{"damage":7,"enemies":"Centurion and Healer","floor":22,"turns":11},{"damage":26,"enemies":"Book of Stabbing","floor":24,"turns":5},{"damage":10,"enemies":"Snake Plant","floor":25,"turns":4},{"damage":0,"enemies":"3 Cultists","floor":27,"turns":7},{"damage":5,"enemies":"Cultist and Chosen","floor":30,"turns":9},{"damage":9,"enemies":"Centurion and Healer","floor":31,"turns":7},{"damage":0,"enemies":"Automaton","floor":33,"turns":15},{"damage":19,"enemies":"3 Darklings","floor":35,"turns":5},{"damage":7,"enemies":"Orb Walker","floor":38,"turns":4},{"damage":16,"enemies":"Spire Growth","floor":39,"turns":4},{"damage":7,"enemies":"Nemesis","floor":41,"turns":9},{"damage":39,"enemies":"Writhing Mass","floor":45,"turns":5},{"damage":51,"enemies":"Reptomancer","floor":46,"turns":3}],"seed_played":"-4630040375606872698","potions_obtained":[{"floor":3,"key":"Swift Potion"},{"floor":14,"key":"Fire Potion"},{"floor":19,"key":"EssenceOfSteel"},{"floor":22,"key":"FairyPotion"},{"floor":25,"key":"FocusPotion"},{"floor":30,"key":"GamblersBrew"},{"floor":35,"key":"SteroidPotion"},{"floor":38,"key":"Swift Potion"},{"floor":45,"key":"GamblersBrew"}],"is_trial":false,"path_per_floor":["M","?","M","?","M","R","?","R","T","M","M","$","E","M","R","B",null,"M","M","?","?","M","R","E","M","T","M","R","$","M","M","R","B",null,"M","?","?","M","M","R","E","R","T","R","M","E"],"character_chosen":"DEFECT","items_purchased":["Turbo","Cables","DataDisk","Fission"],"campfire_rested":2,"item_purchase_floors":[12,12,29,29],"current_hp_per_floor":[68,68,62,44,44,44,44,44,44,42,26,26,9,7,33,22,89,55,37,13,13,6,32,6,20,20,32,32,32,39,42,42,54,89,70,70,70,63,47,47,66,66,66,66,39,0],"gold":230,"neow_bonus":"TWENTY_PERCENT_HP_BONUS","is_prod":false,"is_daily":false,"chose_seed":false,"campfire_upgraded":7,"win_rate":0,"timestamp":1542969446,"path_taken":["M","?","M","?","M","R","?","R","T","M","M","?","E","?","R","BOSS","M","M","?","?","M","R","E","?","T","M","R","$","M","M","R","BOSS","M","?","?","M","M","R","E","R","T","R","M","E"],"build_version":"2018-11-15","purchased_purges":0,"victory":false,"max_hp_per_floor":[89,89,89,89,89,89,89,89,89,89,89,89,89,89,89,89,89,89,89,89,89,89,89,89,89,89,89,89,89,89,89,89,89,89,89,89,89,89,89,89,103,103,103,103,103,103],"card_choices":[{"not_picked":["Redo","Darkness"],"picked":"Rebound","floor":1},{"not_picked":["Genetic Algorithm","Turbo"],"picked":"Cold Snap","floor":3},{"not_picked":["Lockon","Fusion"],"picked":"Capacitor","floor":5},{"not_picked":["Conserve Battery","Turbo"],"picked":"Streamline","floor":10},{"not_picked":["Gash","Genetic Algorithm"],"picked":"Defragment","floor":11},{"not_picked":["Leap","Thunder Strike"],"picked":"Glacier","floor":13},{"not_picked":["Steam","Storm"],"picked":"Undo","floor":14},{"not_picked":["Multi-Cast","Biased Cognition"],"picked":"Amplify","floor":16},{"not_picked":["Rebound","Steam Power"],"picked":"Loop","floor":18},{"not_picked":["Cold Snap","Loop"],"picked":"Static Discharge+1","floor":19},{"not_picked":["Chaos","Steam"],"picked":"Go for the Eyes+1","floor":22},{"not_picked":["Leap","Rainbow"],"picked":"Sweeping Beam+1","floor":24},{"not_picked":["Double Energy","Go for the Eyes+1"],"picked":"Beam Cell","floor":25},{"not_picked":["Compile Driver","Leap"],"picked":"Hologram+1","floor":27},{"not_picked":["Rebound","Beam Cell"],"picked":"Leap","floor":30},{"not_picked":["BootSequence","Rebound"],"picked":"Stack","floor":31},{"not_picked":["Buffer","Amplify"],"picked":"Creative AI","floor":33},{"not_picked":["Compile Driver+1","Sweeping Beam+1"],"picked":"Consume","floor":35},{"not_picked":["Sweeping Beam+1","Rebound+1"],"picked":"Redo+1","floor":38},{"not_picked":["Conserve Battery","Hologram+1"],"picked":"Ball Lightning+1","floor":39},{"not_picked":["Fusion","Reprogram+1"],"picked":"Aggregate","floor":41},{"not_picked":["Rebound+1","Darkness"],"picked":"Leap+1","floor":45}],"player_experience":931267,"relics_obtained":[{"floor":9,"key":"Happy Flower"},{"floor":13,"key":"Bottled Flame"},{"floor":24,"key":"Meat on the Bone"},{"floor":41,"key":"Mango"},{"floor":43,"key":"Sundial"}],"event_choices":[{"damage_healed":0,"gold_gain":175,"player_choice":"AGREE","damage_taken":0,"max_hp_gain":0,"max_hp_loss":0,"event_name":"Liars Game","floor":2,"gold_loss":0,"cards_obtained":["Doubt"]},{"damage_healed":0,"gold_gain":0,"player_choice":"Entered Light","damage_taken":18,"max_hp_gain":0,"max_hp_loss":0,"event_name":"Shining Light","floor":4,"gold_loss":0,"cards_upgraded":["Cold Snap","Strike_B"]},{"cards_removed":["Doubt"],"damage_healed":0,"gold_gain":0,"player_choice":"Card Removal","damage_taken":0,"max_hp_gain":0,"max_hp_loss":0,"event_name":"The Cleric","floor":7,"gold_loss":50},{"damage_healed":0,"gold_gain":0,"player_choice":"Fight","damage_taken":0,"max_hp_gain":0,"max_hp_loss":0,"event_name":"Colosseum","floor":20,"gold_loss":0},{"damage_healed":0,"gold_gain":0,"player_choice":"Fled From Nobs","damage_taken":0,"max_hp_gain":0,"max_hp_loss":0,"event_name":"Colosseum","floor":20,"gold_loss":0},{"damage_healed":0,"gold_gain":0,"player_choice":"Upgraded","damage_taken":0,"max_hp_gain":0,"max_hp_loss":0,"event_name":"Upgrade Shrine","floor":21,"gold_loss":0,"cards_upgraded":["Defragment"]},{"damage_healed":0,"gold_gain":0,"player_choice":"Ignored","damage_taken":0,"max_hp_gain":0,"max_hp_loss":0,"event_name":"Tomb of Lord Red Mask","floor":36,"gold_loss":0},{"damage_healed":0,"gold_gain":0,"player_choice":"Ignored","damage_taken":0,"max_hp_gain":0,"max_hp_loss":0,"event_name":"SecretPortal","floor":37,"gold_loss":0}],"is_beta":true,"boss_relics":[{"not_picked":["Fusion Hammer","Astrolabe"],"picked":"Inserter"},{"not_picked":["Velvet Choker","Lizard Tail"],"picked":"Cursed Key"}],"items_purged_floors":[],"is_endless":false,"potions_floor_spawned":[3,14,19,22,25,30,35,38,45],"killed_by":"Reptomancer","ascension_level":1}