{"gold_per_floor":[110,285,285,302,21,21,47,61,61,89,108,122,122,122,122,221,221,237,270,369,369,46,46,61,71,151,151,151,186,25,58,58,153,153,163,181,235,252,252,252,269,282,339,339,369,369,383,22,22,22],"floor_reached":51,"playtime":3351,"items_purged":["Doubt","Strike_G","Normality"],"score":798,"play_id":"86dbe41b-3514-44c3-ad39-6f3c0d3605d2","local_time":"20180807061921","is_ascension_mode":false,"campfire_choices":[{"data":"Neutralize","floor":6,"key":"SMITH"},{"data":"Noxious Fumes","floor":15,"key":"SMITH"},{"data":"Burst","floor":23,"key":"SMITH"},{"floor":27,"key":"REST"},{"floor":32,"key":"REST"},{"floor":40,"key":"REST"},{"data":"Footwork","floor":44,"key":"SMITH"},{"data":"Well Laid Plans","floor":46,"key":"SMITH"},{"floor":49,"key":"REST"}],"neow_cost":"NONE","seed_source_timestamp":1139752344704273,"circlet_count":0,"master_deck":["Defend_G+1","Defend_G","Defend_G","Defend_G","Strike_G","Strike_G","Strike_G","Survivor","Neutralize+1","Noxious Fumes+1","Poisoned Stab","Panache","Dagger Spray","Flying Knee","Well Laid Plans+1","Riddle With Holes","Noxious Fumes+1","Burst+1","Blade Dance","Blade Dance","Flash of Steel","Distraction","Dodge and Roll","Footwork+1","Crippling Poison+1","Necronomicurse","Infinite Blades","Die Die Die","After Image","Pain","Injury","Escape Plan+1","After Image+1","Dash+1","Writhe","Dash+1","Madness","Calculated Gamble"],"relics":["Ring of the Snake","Gremlin Horn","Snake Skull","Pear","Lizard Tail","Red Mask","Matryoshka","Necronomicon","Happy Flower","Singing Bowl","Calling Bell","Orichalcum","Frozen Egg 2","Incense Burner","Dead Branch","Tiny Chest","Boot","Kunai"],"potions_floor_usage":[19,19,25,31,37,38,41,41,50,50,50],"damage_taken":[{"damage":4,"enemies":"Jaw Worm","floor":1,"turns":8},{"damage":0,"enemies":"Small Slimes","floor":4,"turns":5},{"damage":9,"enemies":"3 Sentries","floor":7,"turns":8},{"damage":1,"enemies":"2 Louse","floor":8,"turns":2},{"damage":6,"enemies":"Lagavulin","floor":10,"turns":8},{"damage":4,"enemies":"Blue Slaver","floor":11,"turns":4},{"damage":0,"enemies":"3 Louse","floor":12,"turns":2},{"damage":9,"enemies":"The Guardian","floor":16,"turns":9},{"damage":10,"enemies":"Chosen","floor":18,"turns":5},{"damage":15,"floor":19,"turns":5},{"damage":16,"enemies":"Spheric Guardian","floor":24,"turns":4},{"damage":13,"enemies":"Snake Plant","floor":25,"turns":6},{"damage":10,"enemies":"Gremlin Leader","floor":29,"turns":5},{"damage":18,"enemies":"Slavers","floor":31,"turns":4},{"damage":4,"enemies":"Collector","floor":33,"turns":6},{"damage":9,"enemies":"3 Shapes","floor":35,"turns":4},{"damage":43,"enemies":"3 Darklings","floor":36,"turns":6},{"damage":13,"floor":37,"turns":4},{"damage":22,"enemies":"Sphere and 2 Shapes","floor":38,"turns":6},{"damage":8,"enemies":"Flame Bruiser 2 Orb","floor":41,"turns":4},{"damage":1,"enemies":"4 Shapes","floor":42,"turns":5},{"damage":14,"enemies":"2 Orb Walkers","floor":45,"turns":4},{"damage":36,"enemies":"Sphere and 2 Shapes","floor":47,"turns":6},{"damage":10,"enemies":"Awakened One","floor":50,"turns":14}],"seed_played":"-6925325072340756204","potions_obtained":[{"floor":1,"key":"Dexterity Potion"},{"floor":11,"key":"Fire Potion"},{"floor":12,"key":"Energy Potion"},{"floor":29,"key":"Block Potion"},{"floor":31,"key":"Block Potion"},{"floor":33,"key":"SpeedPotion"},{"floor":35,"key":"Ancient Potion"},{"floor":37,"key":"Explosive Potion"},{"floor":38,"key":"LiquidBronze"},{"floor":47,"key":"Energy Potion"}],"is_trial":false,"path_per_floor":["M","?","?","M","$","R","E","M","T","E","M","M","?","?","R","B",null,"M","?","?","?","$","R","M","M","T","R","?","E","$","E","R","B",null,"M","M","?","M","?","R","M","M","T","R","E","R","M","$","R","B"],"character_chosen":"THE_SILENT","items_purchased":["Panache","Flash of Steel","Distraction","Dodge and Roll","Die Die Die","Madness","GhostInAJar","Calculated Gamble"],"campfire_rested":4,"item_purchase_floors":[5,22,22,22,30,48,48,48],"current_hp_per_floor":[73,73,58,58,58,58,49,48,48,52,48,48,41,41,41,32,87,77,62,62,45,45,45,29,16,16,43,27,17,17,48,76,72,94,87,44,31,9,33,61,55,56,56,56,42,42,8,8,38,28],"gold":22,"neow_bonus":"TEN_PERCENT_HP_BONUS","is_prod":false,"is_daily":false,"chose_seed":false,"campfire_upgraded":5,"win_rate":0,"timestamp":1533611961,"path_taken":["M","?","?","M","$","R","E","M","T","E","M","M","?","?","R","BOSS","M","?","?","?","?","R","M","M","T","R","?","E","$","E","R","BOSS","M","M","?","?","?","R","M","M","T","R","E","R","M","$","R","BOSS"],"build_version":"2018-08-01","purchased_purges":3,"victory":true,"max_hp_per_floor":[77,77,77,77,77,77,77,77,77,87,87,87,87,87,87,87,87,87,87,87,92,92,92,92,92,92,92,92,92,92,94,94,94,94,96,96,96,96,96,96,98,100,100,100,100,100,102,102,102,102],"card_choices":[{"not_picked":["Expertise","Acrobatics"],"picked":"Noxious Fumes","floor":1},{"not_picked":["Bane","Accuracy"],"picked":"Poisoned Stab","floor":4},{"not_picked":["Backstab","Underhanded Strike"],"picked":"Dagger Spray","floor":7},{"not_picked":["Heel Hook","Tools of the Trade"],"picked":"Flying Knee","floor":8},{"not_picked":["Phantasmal Killer","Bane"],"picked":"Well Laid Plans","floor":10},{"not_picked":["Tactician","Acrobatics"],"picked":"Riddle With Holes","floor":11},{"not_picked":["Prepared","Bane"],"picked":"Noxious Fumes","floor":12},{"not_picked":["Phantasmal Killer","Die Die Die"],"picked":"Burst","floor":16},{"not_picked":["Dodge and Roll","Underhanded Strike"],"picked":"Blade Dance","floor":18},{"not_picked":["Noxious Fumes","Bane"],"picked":"Blade Dance","floor":19},{"not_picked":["Bane","Riddle With Holes"],"picked":"Footwork","floor":24},{"not_picked":["Backstab","Dodge and Roll"],"picked":"Crippling Poison+1","floor":25},{"not_picked":["Underhanded Strike","Prepared"],"picked":"Infinite Blades","floor":29},{"not_picked":["Accuracy","Doppelganger","Quick Slash"],"picked":"Singing Bowl","floor":31},{"not_picked":["Phantasmal Killer","Night Terror"],"picked":"After Image","floor":33},{"not_picked":["Dagger Spray+1","Outmaneuver+1","Blade Dance"],"picked":"Singing Bowl","floor":35},{"not_picked":["Dagger Spray","Cloak And Dagger"],"picked":"Escape Plan+1","floor":36},{"not_picked":["Flying Knee+1","Blade Dance"],"picked":"After Image+1","floor":37},{"not_picked":["Dagger Spray","Poisoned Stab"],"picked":"Dash+1","floor":38},{"not_picked":["Backflip","Underhanded Strike+1","Blade Dance+1"],"picked":"Singing Bowl","floor":41},{"not_picked":["Deadly Poison","Flying Knee+1","Riddle With Holes"],"picked":"Singing Bowl","floor":42},{"not_picked":["Outmaneuver","Caltrops+1"],"picked":"Dash+1","floor":45},{"not_picked":["Endless Agony","Bouncing Flask","Poisoned Stab+1"],"picked":"Singing Bowl","floor":47}],"player_experience":600915,"relics_obtained":[{"floor":7,"key":"Gremlin Horn"},{"floor":9,"key":"Snake Skull"},{"floor":10,"key":"Pear"},{"floor":19,"key":"Red Mask"},{"floor":26,"key":"Matryoshka"},{"floor":28,"key":"Necronomicon"},{"floor":29,"key":"Happy Flower"},{"floor":31,"key":"Singing Bowl"},{"floor":34,"key":"Orichalcum"},{"floor":34,"key":"Frozen Egg 2"},{"floor":34,"key":"Incense Burner"},{"floor":37,"key":"Dead Branch"},{"floor":43,"key":"Tiny Chest"},{"floor":43,"key":"Boot"},{"floor":45,"key":"Kunai"}],"event_choices":[{"event_name":"Liars Game","player_choice":"agreed","floor":2,"damage_taken":0},{"event_name":"Shining Light","player_choice":"Entered Light","floor":3,"damage_taken":0},{"event_name":"Golden Wing","player_choice":"Card Removal","floor":13,"damage_taken":0},{"event_name":"Living Wall","player_choice":"Forget","floor":14,"damage_taken":0},{"event_name":"Masked Bandits","player_choice":"Fought over 237 gold","floor":19,"damage_taken":0},{"event_name":"Nest","player_choice":"Stole From Cult","floor":20,"damage_taken":0},{"event_name":"Forgotten Altar","player_choice":"Shed Blood","floor":21,"damage_taken":0},{"event_name":"Cursed Tome","player_choice":"Obtained Book","floor":28,"damage_taken":0},{"event_name":"Mysterious Sphere","player_choice":"Fight","floor":37,"damage_taken":0},{"event_name":"Winding Halls","player_choice":"Writhe","floor":39,"damage_taken":0}],"is_beta":true,"boss_relics":[{"not_picked":["Runic Pyramid","Velvet Choker"],"picked":"Lizard Tail"},{"not_picked":["Coffee Dripper","Fusion Hammer"],"picked":"Calling Bell"}],"items_purged_floors":[5,22,48],"is_endless":false,"potions_floor_spawned":[1,11,12,16,18,29,31,33,35,37,38,47],"ascension_level":0}