{"gold_per_floor":[112,112,128,144,160,160,110,60,60,60,79,154,154,179,179,279,279,292,311,45,62,62,62,87,87,113,138,156,156,170,188,188,283,283,295,307,323,342,196,230,230,241,267,267,267,279,279,279,279,279,279,279,71,101,101],"floor_reached":55,"playtime":8196,"items_purged":["Strike_G","Injury"],"score":813,"play_id":"1e1da471-15af-4f42-ac9f-fb5a63a67e3b","local_time":"20190805180809","is_ascension_mode":true,"campfire_choices":[{"data":"Neutralize","floor":6.0,"key":"SMITH"},{"data":"Glass Knife","floor":10.0,"key":"SMITH"},{"data":"Bouncing Flask","floor":13.0,"key":"SMITH"},{"floor":15.0,"key":"REST"},{"data":"Noxious Fumes","floor":23.0,"key":"SMITH"},{"floor":29.0,"key":"REST"},{"floor":32.0,"key":"REST"},{"floor":41,"key":"RECALL"},{"data":"Acrobatics","floor":45,"key":"SMITH"},{"floor":47,"key":"DIG"},{"floor":49,"key":"DIG"},{"floor":52,"key":"DIG"}],"neow_cost":"NONE","seed_source_timestamp":0,"circlet_count":0,"master_deck":["Strike_G","Strike_G","Strike_G","Defend_G","Defend_G","Defend_G","Defend_G","Survivor","Glass Knife+1","Acrobatics+1","Deadly Poison","Bouncing Flask+1","Dodge and Roll","Escape Plan","Burst+1","Prepared+1","Deflect+1","Apotheosis+1","Noxious Fumes+1","Expertise+1","Caltrops","Neutralize","Bandage Up+1","Leg Sweep+1","Acrobatics+1","Bullet Time+1","Crippling Poison+1","Blur+1","Injury","PiercingWail+1","Noxious Fumes","Terror+1"],"special_seed":0,"relics":["Ring of the Snake","Regal Pillow","Toxic Egg 2","Cursed Key","Incense Burner","Ninja Scroll","Sozu","Shovel","Anchor","Gremlin Horn","NlothsMask","Pocketwatch","Pear","Blood Vial"],"potions_floor_usage":[54,54],"damage_taken":[{"damage":0.0,"enemies":"2 Louse","floor":1.0,"turns":3.0},{"damage":0.0,"enemies":"Cultist","floor":3.0,"turns":4.0},{"damage":4.0,"enemies":"Jaw Worm","floor":4.0,"turns":3.0},{"damage":1.0,"enemies":"Large Slime","floor":5.0,"turns":5.0},{"damage":0.0,"enemies":"Exordium Wildlife","floor":11.0,"turns":2.0},{"damage":8.0,"enemies":"3 Sentries","floor":14.0,"turns":7.0},{"damage":8.0,"enemies":"Hexaghost","floor":16.0,"turns":8.0},{"damage":0.0,"enemies":"Chosen","floor":18.0,"turns":3.0},{"damage":13.0,"enemies":"3 Byrds","floor":19.0,"turns":4.0},{"damage":18.0,"enemies":"Snecko","floor":21.0,"turns":5.0},{"damage":0.0,"enemies":"Book of Stabbing","floor":24.0,"turns":5.0},{"damage":32.0,"enemies":"Slavers","floor":27.0,"turns":5.0},{"damage":9.0,"enemies":"Shelled Parasite and Fungi","floor":28.0,"turns":5.0},{"damage":7.0,"enemies":"Chosen and Byrds","floor":30.0,"turns":5.0},{"damage":21.0,"enemies":"Snake Plant","floor":31.0,"turns":4.0},{"damage":26.0,"enemies":"Collector","floor":33.0,"turns":9.0},{"damage":0.0,"enemies":"Orb Walker","floor":35.0,"turns":3.0},{"damage":0.0,"enemies":"3 Shapes","floor":36.0,"turns":5.0},{"damage":4,"enemies":"Writhing Mass","floor":37,"turns":4},{"damage":0,"enemies":"Jaw Worm Horde","floor":38,"turns":4},{"damage":0,"enemies":"Nemesis","floor":40,"turns":7},{"damage":0,"enemies":"4 Shapes","floor":42,"turns":4},{"damage":6,"enemies":"3 Darklings","floor":46,"turns":4},{"damage":54,"enemies":"Time Eater","floor":50,"turns":15},{"damage":37,"enemies":"Shield and Spear","floor":54,"turns":7},{"damage":59,"enemies":"The Heart","floor":55,"turns":8}],"seed_played":"8727778996138358299","potions_obtained":[{"floor":1.0,"key":"SpeedPotion"},{"floor":3.0,"key":"SteroidPotion"},{"floor":11.0,"key":"Energy Potion"},{"floor":14.0,"key":"Poison Potion"},{"floor":21.0,"key":"SneckoOil"},{"floor":27.0,"key":"PowerPotion"},{"floor":28.0,"key":"Strength Potion"}],"is_trial":false,"path_per_floor":["M","?","M","M","M","R","?","$","T","R","M","?","R","E","R","B",null,"M","M","$","M","?","R","E","?","T","E","M","R","M","M","R","B",null,"M","M","M","M","$","E","R","M","T","?","R","M","R","?","R","B",null,"R","$","E","B"],"character_chosen":"THE_SILENT","items_purchased":["Dodge and Roll","Apotheosis+1","Noxious Fumes","Crippling Poison+1","Noxious Fumes","Terror+1"],"campfire_rested":3,"item_purchase_floors":[8,20,20,39,53,53],"current_hp_per_floor":[70,70,70,66,65,65,65,65,65,65,65,54,54,46,70,62,70,70,57,57,39,39,39,39,39,39,13,10,46,45,30,66,44,70,70,70,70,70,70,70,70,70,70,70,70,64,64,64,64,16,70,80,80,55,0],"gold":101,"neow_bonus":"ONE_RANDOM_RARE_CARD","is_prod":false,"is_daily":false,"chose_seed":false,"campfire_upgraded":5,"win_rate":0,"timestamp":1564996089,"path_taken":["M","?","?","M","M","R","?","?","T","R","M","?","R","E","R","BOSS","M","M","$","M","?","R","E","?","T","E","?","R","M","M","R","BOSS","M","M","?","M","$","E","R","M","T","?","R","M","R","?","R","BOSS","R","$","E","BOSS"],"build_version":"2019-07-17","purchased_purges":2,"victory":false,"max_hp_per_floor":[70,70,70,70,70,70,70,70,70,70,70,70,70,70,70,70,70,70,70,70,70,70,70,70,70,70,70,70,70,70,70,70,70,70,70,70,70,70,70,70,70,70,70,70,70,70,70,70,70,70,70,80,80,80,80],"card_choices":[{"not_picked":["Heel Hook","Choke"],"picked":"Acrobatics","floor":1.0},{"not_picked":["Bane","Heel Hook"],"picked":"Deadly Poison","floor":3.0},{"not_picked":["Heel Hook","Reflex"],"picked":"Bouncing Flask","floor":4.0},{"not_picked":["Quick Slash","Flying Knee","Dagger Throw"],"picked":"SKIP","floor":5.0},{"not_picked":["Bane","Flechettes"],"picked":"Escape Plan","floor":11.0},{"not_picked":["Dodge and Roll","Wraith Form v2","Deadly Poison"],"picked":"SKIP","floor":14.0},{"not_picked":["Bullet Time+1","A Thousand Cuts"],"picked":"Burst+1","floor":16.0},{"not_picked":["All Out Attack","Flying Knee+1"],"picked":"Prepared+1","floor":18.0},{"not_picked":["Dagger Spray","Prepared+1"],"picked":"Deflect+1","floor":19.0},{"not_picked":["Riddle With Holes","Quick Slash+1"],"picked":"Expertise+1","floor":21.0},{"not_picked":["Quick Slash+1","Slice"],"picked":"Caltrops","floor":24.0},{"not_picked":["Escape Plan+1","Expertise+1"],"picked":"Leg Sweep+1","floor":27.0},{"not_picked":["Dagger Spray","Quick Slash+1","Skewer+1"],"picked":"SKIP","floor":28.0},{"not_picked":["Slice+1","Dash+1"],"picked":"Acrobatics+1","floor":30.0},{"not_picked":["Unload","Cloak And Dagger+1","Riddle With Holes+1"],"picked":"SKIP","floor":31.0},{"not_picked":["Phantasmal Killer+1","Grand Finale"],"picked":"Bullet Time+1","floor":33.0},{"not_picked":["Dagger Throw","Backstab","Eviscerate"],"picked":"SKIP","floor":35.0},{"not_picked":["Deadly Poison+1","Cloak And Dagger+1","Dagger Spray+1"],"picked":"SKIP","floor":36},{"not_picked":["Deadly Poison+1","Cloak And Dagger+1","Dagger Spray+1"],"picked":"SKIP","floor":36},{"not_picked":["Concentrate+1","Eviscerate+1","Deadly Poison+1"],"picked":"SKIP","floor":37},{"not_picked":["Prepared+1","Skewer+1","Slice+1"],"picked":"SKIP","floor":38},{"not_picked":["Underhanded Strike","Flying Knee+1","Poisoned Stab+1"],"picked":"SKIP","floor":40},{"not_picked":["Underhanded Strike","Flying Knee+1","Poisoned Stab+1"],"picked":"SKIP","floor":40},{"not_picked":["Prepared+1","A Thousand Cuts"],"picked":"Blur+1","floor":42},{"not_picked":["Dagger Throw+1","Tactician+1"],"picked":"PiercingWail+1","floor":46},{"not_picked":["Finisher","Masterful Stab","Doppelganger+1"],"picked":"SKIP","floor":54}],"player_experience":153476,"relics_obtained":[{"floor":9.0,"key":"Regal Pillow"},{"floor":14.0,"key":"Toxic Egg 2"},{"floor":24.0,"key":"Incense Burner"},{"floor":27.0,"key":"Ninja Scroll"},{"floor":40,"key":"Shovel"},{"floor":43,"key":"Anchor"},{"floor":47,"key":"Gremlin Horn"},{"floor":49,"key":"Pocketwatch"},{"floor":52,"key":"Pear"},{"floor":54,"key":"Blood Vial"}],"event_choices":[{"cards_removed":["Strike_G"],"damage_healed":0.0,"max_hp_gain":0.0,"max_hp_loss":0.0,"gold_gain":0.0,"event_name":"Bonfire Elementals","player_choice":"Offered Basic","floor":2.0,"gold_loss":0.0,"damage_taken":0.0},{"cards_removed":["Defend_G"],"damage_healed":0.0,"max_hp_gain":0.0,"max_hp_loss":0.0,"gold_gain":0.0,"event_name":"The Cleric","player_choice":"Card Removal","floor":7.0,"gold_loss":50.0,"damage_taken":0.0},{"damage_healed":0.0,"max_hp_gain":0.0,"max_hp_loss":0.0,"gold_gain":75.0,"event_name":"World of Goop","player_choice":"Gather Gold","floor":12.0,"gold_loss":0.0,"damage_taken":11.0},{"damage_healed":0.0,"max_hp_gain":0.0,"max_hp_loss":0.0,"gold_gain":0.0,"event_name":"Match and Keep!","player_choice":"2 cards matched","floor":25.0,"gold_loss":0.0,"damage_taken":0.0,"cards_obtained":["Neutralize","Bandage Up"]},{"cards_removed":["Neutralize"],"damage_healed":0,"gold_gain":0,"player_choice":"Removed Attack","damage_taken":0,"max_hp_gain":0,"max_hp_loss":0,"event_name":"Falling","floor":44,"gold_loss":0},{"damage_healed":0,"gold_gain":0,"player_choice":"Trade","damage_taken":0,"relics_obtained":["NlothsMask"],"max_hp_gain":0,"max_hp_loss":0,"event_name":"FaceTrader","floor":48,"gold_loss":0}],"is_beta":false,"boss_relics":[{"not_picked":["Calling Bell","Eternal Feather"],"picked":"Cursed Key"},{"not_picked":["Orrery","Lizard Tail"],"picked":"Sozu"}],"items_purged_floors":[39,53],"is_endless":false,"potions_floor_spawned":[1,3,11,14,21,27,28,35,38,40,46],"killed_by":"The Heart","ascension_level":2}