{"gold_per_floor":[119,129,129,129,204,204,235,249,249,214,214,229,229,242,242,368,368,384,403,403,105,124,124,157,157,157,191,211,225,249,283,283,407,407,423,444,777,777,829,856,868,880,892,139,139,172,202,221,221,221],"floor_reached":51,"playtime":2433,"items_purged":["Strike_G","Strike_G"],"score":968,"play_id":"51e5e846-c8aa-4148-b93f-aa14f6833399","local_time":"20180916060727","is_ascension_mode":false,"campfire_choices":[{"floor":6,"key":"REST"},{"data":"Cloak And Dagger","floor":11,"key":"SMITH"},{"data":"Cloak And Dagger","floor":13,"key":"SMITH"},{"data":"Blade Dance","floor":15,"key":"SMITH"},{"data":"Glass Knife","floor":23,"key":"SMITH"},{"data":"Adrenaline","floor":25,"key":"SMITH"},{"data":"Blade Dance","floor":32,"key":"SMITH"},{"data":"Blade Dance","floor":42,"key":"SMITH"},{"data":"Blade Dance","floor":45,"key":"SMITH"},{"data":"Calculated Gamble","floor":49,"key":"SMITH"}],"neow_cost":"NONE","seed_source_timestamp":214994802827955,"circlet_count":0,"master_deck":["Defend_G","Defend_G","Defend_G","Defend_G","Defend_G","Strike_G+1","Survivor+1","Neutralize","Cloak And Dagger+1","Sucker Punch+1","Deflect","Blade Dance+1","Cloak And Dagger+1","Skewer","Glass Knife+1","Escape Plan","Slice+1","Adrenaline+1","Infinite Blades","Masterful Stab","Slice+1","Calculated Gamble+1","Dagger Spray","Blade Dance+1","Calculated Gamble+1","Glass Knife","Die Die Die","Footwork+1","Blade Dance+1","Blade Dance+1","Prepared","Cloak And Dagger+1","Flash of Steel","Secret Technique","Swift Strike","Acrobatics","Cloak And Dagger+1","Endless Agony+1"],"relics":["Ring of the Snake","Orichalcum","Shuriken","Letter Opener","Black Star","Sundial","Paper Crane","Meat on the Bone","Pear","The Courier","Bottled Lightning","Kunai","Philosopher\u0027s Stone","WingedGreaves","Lantern","MawBank","Peace Pipe","Oddly Smooth Stone","War Paint","Bag of Preparation","Pen Nib","Dodecahedron","Pantograph"],"potions_floor_usage":[14,16,24,27,31,31,39,40,40,50,50],"damage_taken":[{"damage":4,"enemies":"Small Slimes","floor":1,"turns":6},{"damage":6,"enemies":"Jaw Worm","floor":2,"turns":5},{"damage":34,"enemies":"Lagavulin","floor":7,"turns":10},{"damage":0,"enemies":"2 Louse","floor":8,"turns":2},{"damage":4,"enemies":"2 Fungi Beasts","floor":12,"turns":3},{"damage":0,"enemies":"Gremlin Gang","floor":14,"turns":4},{"damage":14,"enemies":"The Guardian","floor":16,"turns":8},{"damage":0,"enemies":"3 Byrds","floor":18,"turns":4},{"damage":0,"enemies":"Chosen","floor":19,"turns":4},{"damage":11,"enemies":"Snecko","floor":22,"turns":4},{"damage":28,"enemies":"Slavers","floor":24,"turns":5},{"damage":0,"enemies":"Gremlin Leader","floor":27,"turns":4},{"damage":11,"enemies":"Shelled Parasite and Fungi","floor":28,"turns":4},{"damage":8,"enemies":"Chosen and Byrds","floor":29,"turns":4},{"damage":0,"enemies":"Centurion and Healer","floor":30,"turns":4},{"damage":4,"enemies":"Slavers","floor":31,"turns":2},{"damage":11,"enemies":"Champ","floor":33,"turns":7},{"damage":19,"enemies":"3 Shapes","floor":35,"turns":2},{"damage":0,"enemies":"Orb Walker","floor":36,"turns":3},{"damage":17,"enemies":"Mysterious Sphere","floor":39,"turns":3},{"damage":3,"enemies":"2 Orb Walkers","floor":40,"turns":2},{"damage":3,"enemies":"Giant Head","floor":46,"turns":5},{"damage":0,"enemies":"Nemesis","floor":47,"turns":3},{"damage":0,"enemies":"Jaw Worm Horde","floor":48,"turns":1},{"damage":14,"enemies":"Donu and Deca","floor":50,"turns":5}],"seed_played":"-6552717989432429697","potions_obtained":[{"floor":8,"key":"GhostInAJar"},{"floor":12,"key":"PowerPotion"},{"floor":18,"key":"EssenceOfSteel"},{"floor":19,"key":"FearPotion"},{"floor":24,"key":"Ancient Potion"},{"floor":27,"key":"Fire Potion"},{"floor":29,"key":"Fire Potion"},{"floor":33,"key":"SneckoOil"},{"floor":35,"key":"Energy Potion"},{"floor":39,"key":"Swift Potion"},{"floor":40,"key":"Ancient Potion"}],"is_trial":false,"path_per_floor":["M","M","?","?","?","R","E","M","T","?","R","M","R","M","R","B",null,"M","M","?","$","M","R","E","R","T","E","M","M","M","E","R","B",null,"M","M","?","?","?","E","?","R","T","$","R","E","E","M","R","B"],"character_chosen":"THE_SILENT","items_purchased":["Adrenaline","Infinite Blades","Oddly Smooth Stone","Cloak And Dagger","Flash of Steel","War Paint","Secret Technique","Energy Potion","Strength Potion","Swift Strike"],"campfire_rested":1,"item_purchase_floors":[21,21,44,44,44,44,44,44,44,44],"current_hp_per_floor":[66,60,43,29,18,39,5,5,5,22,22,18,18,18,18,4,70,70,70,70,70,59,59,31,31,31,53,42,46,46,42,42,43,80,61,61,61,61,44,41,41,41,41,41,41,50,50,50,50,61],"gold":221,"neow_bonus":"RANDOM_COMMON_RELIC","is_prod":false,"is_daily":false,"chose_seed":false,"campfire_upgraded":9,"win_rate":0,"timestamp":1537067247,"path_taken":["M","M","?","?","?","R","E","?","T","?","R","M","R","M","R","BOSS","M","M","?","$","?","R","E","R","T","E","M","?","M","E","R","BOSS","M","M","?","?","?","E","?","R","T","$","R","E","E","M","R","BOSS"],"build_version":"2018-09-12","purchased_purges":2,"victory":true,"max_hp_per_floor":[70,70,70,70,70,70,70,70,70,70,70,70,70,70,70,70,70,70,70,70,70,70,70,70,70,70,80,80,80,80,80,80,80,80,80,80,80,80,80,80,80,80,80,80,80,80,80,80,80,80],"card_choices":[{"not_picked":["Prepared","Slice"],"picked":"Cloak And Dagger","floor":1},{"not_picked":["Slice","Outmaneuver"],"picked":"Sucker Punch","floor":2},{"not_picked":["Envenom","Catalyst"],"picked":"Deflect","floor":7},{"not_picked":["Dodge and Roll","Poisoned Stab"],"picked":"Blade Dance","floor":8},{"not_picked":["Acrobatics","Heel Hook"],"picked":"Cloak And Dagger","floor":12},{"not_picked":["Deadly Poison","Quick Slash"],"picked":"Skewer","floor":14},{"not_picked":["A Thousand Cuts","Night Terror"],"picked":"Glass Knife","floor":16},{"not_picked":["Poisoned Stab","Deflect"],"picked":"Escape Plan","floor":18},{"not_picked":["Caltrops+1","Crippling Poison"],"picked":"Slice+1","floor":19},{"not_picked":["Dagger Throw","Underhanded Strike+1"],"picked":"Masterful Stab","floor":22},{"not_picked":["Underhanded Strike+1","Acrobatics"],"picked":"Slice+1","floor":24},{"not_picked":["Catalyst","Grand Finale"],"picked":"Calculated Gamble+1","floor":27},{"not_picked":["Poisoned Stab","Slice+1"],"picked":"Dagger Spray","floor":28},{"not_picked":["Prepared","Outmaneuver"],"picked":"Blade Dance","floor":29},{"not_picked":["Backflip","Accuracy"],"picked":"Calculated Gamble","floor":30},{"not_picked":["Bane+1","Finisher"],"picked":"Glass Knife","floor":31},{"not_picked":["Storm of Steel","Tools of the Trade"],"picked":"Die Die Die","floor":33},{"not_picked":["Backflip+1","Deflect"],"picked":"Footwork+1","floor":35},{"not_picked":["Bouncing Flask","Skewer"],"picked":"Blade Dance","floor":36},{"not_picked":["Bouncing Flask+1","Flechettes"],"picked":"Blade Dance","floor":39},{"not_picked":["Glass Knife","Bane"],"picked":"Prepared","floor":40},{"not_picked":["Calculated Gamble","Crippling Poison+1"],"picked":"Acrobatics","floor":46},{"not_picked":["Deflect+1","PiercingWail+1"],"picked":"Cloak And Dagger+1","floor":47},{"not_picked":["Flying Knee+1","Infinite Blades"],"picked":"Endless Agony+1","floor":48}],"player_experience":695203,"relics_obtained":[{"floor":7,"key":"Shuriken"},{"floor":9,"key":"Letter Opener"},{"floor":24,"key":"Sundial"},{"floor":24,"key":"Paper Crane"},{"floor":26,"key":"Meat on the Bone"},{"floor":27,"key":"Pear"},{"floor":27,"key":"The Courier"},{"floor":31,"key":"Bottled Lightning"},{"floor":31,"key":"Kunai"},{"floor":39,"key":"WingedGreaves"},{"floor":40,"key":"Lantern"},{"floor":40,"key":"MawBank"},{"floor":43,"key":"Peace Pipe"},{"floor":46,"key":"Bag of Preparation"},{"floor":46,"key":"Pen Nib"},{"floor":47,"key":"Dodecahedron"},{"floor":47,"key":"Pantograph"}],"event_choices":[{"event_name":"Golden Idol","player_choice":"Take Damage","floor":3,"damage_taken":0},{"event_name":"Shining Light","player_choice":"Entered Light","floor":4,"damage_taken":0},{"event_name":"World of Goop","player_choice":"Gather Gold","floor":5,"damage_taken":0},{"event_name":"The Cleric","player_choice":"Healed","floor":10,"damage_taken":0},{"event_name":"Purifier","player_choice":"One Purge","floor":20,"damage_taken":0},{"event_name":"The Moai Head","player_choice":"Gave Idol","floor":37,"damage_taken":0},{"event_name":"Falling","player_choice":"Removed Attack","floor":38,"damage_taken":0},{"event_name":"Mysterious Sphere","player_choice":"Fight","floor":39,"damage_taken":0},{"event_name":"Tomb of Lord Red Mask","player_choice":"Ignored","floor":41,"damage_taken":0}],"is_beta":true,"boss_relics":[{"not_picked":["Runic Pyramid","Ectoplasm"],"picked":"Black Star"},{"not_picked":["Pandora\u0027s Box","Eternal Feather"],"picked":"Philosopher\u0027s Stone"}],"items_purged_floors":[21,44],"is_endless":false,"potions_floor_spawned":[8,12,18,19,24,27,29,33,35,39,40],"ascension_level":0}