{"gold_per_floor":[109,123,123,12,22,22,22,22,22,52,52,69,88,103,103,174,174,184,184,204,223,33,33,48,48,74,101,101,151,164,179,179,253,253,263,188,208,228,278,297,297],"floor_reached":41,"playtime":1951,"items_purged":["Strike_R","Strike_R"],"score":834,"play_id":"09ed0543-373b-4c1b-b965-5b27fd03c630","local_time":"20190713222135","is_ascension_mode":true,"campfire_choices":[{"data":"Brutality","floor":6.0,"key":"SMITH"},{"data":"Armaments","floor":8.0,"key":"SMITH"},{"data":"Bludgeon","floor":11.0,"key":"SMITH"},{"data":"Bash","floor":15.0,"key":"SMITH"},{"floor":23.0,"key":"REST"},{"data":"Battle Trance","floor":25.0,"key":"SMITH"},{"data":"1","floor":32.0,"key":"LIFT"}],"neow_cost":"NONE","seed_source_timestamp":327460202404890,"circlet_count":0,"master_deck":["AscendersBane","Bash+1","Reaper","Twin Strike","Armaments+1","Flame Barrier","Brutality+1","Bludgeon+1","Clothesline","Exhume","Reaper","Shrug It Off","Disarm","Battle Trance+1","Shrug It Off","Shrug It Off","Feel No Pain","Limit Break","Seeing Red","Exhume","Burning Pact","Fire Breathing","Reaper","Burning Pact+1","Armaments+1"],"special_seed":0,"relics":["Burning Blood","Self Forming Clay","Bottled Flame","Orichalcum","Velvet Choker","Red Skull","Girya","Turnip","Pandora\u0027s Box"],"potions_floor_usage":[],"damage_taken":[{"damage":2.0,"enemies":"2 Louse","floor":1.0,"turns":4.0},{"damage":6.0,"enemies":"Cultist","floor":2.0,"turns":3.0},{"damage":4.0,"enemies":"Jaw Worm","floor":5.0,"turns":6.0},{"damage":37.0,"enemies":"3 Sentries","floor":10.0,"turns":12.0},{"damage":4.0,"enemies":"2 Fungi Beasts","floor":12.0,"turns":4.0},{"damage":14.0,"enemies":"Gremlin Gang","floor":13.0,"turns":4.0},{"damage":10.0,"enemies":"3 Louse","floor":14.0,"turns":3.0},{"damage":56.0,"enemies":"Slime Boss","floor":16.0,"turns":12.0},{"damage":19.0,"enemies":"Chosen","floor":18.0,"turns":5.0},{"damage":8.0,"enemies":"2 Thieves","floor":20.0,"turns":4.0},{"damage":48.0,"enemies":"Cultist and Chosen","floor":21.0,"turns":7.0},{"damage":37.0,"enemies":"3 Cultists","floor":24.0,"turns":7.0},{"damage":71.0,"enemies":"Slavers","floor":27.0,"turns":9.0},{"damage":18.0,"enemies":"Chosen and Byrds","floor":30.0,"turns":8.0},{"damage":21.0,"enemies":"Centurion and Healer","floor":31.0,"turns":7.0},{"damage":68.0,"enemies":"Champ","floor":33.0,"turns":16.0},{"damage":18.0,"enemies":"Orb Walker","floor":35.0,"turns":4.0},{"damage":23.0,"enemies":"3 Shapes","floor":37.0,"turns":8.0},{"damage":78,"enemies":"3 Darklings","floor":38,"turns":8},{"damage":74,"enemies":"Jaw Worm Horde","floor":40,"turns":8},{"damage":72,"enemies":"Reptomancer","floor":41,"turns":2}],"seed_played":"5559493929736911603","potions_obtained":[{"floor":2.0,"key":"SkillPotion"},{"floor":10.0,"key":"Poison Potion"},{"floor":12.0,"key":"Swift Potion"},{"floor":14.0,"key":"Explosive Potion"},{"floor":24.0,"key":"Explosive Potion"},{"floor":30.0,"key":"SteroidPotion"},{"floor":31.0,"key":"SteroidPotion"},{"floor":40,"key":"Regen Potion"}],"is_trial":false,"path_per_floor":["M","M","?","$","M","R","$","R","T","E","R","M","M","M","R","B",null,"M","?","M","M","$","R","M","R","T","E","T","?","M","M","R","B",null,"M","?","M","M","?","M","E"],"character_chosen":"IRONCLAD","items_purchased":["Flame Barrier","Battle Trance","Shrug It Off"],"campfire_rested":1,"item_purchase_floors":[4,22,22],"current_hp_per_floor":[75,75,75,75,75,75,75,75,75,56,56,62,60,63,63,38,66,57,57,61,34,34,56,44,44,44,29,29,29,34,46,46,25,63,56,56,74,56,56,46,0],"gold":297,"neow_bonus":"ONE_RANDOM_RARE_CARD","is_prod":false,"is_daily":false,"chose_seed":false,"campfire_upgraded":5,"win_rate":0,"timestamp":1563081695,"path_taken":["M","M","?","$","M","R","$","R","T","E","R","M","?","M","R","BOSS","M","?","?","M","$","R","M","R","T","E","?","?","M","M","R","BOSS","M","?","M","?","?","M","E"],"build_version":"2019-07-05","purchased_purges":2,"victory":false,"max_hp_per_floor":[75,75,75,75,75,75,75,75,75,75,75,75,75,75,75,75,75,75,75,75,75,75,75,75,75,75,75,75,75,75,75,75,75,75,75,75,75,75,75,75,75],"card_choices":[{"not_picked":["Headbutt","Flame Barrier"],"picked":"Twin Strike","floor":1.0},{"not_picked":["True Grit","Heavy Blade"],"picked":"Armaments","floor":2.0},{"not_picked":["Warcry","Body Slam"],"picked":"Brutality","floor":5.0},{"not_picked":["Pommel Strike","Pummel"],"picked":"Bludgeon","floor":10.0},{"not_picked":["Anger","Flex"],"picked":"Clothesline","floor":12.0},{"not_picked":["Twin Strike","Sword Boomerang","Hemokinesis"],"picked":"SKIP","floor":13.0},{"not_picked":["Thunderclap","Cleave"],"picked":"Exhume","floor":14.0},{"not_picked":["Juggernaut","Dark Embrace"],"picked":"Reaper","floor":16.0},{"not_picked":["Cleave","Whirlwind"],"picked":"Shrug It Off","floor":18.0},{"not_picked":["Cleave","Intimidate","Body Slam"],"picked":"SKIP","floor":20.0},{"not_picked":["Clothesline","Iron Wave"],"picked":"Disarm","floor":21.0},{"not_picked":["Headbutt","Armaments","Dual Wield"],"picked":"SKIP","floor":24.0},{"not_picked":["Anger","Fiend Fire"],"picked":"Shrug It Off","floor":27.0},{"not_picked":["Whirlwind","Warcry","Blood for Blood"],"picked":"SKIP","floor":30.0},{"not_picked":["Clash","Pummel"],"picked":"Feel No Pain","floor":31.0},{"not_picked":["Feed","Bludgeon"],"picked":"Limit Break","floor":33.0},{"not_picked":["Shrug It Off","Shockwave"],"picked":"Burning Pact+1","floor":35.0},{"not_picked":["Cleave+1","Burning Pact+1"],"picked":"Armaments+1","floor":37.0},{"not_picked":["Anger","Armaments","Wild Strike"],"picked":"SKIP","floor":38},{"not_picked":["Clash","Iron Wave+1","Heavy Blade+1"],"picked":"SKIP","floor":40}],"player_experience":844793,"relics_obtained":[{"floor":9.0,"key":"Bottled Flame"},{"floor":10.0,"key":"Orichalcum"},{"floor":26.0,"key":"Red Skull"},{"floor":27.0,"key":"Girya"},{"floor":28.0,"key":"Turnip"}],"event_choices":[{"damage_healed":0.0,"max_hp_gain":0.0,"max_hp_loss":0.0,"gold_gain":0.0,"event_name":"WeMeetAgain","player_choice":"Gave Potion","floor":3.0,"gold_loss":0.0,"damage_taken":0.0,"relics_obtained":["Self Forming Clay"]},{"cards_removed":["Strike_R"],"damage_healed":0.0,"max_hp_gain":0.0,"max_hp_loss":0.0,"gold_gain":0.0,"event_name":"Purifier","player_choice":"Purged","floor":19.0,"gold_loss":0.0,"damage_taken":0.0},{"damage_healed":0.0,"max_hp_gain":0.0,"max_hp_loss":0.0,"gold_gain":50.0,"event_name":"Nest","player_choice":"Stole From Cult","floor":29.0,"gold_loss":0.0,"damage_taken":0.0},{"cards_removed":["Perfected Strike"],"damage_healed":0.0,"max_hp_gain":0.0,"max_hp_loss":0.0,"gold_gain":0.0,"event_name":"Designer","player_choice":"Single Remove","floor":36.0,"gold_loss":75.0,"damage_taken":0.0},{"damage_healed":0,"gold_gain":50,"player_choice":"Pray","damage_taken":0,"max_hp_gain":0,"max_hp_loss":0,"event_name":"Golden Shrine","floor":39,"gold_loss":0}],"is_beta":false,"boss_relics":[{"not_picked":["White Beast Statue","Calling Bell"],"picked":"Velvet Choker"},{"not_picked":["Fusion Hammer","Black Blood"],"picked":"Pandora\u0027s Box"}],"items_purged_floors":[4,22],"is_endless":false,"potions_floor_spawned":[2,10,12,14,24,30,31,40],"killed_by":"Reptomancer","ascension_level":20}