{"gold_per_floor":[110,127,77,107,125,125,155,155,178,205,217,249,265,295,295,392,392,411,411,411,428,442,442,475,475,555,572,599,617,628,659,659,760,760,780,780,780,792,70,70,83,83,83,118,137,167,167,185,185,185],"floor_reached":51,"playtime":3239,"items_purged":["Strike_B"],"score":1228,"play_id":"7ccac160-ab3b-4aad-9e9d-9a39d518772f","local_time":"20190609072548","is_ascension_mode":true,"campfire_choices":[{"data":"Genetic Algorithm","floor":6,"key":"SMITH"},{"data":"Zap","floor":15,"key":"SMITH"},{"data":"Defragment","floor":23,"key":"SMITH"},{"data":"Sunder","floor":25,"key":"SMITH"},{"data":"Capacitor","floor":32,"key":"SMITH"},{"data":"Echo Form","floor":40,"key":"SMITH"},{"data":"Streamline","floor":42,"key":"SMITH"},{"data":"Dualcast","floor":47,"key":"SMITH"},{"data":"Gash","floor":49,"key":"SMITH"}],"neow_cost":"","seed_source_timestamp":482628246179037,"circlet_count":0,"master_deck":["Strike_B","Defend_B","Defend_B","Defend_B","Defend_B","Zap+1","Dualcast+1","Capacitor+1","Finesse+1","BootSequence","Compile Driver","Gash+1","Melter","Genetic Algorithm+1","Undo+1","Self Repair","Ball Lightning+1","Amplify+1","Gash+1","Glacier+1","Reboot+1","Hologram+1","Glacier+1","Sunder+1","Defragment+1","Fission+1","Glacier+1","Streamline+1","Conserve Battery+1","Multi-Cast+1","Echo Form+1","Defragment+1","Gash+1","Conserve Battery+1","Hologram+1","Reinforced Body+1","Doubt","Doom and Gloom","Stack+1"],"relics":["Cracked Core","TheAbacus","Boot","Tiny Chest","Pen Nib","Lantern","Bag of Marbles","Toxic Egg 2","Art of War","Omamori","Cursed Key","Emotion Chip","Symbiotic Virus","DataDisk","Vajra","Philosopher\u0027s Stone","Whetstone","Ice Cream","War Paint","Lee\u0027s Waffle","Bird Faced Urn","Blood Vial","Torii"],"potions_floor_usage":[14,14,18,28,41],"damage_taken":[{"damage":0,"enemies":"Small Slimes","floor":1,"turns":3},{"damage":0,"enemies":"Jaw Worm","floor":2,"turns":2},{"damage":5,"enemies":"Cultist","floor":5,"turns":3},{"damage":5,"enemies":"3 Sentries","floor":7,"turns":9},{"damage":13,"enemies":"Lagavulin","floor":10,"turns":8},{"damage":0,"enemies":"3 Louse","floor":11,"turns":3},{"damage":0,"enemies":"3 Sentries","floor":12,"turns":8},{"damage":0,"enemies":"2 Fungi Beasts","floor":13,"turns":3},{"damage":13,"enemies":"Gremlin Nob","floor":14,"turns":5},{"damage":12,"enemies":"The Guardian","floor":16,"turns":12},{"damage":2,"enemies":"2 Thieves","floor":18,"turns":4},{"damage":0,"enemies":"Chosen","floor":21,"turns":4},{"damage":0,"enemies":"Shelled Parasite and Fungi","floor":22,"turns":5},{"damage":0,"enemies":"Book of Stabbing","floor":24,"turns":6},{"damage":0,"enemies":"Snecko","floor":27,"turns":5},{"damage":2,"enemies":"Gremlin Leader","floor":28,"turns":8},{"damage":0,"enemies":"Chosen and Byrds","floor":29,"turns":7},{"damage":0,"enemies":"Snake Plant","floor":30,"turns":4},{"damage":0,"enemies":"Slavers","floor":31,"turns":9},{"damage":0,"enemies":"Collector","floor":33,"turns":11},{"damage":0,"enemies":"Orb Walker","floor":35,"turns":3},{"damage":2,"enemies":"3 Darklings","floor":38,"turns":4},{"damage":0,"enemies":"Transient","floor":41,"turns":5},{"damage":24,"enemies":"Reptomancer","floor":44,"turns":8},{"damage":0,"enemies":"Sphere and 2 Shapes","floor":45,"turns":4},{"damage":0,"enemies":"Giant Head","floor":46,"turns":10},{"damage":0,"enemies":"3 Darklings","floor":48,"turns":9},{"damage":77,"enemies":"Time Eater","floor":50,"turns":9}],"seed_played":"-7396132629076529803","potions_obtained":[{"floor":2,"key":"EssenceOfSteel"},{"floor":5,"key":"Weak Potion"},{"floor":11,"key":"GamblersBrew"},{"floor":12,"key":"EssenceOfSteel"},{"floor":14,"key":"SkillPotion"},{"floor":18,"key":"Fire Potion"},{"floor":21,"key":"Ancient Potion"},{"floor":27,"key":"SkillPotion"},{"floor":30,"key":"Ancient Potion"},{"floor":44,"key":"Explosive Potion"},{"floor":45,"key":"Ancient Potion"}],"is_trial":false,"path_per_floor":["M","M","?","?","M","R","E","?","T","E","M","E","M","E","R","B",null,"M","?","?","M","M","R","E","R","T","M","E","M","M","E","R","B",null,"M","?","T","M","$","R","M","R","T","E","M","E","R","M","R","B",null],"character_chosen":"DEFECT","items_purchased":["Capacitor","TheAbacus","Boot","Finesse","BootSequence","Compile Driver","Gash","FearPotion","Ice Cream","War Paint","Lee\u0027s Waffle","Conserve Battery+1","Hologram+1"],"campfire_rested":0,"item_purchase_floors":[0,0,0,0,0,0,0,0,39,39,39,39,39],"current_hp_per_floor":[75,75,75,75,70,70,65,62,62,49,56,63,75,69,69,71,75,75,75,75,75,75,75,75,75,75,75,75,75,75,75,75,75,75,75,75,75,73,82,82,82,82,82,80,82,82,82,82,82,9],"gold":185,"neow_bonus":"","is_prod":false,"is_daily":false,"chose_seed":false,"campfire_upgraded":9,"win_rate":0,"timestamp":1560054348,"path_taken":["M","M","?","?","?","R","E","?","T","E","M","E","M","E","R","BOSS","M","?","?","M","M","R","E","R","T","?","E","M","M","E","R","BOSS","M","?","?","M","$","R","M","R","T","E","M","E","R","?","R","BOSS"],"build_version":"2019-01-23","purchased_purges":1,"victory":true,"max_hp_per_floor":[75,75,75,75,75,75,75,75,75,75,75,75,75,75,75,75,75,75,75,75,75,75,75,75,75,75,75,75,75,75,75,75,75,75,75,75,75,75,82,82,82,82,82,82,82,82,82,82,82,82],"card_choices":[{"not_picked":["Auto Shields","Barrage"],"picked":"Melter","floor":1},{"not_picked":["Hologram","Darkness"],"picked":"Genetic Algorithm","floor":2},{"not_picked":["Coolheaded","Gash"],"picked":"Undo","floor":5},{"not_picked":["Compile Driver","Hello World","FTL"],"picked":"SKIP","floor":7},{"not_picked":["Recycle","Conserve Battery"],"picked":"Self Repair","floor":10},{"not_picked":["Tempest+1","Aggregate+1"],"picked":"Ball Lightning","floor":11},{"not_picked":["Melter","Skim+1"],"picked":"Amplify+1","floor":12},{"not_picked":["Hello World","Skim+1"],"picked":"Gash","floor":13},{"not_picked":["Barrage","Steam Power+1"],"picked":"Glacier+1","floor":14},{"not_picked":["Machine Learning","Biased Cognition"],"picked":"Reboot+1","floor":16},{"not_picked":["Ball Lightning","Steam+1"],"picked":"Hologram+1","floor":18},{"not_picked":["Coolheaded+1","Chill+1"],"picked":"Sunder","floor":21},{"not_picked":["Hello World+1","Conserve Battery+1"],"picked":"Defragment","floor":22},{"not_picked":["Steam Power+1","Cold Snap"],"picked":"Fission+1","floor":24},{"not_picked":["Sweeping Beam","Steam+1","Gash"],"picked":"SKIP","floor":27},{"not_picked":["Cold Snap","Conserve Battery+1"],"picked":"Glacier+1","floor":28},{"not_picked":["Steam+1","Coolheaded+1"],"picked":"Streamline","floor":29},{"not_picked":["Coolheaded+1","Gash"],"picked":"Conserve Battery+1","floor":30},{"not_picked":["Consume+1","Hologram+1"],"picked":"Multi-Cast+1","floor":31},{"not_picked":["All For One","Fission+1"],"picked":"Echo Form","floor":33},{"not_picked":["Sweeping Beam+1","Hologram+1"],"picked":"Defragment+1","floor":35},{"not_picked":["Cold Snap+1","Streamline"],"picked":"Gash+1","floor":38},{"not_picked":["Seek+1","Rebound+1"],"picked":"Reinforced Body+1","floor":41},{"not_picked":["Chill+1","Gash"],"picked":"Doom and Gloom","floor":44},{"not_picked":["Ball Lightning","FTL"],"picked":"Stack+1","floor":45},{"not_picked":["Fusion+1","Hologram+1","Sunder"],"picked":"SKIP","floor":46},{"not_picked":["Reboot+1","Cold Snap","Compile Driver+1"],"picked":"SKIP","floor":48}],"player_experience":160537,"relics_obtained":[{"floor":7,"key":"Pen Nib"},{"floor":9,"key":"Bag of Marbles"},{"floor":10,"key":"Toxic Egg 2"},{"floor":12,"key":"Art of War"},{"floor":14,"key":"Omamori"},{"floor":24,"key":"Emotion Chip"},{"floor":26,"key":"Symbiotic Virus"},{"floor":28,"key":"DataDisk"},{"floor":31,"key":"Vajra"},{"floor":37,"key":"Whetstone"},{"floor":43,"key":"Bird Faced Urn"},{"floor":44,"key":"Blood Vial"},{"floor":46,"key":"Torii"}],"event_choices":[{"cards_removed":["Strike_B"],"damage_healed":0,"gold_gain":0,"player_choice":"Card Removal","damage_taken":0,"max_hp_gain":0,"max_hp_loss":0,"event_name":"The Cleric","floor":3,"gold_loss":50},{"damage_healed":0,"gold_gain":0,"player_choice":"Gave Potion","damage_taken":0,"relics_obtained":["Tiny Chest"],"max_hp_gain":0,"max_hp_loss":0,"event_name":"WeMeetAgain","floor":4,"gold_loss":0},{"damage_healed":0,"gold_gain":0,"player_choice":"Success","damage_taken":3,"relics_obtained":["Lantern"],"max_hp_gain":0,"max_hp_loss":0,"event_name":"Scrap Ooze","floor":8,"gold_loss":0},{"damage_healed":0,"gold_gain":0,"player_choice":"Read","damage_taken":0,"max_hp_gain":0,"max_hp_loss":0,"event_name":"The Library","floor":19,"gold_loss":0,"cards_obtained":["Glacier"]},{"cards_removed":["Strike_B"],"damage_healed":0,"gold_gain":0,"player_choice":"Purged","damage_taken":0,"max_hp_gain":0,"max_hp_loss":0,"event_name":"Purifier","floor":20,"gold_loss":0},{"damage_healed":0,"gold_gain":0,"player_choice":"Ignored","damage_taken":0,"max_hp_gain":0,"max_hp_loss":0,"event_name":"Tomb of Lord Red Mask","floor":36,"gold_loss":0}],"is_beta":false,"boss_relics":[{"not_picked":["Eternal Feather","Lizard Tail"],"picked":"Cursed Key"},{"not_picked":["Astrolabe","energizedSpire:HugeHouse"],"picked":"Philosopher\u0027s Stone"}],"items_purged_floors":[0],"is_endless":false,"potions_floor_spawned":[2,5,11,12,14,18,21,27,30,38,44,45],"ascension_level":1}