{"gold_per_floor":[111,124,134,145,164,164,197,197,197,210,240,205,222,222,222,326,326,339,339,14,37,49,61,86,98,167,207,233,245,182,194,206,218],"floor_reached":33,"playtime":5098,"items_purged":[],"score":302,"play_id":"5a3eec72-687b-4f5f-ac77-ee9a2b3d9016","local_time":"20180813081638","is_ascension_mode":false,"campfire_choices":[{"data":"Electrodynamics","floor":6,"key":"SMITH"},{"data":"Zap","floor":8,"key":"SMITH"},{"data":"Dualcast","floor":15,"key":"SMITH"},{"data":"White Noise","floor":23,"key":"SMITH"},{"data":"Reboot","floor":25,"key":"SMITH"},{"data":"Cold Snap","floor":29,"key":"SMITH"},{"data":"Go for the Eyes","floor":32,"key":"SMITH"}],"neow_cost":"NONE","seed_source_timestamp":298019505094578,"circlet_count":0,"master_deck":["Strike_B+1","Strike_B+1","Strike_B+1","Defend_B+1","Defend_B+1","Defend_B+1","Defend_B+1","Zap+1","Dualcast+1","Go for the Eyes+1","Steam","Rebound","Cold Snap+1","Electrodynamics+1","Genetic Algorithm","Melter+1","Conserve Battery","Undo","Reboot+1","Storm+1","White Noise+1","Steam+1","Hologram+1","Cold Snap+1","Turbo+1"],"relics":["FrozenCore","Oddly Smooth Stone","Dream Catcher","The Courier","Gremlin Horn","Molten Egg 2","MawBank","Tiny Chest","Bottled Tornado"],"potions_floor_usage":[11,16,24,33,33],"damage_taken":[{"damage":0,"enemies":"Cultist","floor":1,"turns":3},{"damage":0,"enemies":"Jaw Worm","floor":2,"turns":4},{"damage":0,"enemies":"2 Louse","floor":3,"turns":2},{"damage":13,"enemies":"Looter","floor":4,"turns":3},{"damage":0,"enemies":"2 Fungi Beasts","floor":5,"turns":3},{"damage":15,"enemies":"3 Sentries","floor":7,"turns":3},{"damage":11,"enemies":"Exordium Wildlife","floor":10,"turns":4},{"damage":5,"enemies":"Gremlin Nob","floor":11,"turns":3},{"damage":1,"enemies":"Blue Slaver","floor":13,"turns":3},{"damage":12,"enemies":"The Guardian","floor":16,"turns":12},{"damage":7,"enemies":"3 Byrds","floor":18,"turns":5},{"damage":0,"enemies":"Chosen","floor":21,"turns":6},{"damage":1,"enemies":"Snecko","floor":24,"turns":8},{"damage":0,"enemies":"Gremlin Leader","floor":27,"turns":6},{"damage":15,"enemies":"Snake Plant","floor":28,"turns":4},{"damage":55,"enemies":"Champ","floor":33,"turns":19}],"seed_played":"2811524211792685323","potions_obtained":[{"floor":1,"key":"Fire Potion"},{"floor":4,"key":"SteroidPotion"},{"floor":5,"key":"SteroidPotion"},{"floor":13,"key":"SteroidPotion"},{"floor":16,"key":"Swift Potion"},{"floor":21,"key":"SkillPotion"},{"floor":27,"key":"Ancient Potion"}],"is_trial":false,"path_per_floor":["M","M","M","M","M","R","E","R","T","M","E","?","M","?","R","B",null,"M","?","$","M","?","R","M","R","T","E","M","R","?","?","R"],"character_chosen":"DEFECT","items_purchased":["Molten Egg 2","MawBank"],"campfire_rested":0,"item_purchase_floors":[20,20],"current_hp_per_floor":[75,75,75,62,62,62,47,47,47,36,31,49,48,33,33,21,75,68,68,68,68,68,68,67,67,67,67,52,52,52,52,52,0],"gold":218,"neow_bonus":"RANDOM_COMMON_RELIC","is_prod":false,"is_daily":false,"chose_seed":false,"campfire_upgraded":7,"win_rate":0,"timestamp":1534137398,"path_taken":["M","M","M","M","?","R","E","R","T","M","E","?","M","?","R","BOSS","M","?","$","M","?","R","M","R","T","E","M","R","?","?","R","BOSS"],"build_version":"2018-08-08","purchased_purges":0,"victory":false,"max_hp_per_floor":[75,75,75,75,75,75,75,75,75,75,75,75,75,75,75,75,75,75,75,75,75,75,75,75,75,75,75,75,75,75,75,75,75],"card_choices":[{"not_picked":["Defragment","Steam"],"picked":"Go for the Eyes","floor":1},{"not_picked":["Gash","Fusion"],"picked":"Steam","floor":2},{"not_picked":["Go for the Eyes","Turbo"],"picked":"Rebound","floor":3},{"not_picked":["Steam","Redo"],"picked":"Cold Snap","floor":4},{"not_picked":["Turbo","Go for the Eyes"],"picked":"Electrodynamics","floor":5},{"not_picked":["Coolheaded","Cold Snap"],"picked":"Genetic Algorithm","floor":7},{"not_picked":["Cold Snap","Steam Power"],"picked":"Melter","floor":10},{"not_picked":["Tempest","Electrodynamics"],"picked":"Conserve Battery","floor":11},{"not_picked":["Tempest","Cold Snap"],"picked":"Undo","floor":13},{"not_picked":["Hyperbeam","Biased Cognition"],"picked":"Reboot","floor":16},{"not_picked":["Melter+1","Cold Snap"],"picked":"Storm+1","floor":18},{"not_picked":["Tempest","Force Field+1"],"picked":"Steam+1","floor":21},{"not_picked":["Go for the Eyes+1","Melter+1"],"picked":"Hologram+1","floor":24},{"not_picked":["Rebound+1","Leap"],"picked":"Cold Snap+1","floor":27},{"not_picked":["Compile Driver+1","Rebound+1"],"picked":"Turbo+1","floor":28}],"player_experience":625715,"relics_obtained":[{"floor":7,"key":"Dream Catcher"},{"floor":9,"key":"The Courier"},{"floor":11,"key":"Gremlin Horn"},{"floor":26,"key":"Tiny Chest"},{"floor":27,"key":"Bottled Tornado"}],"event_choices":[{"event_name":"The Cleric","player_choice":"Healed","floor":12,"damage_taken":0},{"event_name":"Shining Light","player_choice":"Entered Light","floor":14,"damage_taken":0},{"event_name":"The Library","player_choice":"Read","floor":19,"damage_taken":0},{"event_name":"Back to Basics","player_choice":"Simplicity","floor":22,"damage_taken":0},{"event_name":"Beggar","player_choice":"Gave Gold","floor":30,"damage_taken":0},{"event_name":"The Woman in Blue","player_choice":"Bought 0 Potions","floor":31,"damage_taken":0}],"is_beta":true,"boss_relics":[{"not_picked":["Snecko Eye","Nuclear Battery"],"picked":"FrozenCore"}],"items_purged_floors":[],"is_endless":false,"potions_floor_spawned":[1,4,5,13,16,21,27],"killed_by":"Champ","ascension_level":0}