{"gold_per_floor":[129,191,204,204,47,102,135,208,266,376,428,440,516,591,603,734,746,773,710,722,804,849,936,948,1004,1040,1113,1184,1231,1307,1352,1364,1505,1517,1575,1611,1658,526,616,616,654,654,722,778,816,877,916,979,979,979],"floor_reached":51,"playtime":2361,"items_purged":["Injury","Normality"],"score":1586,"play_id":"ae6b89ef-42a5-4012-9340-7612ab1f13c8","local_time":"20181108182410","daily_mods":["Vintage","Allstar","Heirloom","Time Dilation","Flight","DeadlyEvents","Elite Swarm"],"is_ascension_mode":true,"campfire_choices":[{"floor":12.0,"key":"REST"},{"data":"HandOfGreed","floor":15.0,"key":"SMITH"},{"data":"Fission","floor":24,"key":"SMITH"},{"data":"Buffer","floor":32,"key":"SMITH"},{"data":"Redo","floor":40,"key":"SMITH"},{"data":"Rainbow","floor":42,"key":"SMITH"},{"data":"Thunder Strike","floor":49,"key":"SMITH"}],"neow_cost":"","seed_source_timestamp":0,"circlet_count":0,"master_deck":["Strike_B","Strike_B","Strike_B+1","Strike_B","Defend_B","Defend_B","Defend_B","Zap+1","Dualcast","Sadistic Nature","Blind+1","Violence","Mind Blast","HandOfGreed+1","Chill","Seek","Core Surge+1","Electrodynamics","BootSequence","Machine Learning","Ball Lightning","All For One","Echo Form","Thunder Strike+1","Beam Cell","Multi-Cast","Fission+1","Echo Form","Seek","Buffer+1","Creative AI","Core Surge","Parasite","Parasite","Reboot","FTL","Conserve Battery","Redo+1","Good Instincts","Secret Technique","Self Repair","Rip and Tear","Cold Snap+1","Rainbow+1","Buffer","Meteor Strike","Amplify"],"special_seed":0,"relics":["Cracked Core","Prayer Wheel","Mercury Hourglass","Dream Catcher","Golden Idol","Orichalcum","MawBank","PreservedInsect","Bag of Preparation","Regal Pillow","Ice Cream","Gambling Chip","Centennial Puzzle","Sozu","Whetstone","Tiny Chest","Lantern","Strawberry","War Paint","Bronze Scales","Meat on the Bone","Bag of Marbles","Bottled Lightning","Torii","Darkstone Periapt","Calling Bell","Boot","Kunai","Shovel","Blood Vial","Anchor","Oddly Smooth Stone","Sling","Omamori","Potion Belt","Pocketwatch","Happy Flower","Symbiotic Virus","Sundial","DataDisk","Pen Nib","Nunchaku","Frozen Egg 2"],"potions_floor_usage":[50,50,50],"damage_taken":[{"damage":8.0,"enemies":"Jaw Worm","floor":1.0,"turns":5.0},{"damage":5.0,"enemies":"2 Louse","floor":3.0,"turns":2.0},{"damage":10.0,"enemies":"Gremlin Nob","floor":6.0,"turns":3.0},{"damage":10.0,"enemies":"Lagavulin","floor":7.0,"turns":5.0},{"damage":11.0,"enemies":"Gremlin Nob","floor":8.0,"turns":4.0},{"damage":10.0,"enemies":"Lagavulin Event","floor":10.0,"turns":3.0},{"damage":0.0,"enemies":"3 Sentries","floor":11.0,"turns":1.0},{"damage":13.0,"enemies":"Lagavulin","floor":13.0,"turns":3.0},{"damage":0.0,"enemies":"Gremlin Nob","floor":14.0,"turns":2.0},{"damage":25.0,"enemies":"Slime Boss","floor":16.0,"turns":5.0},{"damage":0.0,"enemies":"Spheric Guardian","floor":18.0,"turns":3.0},{"damage":0.0,"enemies":"3 Byrds","floor":21.0,"turns":3.0},{"damage":7.0,"enemies":"Gremlin Leader","floor":22.0,"turns":3.0},{"damage":7.0,"enemies":"Slavers","floor":23.0,"turns":2.0},{"damage":0,"enemies":"Book of Stabbing","floor":25,"turns":2},{"damage":3,"enemies":"Slavers","floor":27,"turns":2},{"damage":2,"enemies":"Book of Stabbing","floor":28,"turns":3},{"damage":0,"enemies":"Gremlin Leader","floor":29,"turns":3},{"damage":0,"enemies":"Slavers","floor":30,"turns":1},{"damage":2,"enemies":"Book of Stabbing","floor":31,"turns":3},{"damage":1,"enemies":"Automaton","floor":33,"turns":4},{"damage":0,"enemies":"Orb Walker","floor":35,"turns":3},{"damage":0,"enemies":"Nemesis","floor":37,"turns":5},{"damage":0,"enemies":"2 Orb Walkers","floor":39,"turns":3},{"damage":10,"enemies":"Giant Head","floor":41,"turns":6},{"damage":0,"enemies":"Reptomancer","floor":44,"turns":3},{"damage":0,"enemies":"Nemesis","floor":45,"turns":2},{"damage":0,"enemies":"Reptomancer","floor":46,"turns":4},{"damage":0,"enemies":"Nemesis","floor":47,"turns":2},{"damage":0,"enemies":"Reptomancer","floor":48,"turns":4},{"damage":0,"enemies":"Time Eater","floor":50,"turns":5}],"seed_played":"-1988625626329309249","potions_obtained":[{"floor":8.0,"key":"Explosive Potion"},{"floor":10.0,"key":"AttackPotion"},{"floor":11.0,"key":"Poison Potion"},{"floor":13.0,"key":"Energy Potion"},{"floor":14.0,"key":"Strength Potion"}],"is_trial":true,"path_per_floor":["M","?","M","?","$","E","E","E","T","?","E","R","E","E","R","B",null,"M","?","?","M","E","E","E","R","E","T","E","E","E","E","E","R","B",null,"M","T","E","$","?","R","E","R","T","E","E","E","E","E","R","B",null],"character_chosen":"DEFECT","items_purchased":["Chill","Sling","Omamori","Potion Belt","FTL","Conserve Battery","Redo","Good Instincts","Secret Technique","Self Repair","Rip and Tear"],"campfire_rested":1,"item_purchase_floors":[5,38,38,38,38,38,38,38,38,38,38],"current_hp_per_floor":[67,67,62,62,62,52,42,31,31,21,21,58,45,45,45,20,75,75,75,75,75,68,68,68,68,68,65,63,63,63,61,61,60,100,100,100,100,100,100,100,97,97,97,99,100,100,100,100,100,100],"gold":979,"neow_bonus":"","is_prod":false,"is_daily":false,"chose_seed":false,"campfire_upgraded":6,"win_rate":0,"timestamp":1541690650,"path_taken":["M","?","M","?","$","E","E","E","T","?","?","R","E","E","R","BOSS","M","?","?","?","?","E","R","E","T","E","E","E","E","E","R","BOSS","M","?","?","$","?","R","E","R","T","E","E","E","E","?","R","BOSS"],"build_version":"2018-11-07","purchased_purges":2,"victory":true,"max_hp_per_floor":[75,75,75,75,75,75,75,75,75,75,75,75,75,75,75,75,75,75,75,75,75,75,82,82,82,82,82,82,82,82,82,82,82,100,100,100,100,100,100,100,100,100,100,100,100,100,100,100,100,100],"card_choices":[{"not_picked":["Multi-Cast","Biased Cognition"],"picked":"Seek","floor":6.0},{"not_picked":["Amplify","Rainbow"],"picked":"Core Surge","floor":7.0},{"not_picked":["Buffer","Seek"],"picked":"Electrodynamics","floor":8.0},{"not_picked":["Barrage","Hologram"],"picked":"BootSequence","floor":10.0},{"not_picked":["Core Surge","Meteor Strike"],"picked":"Machine Learning","floor":11.0},{"not_picked":["Gash","Skim"],"picked":"Ball Lightning","floor":12.0},{"not_picked":["Rainbow","Seek"],"picked":"All For One","floor":13.0},{"not_picked":["Electrodynamics","Amplify"],"picked":"Echo Form","floor":14.0},{"not_picked":["Multi-Cast","Core Surge"],"picked":"Thunder Strike","floor":16.0},{"not_picked":["Electrodynamics","Amplify"],"picked":"Multi-Cast","floor":22.0},{"not_picked":["Multi-Cast","All For One"],"picked":"Fission","floor":23},{"not_picked":["Rainbow","Meteor Strike"],"picked":"Echo Form","floor":25},{"not_picked":["Meteor Strike","Reboot"],"picked":"Seek","floor":27},{"not_picked":["Fission","Creative AI"],"picked":"Buffer","floor":28},{"not_picked":["Seek","Meteor Strike"],"picked":"Creative AI","floor":29},{"not_picked":["Fission","Electrodynamics"],"picked":"Core Surge","floor":30},{"not_picked":["Seek","Electrodynamics","All For One"],"picked":"SKIP","floor":31},{"not_picked":["Meteor Strike","Amplify"],"picked":"Reboot","floor":37},{"not_picked":["Barrage+1","Doom and Gloom+1"],"picked":"Cold Snap+1","floor":39},{"not_picked":["Multi-Cast","Creative AI"],"picked":"Rainbow","floor":41},{"not_picked":["Rainbow","Hyperbeam","Machine Learning"],"picked":"SKIP","floor":44},{"not_picked":["Creative AI","Hyperbeam"],"picked":"Buffer","floor":45},{"not_picked":["Machine Learning","Hyperbeam"],"picked":"Meteor Strike","floor":46},{"not_picked":["Echo Form","Meteor Strike"],"picked":"Amplify","floor":47},{"not_picked":["Amplify","Electrodynamics","Multi-Cast"],"picked":"SKIP","floor":48}],"player_experience":883362,"relics_obtained":[{"floor":1.0,"key":"Mercury Hourglass"},{"floor":3.0,"key":"Dream Catcher"},{"floor":6.0,"key":"Orichalcum"},{"floor":7.0,"key":"MawBank"},{"floor":8.0,"key":"PreservedInsect"},{"floor":9.0,"key":"Bag of Preparation"},{"floor":10.0,"key":"Regal Pillow"},{"floor":11.0,"key":"Ice Cream"},{"floor":13.0,"key":"Gambling Chip"},{"floor":14.0,"key":"Centennial Puzzle"},{"floor":18.0,"key":"Whetstone"},{"floor":21.0,"key":"Tiny Chest"},{"floor":22.0,"key":"Lantern"},{"floor":23,"key":"Strawberry"},{"floor":25,"key":"War Paint"},{"floor":26,"key":"Bronze Scales"},{"floor":27,"key":"Meat on the Bone"},{"floor":28,"key":"Bag of Marbles"},{"floor":29,"key":"Bottled Lightning"},{"floor":30,"key":"Torii"},{"floor":31,"key":"Darkstone Periapt"},{"floor":34,"key":"Boot"},{"floor":34,"key":"Kunai"},{"floor":34,"key":"Shovel"},{"floor":35,"key":"Blood Vial"},{"floor":36,"key":"Anchor"},{"floor":37,"key":"Oddly Smooth Stone"},{"floor":39,"key":"Pocketwatch"},{"floor":41,"key":"Happy Flower"},{"floor":43,"key":"Symbiotic Virus"},{"floor":44,"key":"Sundial"},{"floor":45,"key":"DataDisk"},{"floor":46,"key":"Pen Nib"},{"floor":47,"key":"Nunchaku"},{"floor":48,"key":"Frozen Egg 2"}],"event_choices":[{"damage_healed":0.0,"max_hp_gain":0.0,"max_hp_loss":0.0,"gold_gain":62.0,"event_name":"Golden Wing","player_choice":"Gained Gold","floor":2.0,"gold_loss":0.0,"damage_taken":0.0},{"damage_healed":0.0,"max_hp_gain":0.0,"max_hp_loss":0.0,"gold_gain":0.0,"event_name":"Golden Idol","player_choice":"Take Wound","floor":4.0,"gold_loss":0.0,"damage_taken":0.0,"relics_obtained":["Golden Idol"],"cards_obtained":["Injury"]},{"damage_healed":0.0,"max_hp_gain":0.0,"max_hp_loss":0.0,"gold_gain":0.0,"event_name":"Dead Adventurer","player_choice":"Searched \u00271\u0027 times","floor":10.0,"gold_loss":0.0,"damage_taken":0.0},{"cards_removed":["Defend_B"],"damage_healed":0.0,"max_hp_gain":0.0,"max_hp_loss":0.0,"gold_gain":0.0,"event_name":"Beggar","player_choice":"Gave Gold","floor":19.0,"gold_loss":75.0,"damage_taken":0.0},{"damage_healed":0.0,"max_hp_gain":0.0,"max_hp_loss":0.0,"gold_gain":0.0,"event_name":"The Library","player_choice":"Read","floor":20.0,"gold_loss":0.0,"damage_taken":0.0,"cards_obtained":["Beam Cell"]},{"damage_healed":0,"gold_gain":0,"player_choice":"Fight","damage_taken":0,"max_hp_gain":0,"max_hp_loss":0,"event_name":"Mysterious Sphere","floor":39,"gold_loss":0}],"is_beta":true,"boss_relics":[{"not_picked":["White Beast Statue","Coffee Dripper"],"picked":"Sozu"},{"not_picked":["Empty Cage","Velvet Choker"],"picked":"Calling Bell"}],"items_purged_floors":[5,38],"is_endless":false,"potions_floor_spawned":[8,10,11,13,14,18,22,25,28,30,37,41,45,47,48],"ascension_level":1}