{"gold_per_floor":[10,20,32,45,45,45,57,92,138,152,168,183,203,214,214,318,318,337,357,160,175,274,274,293,307,330,330,349,362,373,386,386,484,534,553,566,566,566],"floor_reached":38,"playtime":2309,"items_purged":["Defend_G"],"score":417,"play_id":"85d128cf-73cb-4c25-8dab-acc6946df3f0","local_time":"20180722203650","is_ascension_mode":false,"campfire_choices":[{"data":"Die Die Die","floor":6.0,"key":"SMITH"},{"floor":15.0,"key":"REST"},{"data":"Glass Knife","floor":23.0,"key":"SMITH"},{"floor":27.0,"key":"REST"},{"floor":32,"key":"REST"}],"neow_cost":"NO_GOLD","seed_source_timestamp":0,"circlet_count":0,"master_deck":["Defend_G","Defend_G","Defend_G","Defend_G","Strike_G","Strike_G","Strike_G","Strike_G","Survivor","Neutralize","Die Die Die+1","Flying Knee","Escape Plan","Dagger Spray","Well Laid Plans","Glass Knife+1","Dodge and Roll","Heel Hook","Dodge and Roll","Tactician","Cloak And Dagger","Slice","Glass Knife","Crippling Poison+1","Slice","Backstab","Deflect+1","Predator","Leg Sweep","Dodge and Roll","Backflip","Cloak And Dagger+1","Malaise","Backflip","Backstab","Adrenaline"],"special_seed":0,"relics":["Ring of the Serpent","Ginger","Regal Pillow","Snake Skull","Tiny House"],"potions_floor_usage":[31,33,33,38,38,38],"damage_taken":[{"damage":0.0,"enemies":"Small Slimes","floor":1.0,"turns":2.0},{"damage":2.0,"enemies":"2 Louse","floor":2.0,"turns":2.0},{"damage":0.0,"enemies":"Cultist","floor":3.0,"turns":3.0},{"damage":12.0,"enemies":"Gremlin Gang","floor":4.0,"turns":3.0},{"damage":5.0,"enemies":"Exordium Wildlife","floor":7.0,"turns":3.0},{"damage":17.0,"enemies":"Gremlin Nob","floor":8.0,"turns":4.0},{"damage":7.0,"enemies":"Looter","floor":10.0,"turns":2.0},{"damage":0.0,"enemies":"3 Louse","floor":11.0,"turns":2.0},{"damage":4.0,"enemies":"Red Slaver","floor":12.0,"turns":2.0},{"damage":1.0,"enemies":"Lots of Slimes","floor":13.0,"turns":3.0},{"damage":0.0,"enemies":"Exordium Thugs","floor":14.0,"turns":3.0},{"damage":35.0,"enemies":"Hexaghost","floor":16.0,"turns":14.0},{"damage":9.0,"enemies":"Chosen","floor":18.0,"turns":5.0},{"damage":5.0,"enemies":"3 Byrds","floor":19.0,"turns":4.0},{"damage":20.0,"enemies":"Snake Plant","floor":21.0,"turns":5.0},{"damage":4.0,"enemies":"Centurion and Healer","floor":24.0,"turns":6.0},{"damage":10.0,"enemies":"3 Cultists","floor":25.0,"turns":4.0},{"damage":12.0,"enemies":"Snecko","floor":28.0,"turns":5.0},{"damage":21.0,"enemies":"Sentry and Sphere","floor":29.0,"turns":6.0},{"damage":10,"enemies":"Cultist and Chosen","floor":30,"turns":6},{"damage":6,"enemies":"Snecko","floor":31,"turns":5},{"damage":43,"enemies":"Automaton","floor":33,"turns":11},{"damage":29,"enemies":"Flame Bruiser 1 Orb","floor":35,"turns":9},{"damage":5,"enemies":"Orb Walker","floor":36,"turns":4},{"damage":50,"enemies":"Donu and Deca","floor":38,"turns":4}],"seed_played":"817381424320115634","potions_obtained":[{"floor":2.0,"key":"FairyPotion"},{"floor":8.0,"key":"Dexterity Potion"},{"floor":10.0,"key":"Fruit Juice"},{"floor":11.0,"key":"LiquidBronze"},{"floor":16.0,"key":"FearPotion"},{"floor":18.0,"key":"Block Potion"},{"floor":29.0,"key":"AttackPotion"},{"floor":30,"key":"Strength Potion"},{"floor":33,"key":"GamblersBrew"},{"floor":34,"key":"Swift Potion"},{"floor":36,"key":"Block Potion"}],"is_trial":false,"path_per_floor":["M","M","M","M","?","R","M","E","T","M","M","M","M","M","R","B",null,"M","M","$","M","?","R","M","M","T","R","M","M","M","M","R","B",null,"M","M","?"],"character_chosen":"THE_SILENT","items_purchased":["Backstab","Deflect"],"campfire_rested":3,"item_purchase_floors":[20,20],"current_hp_per_floor":[70,68,68,56,49,49,44,27,27,20,25,21,20,20,57,22,75,66,61,61,41,41,41,37,27,27,64,52,31,21,15,52,9,80,51,46,46,0],"gold":566,"neow_bonus":"THREE_RARE_CARDS","is_prod":false,"is_daily":false,"chose_seed":false,"campfire_upgraded":2,"win_rate":0,"timestamp":1532281010,"path_taken":["M","M","M","M","?","R","M","E","T","M","M","M","M","M","R","BOSS","M","M","$","?","?","R","M","M","T","R","M","?","M","M","R","BOSS","M","?","?","BOSS"],"build_version":"2018-07-19","purchased_purges":1,"victory":false,"max_hp_per_floor":[70,70,70,70,70,70,70,70,70,70,75,75,75,75,75,75,75,75,75,75,75,75,75,75,75,75,75,75,75,75,75,75,75,80,80,80,80,80],"card_choices":[{"not_picked":["Envenom","A Thousand Cuts"],"picked":"Die Die Die","floor":0.0},{"not_picked":["Sucker Punch","Cloak And Dagger"],"picked":"Flying Knee","floor":1.0},{"not_picked":["Blade Dance","All Out Attack"],"picked":"Escape Plan","floor":2.0},{"not_picked":["Outmaneuver","Blade Dance"],"picked":"Dagger Spray","floor":3.0},{"not_picked":["Dagger Throw","All Out Attack"],"picked":"Well Laid Plans","floor":4.0},{"not_picked":["Deflect","Flying Knee"],"picked":"Glass Knife","floor":7.0},{"not_picked":["Poisoned Stab","Dagger Spray"],"picked":"Dodge and Roll","floor":8.0},{"not_picked":["Acrobatics","Concentrate"],"picked":"Heel Hook","floor":10.0},{"not_picked":["Riddle With Holes","Heel Hook"],"picked":"Dodge and Roll","floor":11.0},{"not_picked":["Backflip","Prepared"],"picked":"Tactician","floor":12.0},{"not_picked":["Crippling Poison","Envenom"],"picked":"Cloak And Dagger","floor":13.0},{"not_picked":["All Out Attack","Dodge and Roll"],"picked":"Slice","floor":14.0},{"not_picked":["Venomology","Unload"],"picked":"Glass Knife","floor":16.0},{"not_picked":["Setup","Dagger Throw"],"picked":"Crippling Poison+1","floor":18.0},{"not_picked":["Outmaneuver+1","Blade Dance"],"picked":"Slice","floor":19.0},{"not_picked":["Caltrops","Quick Slash"],"picked":"Predator","floor":21.0},{"not_picked":["Dodge and Roll","Distraction","Dagger Spray"],"picked":"SKIP","floor":24.0},{"not_picked":["Noxious Fumes","Deflect"],"picked":"Leg Sweep","floor":25.0},{"not_picked":["Reflex+1","Setup"],"picked":"Dodge and Roll","floor":28.0},{"not_picked":["Dagger Throw","A Thousand Cuts"],"picked":"Backflip","floor":29.0},{"not_picked":["Poisoned Stab","Escape Plan"],"picked":"Cloak And Dagger+1","floor":30},{"not_picked":["Underhanded Strike","Poisoned Stab","Outmaneuver"],"picked":"SKIP","floor":31},{"not_picked":["Night Terror","Die Die Die"],"picked":"Malaise","floor":33},{"not_picked":["Poisoned Stab+1","Underhanded Strike"],"picked":"Backflip","floor":34},{"not_picked":["Masterful Stab","Dodge and Roll+1"],"picked":"Backstab","floor":35},{"not_picked":["Backflip+1","Finisher+1"],"picked":"Adrenaline","floor":36}],"player_experience":557773,"relics_obtained":[{"floor":8.0,"key":"Ginger"},{"floor":9.0,"key":"Regal Pillow"},{"floor":26.0,"key":"Snake Skull"}],"event_choices":[{"event_name":"Golden Wing","player_choice":"Card Removal","floor":5.0,"damage_taken":0.0},{"event_name":"Nest","player_choice":"Stole From Cult","floor":22.0,"damage_taken":0.0},{"event_name":"SecretPortal","player_choice":"Took Portal.","floor":37,"damage_taken":0}],"is_beta":true,"boss_relics":[{"not_picked":["Calling Bell","Black Star"],"picked":"Ring of the Serpent"},{"not_picked":["White Beast Statue","Runic Dome"],"picked":"Tiny House"}],"items_purged_floors":[20],"is_endless":false,"potions_floor_spawned":[2,8,10,11,16,18,25,29,30,33,36],"killed_by":"Donu and Deca","ascension_level":0}