{"gold_per_floor":[13,33,33,50,64,97,107,136,162,162,224,238,238,48,48,150,150,169,169,183,200,16,44,63,63,93,111,111,124,135,135,135,240,240,255,274,54,70,82,112,112,127,127,127,127,127,137,157,157,157],"floor_reached":50,"playtime":3170,"items_purged":[],"score":610,"play_id":"86105773-ecfc-472f-be45-1addaab7d0e9","local_time":"20180731063026","is_ascension_mode":false,"campfire_choices":[{"data":"Zap","floor":10,"key":"SMITH"},{"floor":13,"key":"REST"},{"data":"Dualcast","floor":15,"key":"SMITH"},{"floor":28,"key":"REST"},{"floor":32,"key":"REST"},{"floor":41,"key":"REST"},{"floor":44,"key":"REST"},{"floor":49,"key":"REST"}],"neow_cost":"NO_GOLD","seed_source_timestamp":535808145697663,"circlet_count":0,"master_deck":["Strike_B","Strike_B","Strike_B","Strike_B","Defend_B","Defend_B","Defend_B","Defend_B","Zap+1","Dualcast+1","Creative AI","Chill","Ball Lightning","Cold Snap","Streamline","Conserve Battery","All For One","Ball Lightning","Conserve Battery","Defragment","Machine Learning","Rebound+1","Echo Form","Genetic Algorithm","Loop","Hologram","Turbo+1","Seek","Cold Snap+1","Glacier","Rainbow","Redo+1","Stack+1","Finesse","Gash","Auto Shields","Steam Power+1","All For One","Scrape+1","Barrage+1","Forethought","Discovery","Apotheosis","Cold Snap+1","Turbo+1"],"relics":["Cracked Core","Gambling Chip","Centennial Puzzle","Lantern","DataDisk","Fusion Hammer","Nloth\u0027s Gift","Strawberry","Art of War","Tiny Chest","Sozu","Thread and Needle","Darkstone Periapt","Bottled Flame"],"potions_floor_usage":[6,8,16,23,23,27,33,50],"damage_taken":[{"damage":6,"enemies":"Cultist","floor":1,"turns":6},{"damage":9,"enemies":"Jaw Worm","floor":2,"turns":5},{"damage":10,"enemies":"Small Slimes","floor":4,"turns":3},{"damage":0,"enemies":"Exordium Wildlife","floor":5,"turns":2},{"damage":19,"enemies":"Lagavulin","floor":6,"turns":6},{"damage":3,"enemies":"Looter","floor":7,"turns":2},{"damage":5,"enemies":"3 Sentries","floor":8,"turns":6},{"damage":10,"enemies":"Blue Slaver","floor":12,"turns":2},{"damage":0,"enemies":"Hexaghost","floor":16,"turns":6},{"damage":9,"enemies":"2 Thieves","floor":18,"turns":3},{"damage":5,"enemies":"Shell Parasite","floor":20,"turns":3},{"damage":2,"enemies":"Sentry and Sphere","floor":21,"turns":3},{"damage":5,"enemies":"Gremlin Leader","floor":23,"turns":7},{"damage":6,"enemies":"Cultist and Chosen","floor":24,"turns":4},{"damage":0,"enemies":"3 Cultists","floor":27,"turns":2},{"damage":14,"enemies":"Snake Plant","floor":29,"turns":2},{"damage":0,"enemies":"Snecko","floor":30,"turns":4},{"damage":40,"enemies":"Champ","floor":33,"turns":10},{"damage":0,"enemies":"3 Shapes","floor":35,"turns":5},{"damage":2,"enemies":"Flame Bruiser 1 Orb","floor":36,"turns":5},{"damage":3,"enemies":"4 Shapes","floor":38,"turns":5},{"damage":1,"enemies":"3 Darklings","floor":39,"turns":7},{"damage":59,"enemies":"2 Orb Walkers","floor":40,"turns":6},{"damage":6,"enemies":"Sphere and 2 Shapes","floor":42,"turns":5},{"damage":13,"enemies":"Spire Growth","floor":47,"turns":5},{"damage":10,"enemies":"Maw","floor":48,"turns":5},{"damage":52,"enemies":"Awakened One","floor":50,"turns":8}],"seed_played":"-5448794502288655232","potions_obtained":[{"floor":1,"key":"Block Potion"},{"floor":6,"key":"PowerPotion"},{"floor":8,"key":"PowerPotion"},{"floor":16,"key":"Energy Potion"},{"floor":20,"key":"Fire Potion"},{"floor":21,"key":"Dexterity Potion"},{"floor":24,"key":"PowerPotion"},{"floor":27,"key":"Ancient Potion"}],"is_trial":false,"path_per_floor":["M","M","?","M","M","E","M","E","T","R","?","M","R","$","R","B",null,"M","?","M","M","$","E","M","?","T","M","R","M","M","?","R","B",null,"M","M","$","M","M","E","R","M","T","R","?","T","M","M","R"],"character_chosen":"DEFECT","items_purchased":["DataDisk","Defragment","Loop","Strawberry","Finesse","Gash","Auto Shields"],"campfire_rested":6,"item_purchase_floors":[14,14,22,22,37,37,37],"current_hp_per_floor":[69,60,57,47,47,28,25,20,20,20,20,10,32,32,32,32,75,66,66,61,59,66,61,55,55,55,55,79,65,65,65,82,42,82,82,80,80,77,76,17,41,35,35,59,49,49,36,26,50,0],"gold":157,"neow_bonus":"THREE_RARE_CARDS","is_prod":false,"is_daily":false,"chose_seed":false,"campfire_upgraded":2,"win_rate":0,"timestamp":1533007826,"path_taken":["M","?","?","M","M","E","M","E","T","R","?","?","R","$","R","BOSS","M","?","M","M","$","E","M","?","T","?","R","M","M","?","R","BOSS","M","M","$","M","M","E","R","M","T","R","?","?","M","M","R","BOSS"],"build_version":"2018-07-26","purchased_purges":0,"victory":false,"max_hp_per_floor":[75,75,75,75,75,75,75,75,75,75,75,75,75,75,75,75,75,75,75,75,75,82,82,82,82,82,82,82,82,82,82,82,82,82,82,82,82,82,82,82,82,82,82,82,82,82,82,82,82,82],"card_choices":[{"not_picked":["Buffer","Machine Learning"],"picked":"Creative AI","floor":0},{"not_picked":["Rebound","Barrage"],"picked":"Chill","floor":1},{"not_picked":["Turbo","Storm"],"picked":"Ball Lightning","floor":2},{"not_picked":["Tempest","Blizzard"],"picked":"Cold Snap","floor":4},{"not_picked":["Turbo","Glacier"],"picked":"Streamline","floor":5},{"not_picked":["Beam Cell","Recycle"],"picked":"Conserve Battery","floor":6},{"not_picked":["Chill","Tempest"],"picked":"All For One","floor":7},{"not_picked":["Chill","Static Discharge"],"picked":"Ball Lightning","floor":8},{"not_picked":["Streamline","Cold Snap"],"picked":"Conserve Battery","floor":12},{"not_picked":["All For One","Biased Cognition"],"picked":"Machine Learning","floor":16},{"not_picked":["Chill+1","Steam"],"picked":"Rebound+1","floor":18},{"not_picked":["Scrape+1","Barrage"],"picked":"Echo Form","floor":20},{"not_picked":["Steam","Hyperbeam"],"picked":"Genetic Algorithm","floor":21},{"not_picked":["Thunder Strike","Electrodynamics"],"picked":"Hologram","floor":23},{"not_picked":["Hologram+1","Recycle"],"picked":"Turbo+1","floor":24},{"not_picked":["Conserve Battery","Turbo","Blizzard"],"picked":"SKIP","floor":27},{"not_picked":["Doom and Gloom","Ball Lightning"],"picked":"Seek","floor":29},{"not_picked":["Coolheaded","Turbo"],"picked":"Cold Snap+1","floor":30},{"not_picked":["Electrodynamics","Creative AI"],"picked":"Rainbow","floor":33},{"not_picked":["Self Repair","Streamline"],"picked":"Redo+1","floor":35},{"not_picked":["Cold Snap+1","Sweeping Beam"],"picked":"Stack+1","floor":36},{"not_picked":["Redo","Coolheaded"],"picked":"Steam Power+1","floor":38},{"not_picked":["Streamline","Redo+1"],"picked":"All For One","floor":39},{"not_picked":["Fusion","Ball Lightning"],"picked":"Scrape+1","floor":40},{"not_picked":["Cold Snap","Steam Power+1"],"picked":"Barrage+1","floor":42},{"not_picked":["HandOfGreed","Deep Breath"],"picked":"Forethought","floor":45},{"not_picked":["The Bomb","Swift Strike"],"picked":"Discovery","floor":45},{"not_picked":["Good Instincts","Dramatic Entrance"],"picked":"Apotheosis","floor":45},{"not_picked":["Compile Driver+1","Streamline"],"picked":"Cold Snap+1","floor":47},{"not_picked":["Ball Lightning+1","Steam"],"picked":"Turbo+1","floor":48}],"player_experience":577560,"relics_obtained":[{"floor":6,"key":"Centennial Puzzle"},{"floor":8,"key":"Oddly Smooth Stone"},{"floor":9,"key":"Lantern"},{"floor":23,"key":"Art of War"},{"floor":26,"key":"Tiny Chest"},{"floor":40,"key":"Thread and Needle"},{"floor":43,"key":"Darkstone Periapt"},{"floor":46,"key":"Bottled Flame"}],"event_choices":[{"event_name":"Scrap Ooze","player_choice":"success","floor":3,"damage_taken":3},{"event_name":"Golden Wing","player_choice":"Gained Gold","floor":11,"damage_taken":0},{"event_name":"N\u0027loth","player_choice":"Traded a Oddly Smooth Stone","floor":19,"damage_taken":0},{"event_name":"Addict","player_choice":"Ignored","floor":25,"damage_taken":0},{"event_name":"The Library","player_choice":"Read","floor":31,"damage_taken":0},{"event_name":"SensoryStone","player_choice":"Memory 3","floor":45,"damage_taken":0}],"is_beta":true,"boss_relics":[{"not_picked":["Runic Dome","Tiny House"],"picked":"Fusion Hammer"},{"not_picked":["Nuclear Battery","Busted Crown"],"picked":"Sozu"}],"items_purged_floors":[],"is_endless":false,"potions_floor_spawned":[1,6,8,16,20,21,24,27,35,38,48],"killed_by":"Awakened One","ascension_level":0}