{"gold_per_floor":[114,128,146,146,169,169,204,204,204,204,204,204],"floor_reached":12,"playtime":426,"items_purged":[],"score":82,"play_id":"3352be50-2678-4eff-96c2-0e0e5046fa51","local_time":"20190513193318","is_ascension_mode":true,"campfire_choices":[{"data":"strawberrySpire:Adapter","floor":6,"key":"SMITH"},{"data":"strawberrySpire:Adapter","floor":8,"key":"SMITH"},{"data":"Zap","floor":11,"key":"SMITH"}],"neow_cost":"TEN_PERCENT_HP_LOSS","seed_source_timestamp":174349034676947,"circlet_count":0,"master_deck":["Strike_B","Strike_B","Defend_B","Defend_B","Defend_B","Zap+1","Dualcast","strawberrySpire:Adapter+1","Stack","strawberrySpire:Adapter+1","Go for the Eyes","BootSequence"],"relics":["Cracked Core","Golden Idol","Potion Belt","Meat on the Bone"],"potions_floor_usage":[7,12],"damage_taken":[{"damage":1,"enemies":"Cultist","floor":1,"turns":4},{"damage":0,"enemies":"2 Louse","floor":2,"turns":2},{"damage":3,"enemies":"Small Slimes","floor":3,"turns":3},{"damage":6,"enemies":"Looter","floor":5,"turns":3},{"damage":27,"enemies":"strawberrySpire:EnergyPylons","floor":7,"turns":6},{"damage":23,"enemies":"3 Sentries","floor":12,"turns":8}],"seed_played":"3854302321467628911","potions_obtained":[{"floor":1,"key":"Regen Potion"},{"floor":5,"key":"SneckoOil"}],"is_trial":false,"path_per_floor":["M","M","M","?","M","R","E","R","T","?","R","E"],"character_chosen":"DEFECT","items_purchased":[],"campfire_rested":0,"item_purchase_floors":[],"current_hp_per_floor":[67,67,64,47,41,41,29,29,29,22,22,0],"gold":204,"neow_bonus":"REMOVE_TWO","is_prod":false,"is_daily":false,"chose_seed":false,"campfire_upgraded":3,"win_rate":0,"timestamp":1557765198,"path_taken":["M","M","?","?","M","R","E","R","T","?","R","E"],"build_version":"2019-01-23","purchased_purges":0,"victory":false,"max_hp_per_floor":[68,68,68,68,68,68,68,68,68,68,68,68],"card_choices":[{"not_picked":["Reprogram","Hologram"],"picked":"strawberrySpire:Adapter","floor":1},{"not_picked":["Chaos","strawberrySpire:ReturnNull"],"picked":"Stack","floor":2},{"not_picked":["strawberrySpire:NeonFlight","Auto Shields"],"picked":"strawberrySpire:Adapter","floor":3},{"not_picked":["Steam","strawberrySpire:NeonFlight"],"picked":"Go for the Eyes","floor":5},{"not_picked":["Buffer","Auto Shields"],"picked":"BootSequence","floor":7}],"player_experience":139749,"relics_obtained":[{"floor":7,"key":"Potion Belt"},{"floor":9,"key":"Meat on the Bone"}],"event_choices":[{"damage_healed":0,"gold_gain":0,"player_choice":"Take Damage","damage_taken":17,"relics_obtained":["Golden Idol"],"max_hp_gain":0,"max_hp_loss":0,"event_name":"Golden Idol","floor":4,"gold_loss":0},{"cards_removed":["Strike_B"],"damage_healed":0,"gold_gain":0,"player_choice":"Card Removal","damage_taken":7,"max_hp_gain":0,"max_hp_loss":0,"event_name":"Golden Wing","floor":10,"gold_loss":0}],"is_beta":false,"boss_relics":[],"items_purged_floors":[],"is_endless":false,"potions_floor_spawned":[1,5],"killed_by":"3 Sentries","ascension_level":1}