{"path_per_floor":["M","M","?","$","?","R","$","?","T","M","M","E","R","M","R","B",null,"M","?","?","?","M","T","M","$","T","$","M","M","R","E","R","B",null,"M","T","$","M","M","E","?","R","T","?","M","R","M","M","R"],"character_chosen":"THE_SILENT","items_purchased":["Ice Cream","Adrenaline","Noxious Fumes","Well Laid Plans","Vajra","Pear"],"gold_per_floor":[367,381,556,10,10,10,10,10,10,25,42,72,72,90,90,190,190,204,204,149,149,160,183,202,34,57,57,68,78,78,403,403,503,503,518,542,19,34,48,82,82,82,164,164,183,183,198,211,211,211],"floor_reached":50,"campfire_rested":3,"playtime":2592,"current_hp_per_floor":[63,63,63,63,56,56,56,43,43,43,36,30,30,26,26,16,63,63,63,63,47,46,46,3,3,3,3,13,10,43,36,63,31,63,61,61,71,61,52,46,65,65,65,65,42,42,35,21,60,0],"items_purged":["Doubt","Doubt","Regret"],"gold":211,"score":517,"play_id":"4f202b5f-df19-421e-905e-227faa819d2b","local_time":"20180413090052","is_prod":false,"is_daily":false,"chose_seed":false,"is_ascension_mode":false,"campfire_upgraded":5,"timestamp":1523599252,"path_taken":["M","M","?","$","?","R","$","?","T","M","M","E","R","M","R","BOSS","M","?","?","?","M","?","?","$","T","?","M","M","R","E","R","BOSS","M","?","$","M","M","E","?","R","T","?","M","R","M","M","R","BOSS"],"build_version":"2018-04-12","seed_source_timestamp":47240910408648,"purchased_purges":3,"victory":false,"master_deck":["Defend_G","Defend_G","Defend_G","Defend_G","Defend_G","Strike_G","Strike_G","Strike_G+1","Strike_G","Survivor","Neutralize+1","Backstab+1","Bouncing Flask+1","Adrenaline+1","Noxious Fumes+1","Dodge and Roll","Bouncing Flask","Blur+1","Backstab+1","Adrenaline","Escape Plan","PiercingWail","Setup+1","Well Laid Plans","Injury","Cloak And Dagger","Night Terror+1","Dash+1","Cloak And Dagger+1","Writhe","Regret","Decay","Cloak And Dagger+1"],"max_hp_per_floor":[63,63,63,63,63,63,63,63,63,63,63,63,63,63,63,63,63,63,63,63,63,63,63,63,63,63,63,63,63,63,63,63,63,63,63,63,73,73,75,77,77,77,77,77,79,79,81,81,81,81],"relics":["Ring of the Snake","Ice Cream","Snake Skull","Molten Egg 2","Whetstone","Cursed Key","Tiny Chest","Nilry\u0027s Codex","Regal Pillow","Lantern","Old Coin","Lizard Tail","Singing Bowl","Vajra","Pear","Juzu Bracelet","Blue Candle"],"card_choices":[{"not_picked":["Endless Agony","Infinite Blades"],"picked":"Backstab","floor":1},{"not_picked":["Setup","PiercingWail"],"picked":"Bouncing Flask","floor":2},{"not_picked":["Prepared","Terror"],"picked":"Dodge and Roll","floor":10},{"not_picked":["Dodge and Roll","Dagger Spray"],"picked":"Bouncing Flask","floor":11},{"not_picked":["Finisher","Envenom"],"picked":"Blur","floor":12},{"not_picked":["Prepared","Quick Slash"],"picked":"Backstab","floor":14},{"not_picked":["Glass Knife","Night Terror"],"picked":"Adrenaline","floor":16},{"not_picked":["Poisoned Stab","Dagger Throw"],"picked":"PiercingWail","floor":22},{"not_picked":["Flying Knee","PiercingWail"],"picked":"Setup","floor":24},{"not_picked":["Quick Slash","Choke"],"picked":"Cloak And Dagger","floor":28},{"not_picked":["Envenom","Glass Knife"],"picked":"Night Terror","floor":33},{"not_picked":["Acrobatics","Deflect"],"picked":"Dash","floor":35},{"not_picked":["Slice","Deadly Poison"],"picked":"Cloak And Dagger","floor":38},{"not_picked":["Prepared","Underhanded Strike"],"picked":"Cloak And Dagger","floor":48}],"player_experience":344541,"potions_floor_usage":[28,28,33,39,39,39,39,40,45,50,50],"damage_taken":[{"damage":0,"enemies":"2 Louse","floor":1,"turns":2},{"damage":0,"enemies":"Small Slimes","floor":2,"turns":4},{"damage":0,"enemies":"Jaw Worm","floor":10,"turns":2},{"damage":7,"enemies":"2 Fungi Beasts","floor":11,"turns":3},{"damage":6,"enemies":"Gremlin Nob","floor":12,"turns":3},{"damage":4,"enemies":"Blue Slaver","floor":14,"turns":3},{"damage":10,"enemies":"The Guardian","floor":16,"turns":6},{"damage":0,"enemies":"Chosen","floor":18,"turns":4},{"damage":1,"enemies":"Spheric Guardian","floor":22,"turns":4},{"damage":43,"enemies":"Chosen and Byrds","floor":24,"turns":6},{"damage":5,"enemies":"Slaver and Parasite","floor":28,"turns":6},{"damage":3,"enemies":"Snake Plant","floor":29,"turns":4},{"damage":7,"enemies":"Book of Stabbing","floor":31,"turns":5},{"damage":32,"enemies":"Collector","floor":33,"turns":7},{"damage":2,"enemies":"Flame Bruiser 1 Orb","floor":35,"turns":5},{"damage":10,"enemies":"Orb Walker","floor":38,"turns":4},{"damage":11,"enemies":"Maw","floor":39,"turns":8},{"damage":23,"enemies":"2 Orb Walkers","floor":40,"turns":6},{"damage":25,"enemies":"Spire Growth","floor":45,"turns":5},{"damage":9,"enemies":"4 Shapes","floor":47,"turns":5},{"damage":14,"enemies":"Flame Bruiser 2 Orb","floor":48,"turns":5},{"damage":140,"enemies":"Donu and Deca","floor":50,"turns":8}],"event_choices":[{"event_name":"Liars Game","player_choice":"agreed","floor":3,"damage_taken":0},{"event_name":"Scrap Ooze","player_choice":"success","floor":5,"damage_taken":7},{"event_name":"Shining Light","player_choice":"Entered Light","floor":8,"damage_taken":0},{"event_name":"Transmorgrifier","player_choice":"Transform","floor":19,"damage_taken":0},{"event_name":"Addict","player_choice":"Obtained Relic","floor":20,"damage_taken":0},{"event_name":"Cursed Tome","player_choice":"Obtained Book","floor":21,"damage_taken":0},{"event_name":"Winding Halls","player_choice":"Writhe","floor":41,"damage_taken":0},{"event_name":"Wheel of Change","player_choice":"Curse","floor":44,"damage_taken":0}],"boss_relics":[{"not_picked":["Snecko Eye","Pandora\u0027s Box"],"picked":"Cursed Key"},{"not_picked":["Sozu","Astrolabe"],"picked":"Lizard Tail"}],"potions_floor_spawned":[1,2,10,14,22,28,33,35,47],"seed_played":"8771571206342381618","killed_by":"Donu and Deca","ascension_level":0,"is_trial":false}