{"gold_per_floor":[13,13,13,28,28,68,86,99,181,201,220,220,220,241,241,241],"floor_reached":16,"playtime":1151,"items_purged":[],"score":104,"play_id":"fdbb6db6-6a3d-4ba8-a1f3-d86c68933aa5","local_time":"20180823211321","is_ascension_mode":false,"campfire_choices":[{"data":"Poisoned Stab","floor":12,"key":"SMITH"},{"floor":15,"key":"REST"}],"neow_cost":"NO_GOLD","seed_source_timestamp":93210080594788,"circlet_count":0,"master_deck":["Defend_G","Defend_G","Defend_G+1","Defend_G","Defend_G","Strike_G+1","Strike_G","Strike_G","Strike_G","Strike_G","Survivor","Neutralize","Bouncing Flask","Cloak And Dagger","Leg Sweep","Leg Sweep","Bane","Cloak And Dagger","Poisoned Stab+1","Escape Plan"],"relics":["Ring of the Snake","Bird Faced Urn","Golden Idol","The Specimen","Darkstone Periapt"],"potions_floor_usage":[14],"damage_taken":[{"damage":0,"enemies":"Small Slimes","floor":1,"turns":3},{"damage":3,"enemies":"Jaw Worm","floor":4,"turns":3},{"damage":27,"enemies":"3 Sentries","floor":6,"turns":12},{"damage":0,"enemies":"Cultist","floor":7,"turns":3},{"damage":1,"enemies":"2 Fungi Beasts","floor":8,"turns":4},{"damage":0,"enemies":"Looter","floor":10,"turns":3},{"damage":1,"enemies":"3 Louse","floor":11,"turns":7},{"damage":0,"enemies":"Gremlin Gang","floor":14,"turns":4},{"damage":40,"enemies":"Slime Boss","floor":16,"turns":7}],"seed_played":"8086625100299557483","potions_obtained":[{"floor":1,"key":"GamblersBrew"},{"floor":10,"key":"SpeedPotion"},{"floor":11,"key":"GhostInAJar"}],"is_trial":false,"path_per_floor":["M","?","?","M","$","E","M","M","T","M","M","R","?","M","R"],"character_chosen":"THE_SILENT","items_purchased":[],"campfire_rested":1,"item_purchase_floors":[],"current_hp_per_floor":[70,53,53,50,50,23,23,22,22,22,21,21,7,7,28,0],"gold":241,"neow_bonus":"ONE_RARE_RELIC","is_prod":false,"is_daily":false,"chose_seed":false,"campfire_upgraded":1,"win_rate":0,"timestamp":1535048001,"path_taken":["M","?","?","M","$","E","M","M","T","M","?","R","?","?","R","BOSS"],"build_version":"2018-08-22","purchased_purges":0,"victory":false,"max_hp_per_floor":[70,70,70,70,70,70,70,70,70,70,70,70,70,70,70,70],"card_choices":[{"not_picked":["Flechettes","Deadly Poison"],"picked":"Bouncing Flask","floor":1},{"not_picked":["Deflect","Dagger Throw"],"picked":"Cloak And Dagger","floor":4},{"not_picked":["After Image","Dodge and Roll"],"picked":"Leg Sweep","floor":6},{"not_picked":["Quick Slash","Setup"],"picked":"Leg Sweep","floor":7},{"not_picked":["Slice","Dodge and Roll"],"picked":"Bane","floor":8},{"not_picked":["Outmaneuver","All Out Attack"],"picked":"Cloak And Dagger","floor":10},{"not_picked":["Blade Dance","Dagger Throw"],"picked":"Poisoned Stab","floor":11},{"not_picked":["Leg Sweep","PiercingWail"],"picked":"Escape Plan","floor":14}],"player_experience":648984,"relics_obtained":[{"floor":6,"key":"The Specimen"},{"floor":9,"key":"Darkstone Periapt"}],"event_choices":[{"event_name":"Golden Idol","player_choice":"Take Damage","floor":2,"damage_taken":0},{"event_name":"The Cleric","player_choice":"Leave","floor":3,"damage_taken":0},{"event_name":"Shining Light","player_choice":"Entered Light","floor":13,"damage_taken":0}],"is_beta":true,"boss_relics":[],"items_purged_floors":[],"is_endless":false,"potions_floor_spawned":[1,10,11],"killed_by":"Slime Boss","ascension_level":0}