{"gold_per_floor":[114,39,114,114,114,140,140,140,163,189,199,199,199,225,225,327,327,346,11,11,26,26,52,52,72,72,91,190,190,175,208,208,305,406,419,419,76,93,110,110,144,144,241,241,269,269,269,269],"floor_reached":48,"playtime":1912,"items_purged":["Strike_R","Strike_R"],"score":653,"play_id":"b6e64d87-5529-4802-a86d-f58546ac8c18","local_time":"20190111200102","is_ascension_mode":true,"campfire_choices":[{"data":"strawberrySpire:Incursion","floor":7,"key":"SMITH"},{"data":"Carnage","floor":13,"key":"SMITH"},{"data":"Wild Strike","floor":15,"key":"SMITH"},{"data":"strawberrySpire:Hellbender","floor":24,"key":"SMITH"},{"data":"Metallicize","floor":29,"key":"SMITH"},{"data":"Corruption","floor":32,"key":"SMITH"},{"data":"strawberrySpire:DraftPunk","floor":40,"key":"SMITH"},{"data":"Limit Break","floor":42,"key":"SMITH"},{"data":"Limit Break","floor":44,"key":"SMITH"},{"data":"Juggernaut","floor":46,"key":"SMITH"}],"neow_cost":"NONE","seed_source_timestamp":768634784634389,"circlet_count":0,"master_deck":["Bash","strawberrySpire:Taunt","strawberrySpire:Incursion+1","Impervious","Wild Strike+1","Metallicize+1","strawberrySpire:Hellbender+1","Iron Wave","Headbutt","strawberrySpire:Incursion+1","Dark Embrace","Fiend Fire","Corruption+1","Feel No Pain+1","Limit Break+1","Rage","strawberrySpire:FireDrill","Sentinel","Inflame","Limit Break+1","Clothesline","strawberrySpire:DraftPunk+1","Juggernaut+1","Armaments+1","Impervious","Flex+1","Madness","Madness"],"relics":["Burning Blood","NeowsBlessing","PreservedInsect","Bottled Flame","Ancient Tea Set","strawberrySpire:IronFlakes","Juzu Bracelet","Odd Mushroom","Sozu","infinitespire:Bottled Soul","strawberrySpire:ElefentMask","infinitespire:EmpoweringShard","Potion Belt","Blue Candle","Pandora\u0027s Box","Membership Card","strawberrySpire:TinySteamboat","Incense Burner","Lantern","Bag of Preparation","Bronze Scales"],"potions_floor_usage":[16,23],"damage_taken":[{"damage":0,"enemies":"Small Slimes","floor":1,"turns":1},{"damage":0,"enemies":"3 Sentries","floor":6,"turns":1},{"damage":0,"enemies":"Lagavulin","floor":10,"turns":1},{"damage":1,"enemies":"Jaw Worm","floor":11,"turns":3},{"damage":0,"enemies":"The Mushroom Lair","floor":14,"turns":4},{"damage":36,"enemies":"Hexaghost","floor":16,"turns":7},{"damage":9,"enemies":"Shell Parasite","floor":18,"turns":5},{"damage":6,"enemies":"3 Byrds","floor":21,"turns":9},{"damage":32,"enemies":"Gremlin Leader","floor":23,"turns":5},{"damage":12,"enemies":"Cultist and Chosen","floor":25,"turns":6},{"damage":0,"enemies":"Centurion and Healer","floor":27,"turns":4},{"damage":22,"enemies":"Slavers","floor":28,"turns":4},{"damage":26,"enemies":"Gremlin Leader","floor":31,"turns":3},{"damage":23,"enemies":"Automaton","floor":33,"turns":10},{"damage":16,"enemies":"3 Shapes","floor":35,"turns":3},{"damage":18,"enemies":"3 Darklings","floor":38,"turns":5},{"damage":19,"enemies":"Spire Growth","floor":39,"turns":4},{"damage":11,"enemies":"Nightmare","floor":41,"turns":7},{"damage":29,"enemies":"strawberrySpire:EssenceStones","floor":45,"turns":6},{"damage":39,"enemies":"Nightmare","floor":48,"turns":3}],"seed_played":"5856015380499140156","potions_obtained":[{"floor":1,"key":"FearPotion"},{"floor":14,"key":"LiquidBronze"},{"floor":16,"key":"Weak Potion"}],"is_trial":false,"path_per_floor":["M","$","?","?","?","E","R","?","T","E","M","?","R","?","R","B",null,"M","$","?","M","?","E","R","M","T","M","E","R","$","E","R","B",null,"M","?","$","M","M","R","NM","R","T","R","E","R","?","NM"],"character_chosen":"IRONCLAD","items_purchased":["strawberrySpire:Incursion","infinitespire:Bottled Soul","Corruption","Membership Card","strawberrySpire:DraftPunk","strawberrySpire:TinySteamboat"],"campfire_rested":0,"item_purchase_floors":[2,19,30,37,37,37],"current_hp_per_floor":[80,80,69,62,55,61,61,61,61,67,73,78,78,84,84,60,85,84,84,84,85,85,64,64,59,59,65,53,53,53,37,37,24,85,76,76,76,67,56,56,52,52,52,52,36,36,25,0],"gold":269,"neow_bonus":"THREE_ENEMY_KILL","is_prod":false,"is_daily":false,"chose_seed":false,"campfire_upgraded":10,"win_rate":0,"timestamp":1547226062,"path_taken":["M","$","?","?","?","E","R","?","T","E","M","?","R","?","R","BOSS","M","$","?","M","?","E","R","M","T","M","E","R","?","E","R","BOSS","M","?","$","M","M","R","NM","R","T","R","E","R","?","NM"],"build_version":"2019-01-10","purchased_purges":2,"victory":false,"max_hp_per_floor":[80,80,80,80,80,80,80,80,80,80,80,85,85,85,85,85,85,85,85,85,85,85,85,85,85,85,85,85,85,85,85,85,85,85,85,85,85,85,85,85,85,85,85,85,85,85,85,85],"card_choices":[{"not_picked":["Sword Boomerang","Headbutt"],"picked":"strawberrySpire:Taunt","floor":1},{"not_picked":["Shrug It Off","Hemokinesis"],"picked":"Impervious","floor":6},{"not_picked":["Battle Trance","strawberrySpire:JustAWound"],"picked":"Wild Strike","floor":10},{"not_picked":["True Grit","Perfected Strike"],"picked":"Carnage","floor":11},{"not_picked":["Armaments","Warcry"],"picked":"Metallicize","floor":14},{"not_picked":["Reaper","Impervious"],"picked":"strawberrySpire:Hellbender","floor":16},{"not_picked":["strawberrySpire:Taunt","Perfected Strike"],"picked":"Iron Wave","floor":18},{"not_picked":["Clash","strawberrySpire:DebrisPile"],"picked":"strawberrySpire:Incursion+1","floor":21},{"not_picked":["Flex","strawberrySpire:DebrisPile"],"picked":"Dark Embrace","floor":23},{"not_picked":["Perfected Strike+1","Cleave","Pommel Strike"],"picked":"SKIP","floor":25},{"not_picked":["Wild Strike+1","Twin Strike","strawberrySpire:DebrisPile+1"],"picked":"SKIP","floor":27},{"not_picked":["Pummel","Twin Strike"],"picked":"Fiend Fire","floor":28},{"not_picked":["Spot Weakness+1","strawberrySpire:Hellbender"],"picked":"Feel No Pain+1","floor":31},{"not_picked":["strawberrySpire:FortFortyFour","Berserk"],"picked":"Limit Break","floor":33},{"not_picked":["Twin Strike","Warcry+1"],"picked":"Clothesline","floor":35},{"not_picked":["Power Through+1","strawberrySpire:Spite"],"picked":"Juggernaut","floor":38},{"not_picked":["Clash+1","Flex+1"],"picked":"Armaments+1","floor":39},{"not_picked":["Flex","Clash"],"picked":"Impervious","floor":41},{"not_picked":["Pummel+1","strawberrySpire:Incursion+1"],"picked":"Flex+1","floor":45}],"player_experience":1066628,"relics_obtained":[{"floor":6,"key":"Bottled Flame"},{"floor":9,"key":"Ancient Tea Set"},{"floor":10,"key":"Juzu Bracelet"},{"floor":14,"key":"Odd Mushroom"},{"floor":23,"key":"strawberrySpire:ElefentMask"},{"floor":26,"key":"infinitespire:EmpoweringShard"},{"floor":28,"key":"Potion Belt"},{"floor":31,"key":"Blue Candle"},{"floor":41,"key":"Lantern"},{"floor":43,"key":"Bag of Preparation"},{"floor":45,"key":"Bronze Scales"}],"event_choices":[{"damage_healed":0,"gold_gain":75,"player_choice":"Gather Gold","damage_taken":11,"max_hp_gain":0,"max_hp_loss":0,"event_name":"World of Goop","floor":3,"gold_loss":0},{"damage_healed":0,"gold_gain":0,"player_choice":"Success","damage_taken":7,"relics_obtained":["PreservedInsect"],"max_hp_gain":0,"max_hp_loss":0,"event_name":"Scrap Ooze","floor":4,"gold_loss":0},{"cards_removed":["Strike_R"],"damage_healed":0,"gold_gain":0,"player_choice":"Card Removal","damage_taken":7,"max_hp_gain":0,"max_hp_loss":0,"event_name":"Golden Wing","floor":5,"gold_loss":0},{"cards_removed":["Strike_R"],"damage_healed":0,"gold_gain":0,"player_choice":"Offered Basic","damage_taken":0,"max_hp_gain":0,"max_hp_loss":0,"event_name":"Bonfire Elementals","floor":8,"gold_loss":0},{"damage_healed":0,"gold_gain":0,"player_choice":"Donut","damage_taken":0,"max_hp_gain":5,"max_hp_loss":0,"event_name":"Big Fish","floor":12,"gold_loss":0},{"damage_healed":0,"gold_gain":0,"player_choice":"Fought Mushrooms","damage_taken":0,"max_hp_gain":0,"max_hp_loss":0,"event_name":"Mushrooms","floor":14,"gold_loss":0},{"cards_removed":["Carnage"],"damage_healed":0,"gold_gain":0,"player_choice":"Took Card","damage_taken":0,"max_hp_gain":0,"max_hp_loss":0,"event_name":"NoteForYourself","floor":20,"gold_loss":0,"cards_obtained":["Headbutt"]},{"damage_healed":0,"gold_gain":0,"player_choice":"Ignored","damage_taken":0,"max_hp_gain":0,"max_hp_loss":0,"event_name":"N\u0027loth","floor":22,"gold_loss":0},{"damage_healed":0,"gold_gain":0,"player_choice":"Ignored","damage_taken":0,"max_hp_gain":0,"max_hp_loss":0,"event_name":"Tomb of Lord Red Mask","floor":36,"gold_loss":0},{"damage_healed":0,"gold_gain":0,"player_choice":"Embrace Madness","damage_taken":11,"max_hp_gain":0,"max_hp_loss":0,"event_name":"Winding Halls","floor":47,"gold_loss":0,"cards_obtained":["Madness","Madness"]}],"is_beta":true,"boss_relics":[{"not_picked":["Lizard Tail","Velvet Choker"],"picked":"Sozu"},{"not_picked":["Runic Pyramid","Coffee Dripper"],"picked":"Pandora\u0027s Box"}],"items_purged_floors":[19,30],"is_endless":false,"potions_floor_spawned":[1,14,16,23,27,28,33,38,39,41],"killed_by":"Nightmare","ascension_level":1}