{"gold_per_floor":[110,128,148,148,164,164,177,23,96,112,139,139,139,150,150,247,247,267,277,277],"floor_reached":20,"playtime":2808,"items_purged":[],"score":178,"play_id":"e0ba942f-ae79-4ee7-9554-71f23e581d87","local_time":"20190730234953","is_ascension_mode":false,"campfire_choices":[{"data":"Sucker Punch","floor":6,"key":"SMITH"},{"floor":12,"key":"REST"},{"floor":13,"key":"REST"},{"data":"Infinite Blades","floor":15,"key":"SMITH"}],"neow_cost":"NONE","seed_source_timestamp":45424440650600,"circlet_count":0,"master_deck":["Strike_G","Strike_G","Strike_G","Strike_G","Strike_G","Defend_G","Defend_G","Defend_G","Defend_G","Defend_G","Survivor","Neutralize","Dagger Spray","Sucker Punch+1","Riddle With Holes","Heel Hook","Unload","Caltrops","Outmaneuver","Choke","Expertise","Venomology","Infinite Blades+1","Malaise","Poisoned Stab+1","Noxious Fumes"],"relics":["Ring of the Snake","NeowsBlessing","Bottled Flame","WingedGreaves"],"potions_floor_usage":[16,16,16,19],"damage_taken":[{"damage":0,"enemies":"Jaw Worm","floor":1,"turns":1},{"damage":0,"enemies":"Cultist","floor":2,"turns":1},{"damage":0,"enemies":"2 Louse","floor":3,"turns":1},{"damage":0,"enemies":"2 Fungi Beasts","floor":5,"turns":4},{"damage":4,"enemies":"Exordium Thugs","floor":7,"turns":5},{"damage":17,"enemies":"Lots of Slimes","floor":10,"turns":4},{"damage":19,"enemies":"Gremlin Nob","floor":11,"turns":5},{"damage":0,"enemies":"Exordium Wildlife","floor":14,"turns":3},{"damage":74,"enemies":"The Guardian","floor":16,"turns":12},{"damage":37,"enemies":"Chosen","floor":18,"turns":5},{"damage":31,"enemies":"2 Thieves","floor":19,"turns":5},{"damage":15,"enemies":"Snake Plant","floor":20,"turns":1}],"seed_played":"-2614760711661378877","potions_obtained":[{"floor":3,"key":"FairyPotion"},{"floor":10,"key":"LiquidBronze"},{"floor":16,"key":"Poison Potion"},{"floor":18,"key":"Explosive Potion"}],"is_trial":false,"path_per_floor":["M","M","M","?","M","R","M","$","T","M","E","R","R","M","R","B",null,"M","M","M"],"character_chosen":"THE_SILENT","items_purchased":["Caltrops","Outmaneuver","Choke"],"campfire_rested":2,"item_purchase_floors":[8,8,8],"current_hp_per_floor":[70,70,70,70,70,70,66,66,66,49,30,51,70,70,70,2,70,33,2,0],"gold":277,"neow_bonus":"THREE_ENEMY_KILL","is_prod":false,"is_daily":false,"chose_seed":false,"campfire_upgraded":2,"win_rate":0.0,"timestamp":1564498193,"path_taken":["M","M","M","?","M","R","M","?","T","M","E","R","R","M","R","BOSS","M","M","M"],"build_version":"2019-07-17","purchased_purges":0,"victory":false,"max_hp_per_floor":[70,70,70,70,70,70,70,70,70,70,70,70,70,70,70,70,70,70,70,70],"card_choices":[{"not_picked":["Noxious Fumes","Well Laid Plans"],"picked":"Dagger Spray","floor":1},{"not_picked":["Deflect","Dodge and Roll"],"picked":"Sucker Punch","floor":2},{"not_picked":["Slice","Blade Dance"],"picked":"Riddle With Holes","floor":3},{"not_picked":["Acrobatics","Endless Agony"],"picked":"Heel Hook","floor":5},{"not_picked":["Dodge and Roll","Predator"],"picked":"Unload","floor":7},{"not_picked":["PiercingWail","Dagger Throw"],"picked":"Expertise","floor":10},{"not_picked":["Blur","Acrobatics"],"picked":"Venomology","floor":11},{"not_picked":["Dash","Endless Agony"],"picked":"Infinite Blades","floor":14},{"not_picked":["Unload","Bullet Time"],"picked":"Malaise","floor":16},{"not_picked":["Flying Knee","Infinite Blades"],"picked":"Poisoned Stab+1","floor":18},{"not_picked":["Flying Knee","Underhanded Strike"],"picked":"Noxious Fumes","floor":19}],"player_experience":11920,"relics_obtained":[{"floor":9,"key":"Bottled Flame"},{"floor":11,"key":"WingedGreaves"}],"event_choices":[{"damage_healed":0,"gold_gain":0,"player_choice":"Full Heal","damage_taken":0,"max_hp_gain":0,"max_hp_loss":0,"event_name":"Wheel of Change","floor":4,"gold_loss":0}],"is_beta":false,"boss_relics":[{"not_picked":["Fusion Hammer","Empty Cage","Ectoplasm"]}],"items_purged_floors":[],"is_endless":false,"potions_floor_spawned":[3,10,16,18],"killed_by":"Snake Plant","ascension_level":0}