{"gold_per_floor":[368,368,378,18,37,37,102,102,125,125,125,135,160,235,235,338,338,358,370,469,469,469,469,469],"floor_reached":24,"playtime":670,"items_purged":[],"score":202,"play_id":"9f37975d-bd59-491f-9f3d-1c0983c7b589","local_time":"20180825214309","is_ascension_mode":false,"campfire_choices":[{"data":"Deadly Poison","floor":6,"key":"SMITH"},{"data":"Calculated Gamble","floor":8,"key":"SMITH"},{"floor":11,"key":"REST"},{"floor":15,"key":"REST"},{"data":"Predator","floor":23,"key":"SMITH"}],"neow_cost":"PERCENT_DAMAGE","seed_source_timestamp":268289177636940,"circlet_count":0,"master_deck":["Defend_G","Defend_G","Defend_G","Strike_G","Strike_G","Strike_G","Strike_G","Survivor","Neutralize","Predator+1","Deadly Poison+1","Slice","Backflip","Calculated Gamble+1","Flying Knee","Slice","Burst","All Out Attack","Backstab"],"relics":["Ring of the Snake","Tough Bandages","Tiny Chest","Juzu Bracelet","Sozu","Nloth\u0027s Gift"],"potions_floor_usage":[16,16],"damage_taken":[{"damage":0,"enemies":"Cultist","floor":1,"turns":3},{"damage":3,"enemies":"Jaw Worm","floor":3,"turns":3},{"damage":2,"enemies":"2 Louse","floor":5,"turns":2},{"damage":17,"enemies":"Gremlin Nob","floor":7,"turns":4},{"damage":7,"enemies":"Looter","floor":12,"turns":3},{"damage":9,"enemies":"Lagavulin","floor":13,"turns":5},{"damage":6,"enemies":"Hexaghost","floor":16,"turns":7},{"damage":0,"enemies":"Chosen","floor":18,"turns":3},{"damage":20,"enemies":"2 Thieves","floor":19,"turns":3},{"damage":59,"enemies":"Gremlin Leader","floor":24,"turns":5}],"seed_played":"6603254735535659276","potions_obtained":[{"floor":5,"key":"EssenceOfSteel"},{"floor":13,"key":"Strength Potion"},{"floor":16,"key":"GamblersBrew"}],"is_trial":false,"path_per_floor":["M","?","M","$","M","R","E","R","T","?","R","M","E","?","R","B",null,"M","M","?","?","?","R"],"character_chosen":"THE_SILENT","items_purchased":["Tough Bandages","Slice"],"campfire_rested":2,"item_purchase_floors":[4,4],"current_hp_per_floor":[49,49,46,46,44,44,27,27,27,20,41,34,25,14,35,29,70,70,50,50,50,50,50,0],"gold":469,"neow_bonus":"TWO_FIFTY_GOLD","is_prod":false,"is_daily":false,"chose_seed":false,"campfire_upgraded":3,"win_rate":0,"timestamp":1535222589,"path_taken":["M","?","M","$","?","R","E","R","T","?","R","M","E","?","R","BOSS","M","M","?","?","?","R","E"],"build_version":"2018-08-23v2","purchased_purges":0,"victory":false,"max_hp_per_floor":[70,70,70,70,70,70,70,70,70,70,70,70,70,70,70,70,70,70,70,70,70,70,70,70],"card_choices":[{"not_picked":["Flying Knee","Deflect"],"picked":"Predator","floor":1},{"not_picked":["Outmaneuver","Underhanded Strike"],"picked":"Deadly Poison","floor":3},{"not_picked":["Dagger Throw","Deadly Poison"],"picked":"Backflip","floor":5},{"not_picked":["Acrobatics","Choke"],"picked":"Calculated Gamble","floor":7},{"not_picked":["Phantasmal Killer","Accuracy"],"picked":"Flying Knee","floor":12},{"not_picked":["Accuracy","Venomology"],"picked":"Slice","floor":13},{"not_picked":["Glass Knife","After Image"],"picked":"Burst","floor":16},{"not_picked":["Outmaneuver+1","Finisher"],"picked":"All Out Attack","floor":18},{"not_picked":["Blade Dance","Setup"],"picked":"Backstab","floor":19}],"player_experience":657391,"relics_obtained":[{"floor":7,"key":"Tiny Chest"},{"floor":9,"key":"Juzu Bracelet"},{"floor":13,"key":"Vajra"}],"event_choices":[{"event_name":"Bonfire Elementals","player_choice":"BASIC","floor":2,"damage_taken":0},{"event_name":"Golden Wing","player_choice":"Card Removal","floor":10,"damage_taken":0},{"event_name":"World of Goop","player_choice":"Gather Gold","floor":14,"damage_taken":0},{"event_name":"Nest","player_choice":"Stole From Cult","floor":20,"damage_taken":0},{"event_name":"Back to Basics","player_choice":"Elegance","floor":21,"damage_taken":0},{"event_name":"N\u0027loth","player_choice":"Traded a Vajra","floor":22,"damage_taken":0}],"is_beta":true,"boss_relics":[{"not_picked":["White Beast Statue","Philosopher\u0027s Stone"],"picked":"Sozu"}],"items_purged_floors":[],"is_endless":false,"potions_floor_spawned":[5,13,16],"killed_by":"Gremlin Leader","ascension_level":0}