{"gold_per_floor":[117,127,141,66,81,81,112,131,211,211,211,243,255],"floor_reached":13,"playtime":349,"items_purged":[],"score":190,"play_id":"2c06e5b8-334b-42be-ad6a-74941c105f64","local_time":"20190720150644","is_ascension_mode":true,"campfire_choices":[{"data":"Defragment","floor":6.0,"key":"SMITH"},{"floor":10,"key":"REST"}],"neow_cost":"NONE","seed_source_timestamp":907773282202890,"circlet_count":0,"master_deck":["AscendersBane","Strike_B","Strike_B","Strike_B","Defend_B","Defend_B","Defend_B","Defend_B","Zap","Dualcast","Defragment+1","Gash","Cold Snap","Conserve Battery"],"special_seed":0,"relics":["Cracked Core","Darkstone Periapt","Matryoshka","Prayer Wheel","MawBank"],"potions_floor_usage":[7,12],"damage_taken":[{"damage":4.0,"enemies":"Jaw Worm","floor":1.0,"turns":4.0},{"damage":0.0,"enemies":"2 Louse","floor":2.0,"turns":3.0},{"damage":0.0,"enemies":"Small Slimes","floor":3.0,"turns":3.0},{"damage":18.0,"enemies":"Red Slaver","floor":5.0,"turns":4.0},{"damage":23,"enemies":"Gremlin Nob","floor":7,"turns":4},{"damage":7,"enemies":"2 Fungi Beasts","floor":8,"turns":4},{"damage":5,"enemies":"3 Sentries","floor":12,"turns":10},{"damage":11,"enemies":"3 Louse","floor":13,"turns":2}],"seed_played":"7053833411931367673","potions_obtained":[{"floor":2.0,"key":"SkillPotion"},{"floor":7,"key":"Block Potion"}],"is_trial":false,"path_per_floor":["M","M","M","?","M","R","E","M","T","R","?","E","M"],"character_chosen":"DEFECT","items_purchased":[],"campfire_rested":1,"item_purchase_floors":[],"current_hp_per_floor":[67,67,67,67,49,49,26,19,19,42,16,11,0],"gold":255,"neow_bonus":"TEN_PERCENT_HP_BONUS","is_prod":false,"is_daily":false,"chose_seed":false,"campfire_upgraded":1,"win_rate":0,"timestamp":1563660404,"path_taken":["M","M","M","?","M","R","E","M","T","R","?","E","M"],"build_version":"2019-07-17","purchased_purges":0,"victory":false,"max_hp_per_floor":[78,78,78,78,78,78,78,78,78,78,78,78,78],"card_choices":[{"not_picked":["Beam Cell","Leap"],"picked":"Defragment","floor":1.0},{"not_picked":["Fusion","Barrage","Streamline"],"picked":"SKIP","floor":2.0},{"not_picked":["Skim","Leap"],"picked":"Gash","floor":3.0},{"not_picked":["Aggregate","Coolheaded"],"picked":"Cold Snap","floor":5.0},{"not_picked":["Barrage","Consume","Redo"],"picked":"SKIP","floor":7},{"not_picked":["Chill","Cold Snap"],"picked":"Conserve Battery","floor":8},{"not_picked":["Redo","Streamline","Aggregate"],"picked":"SKIP","floor":12}],"player_experience":852075,"relics_obtained":[{"floor":7,"key":"Darkstone Periapt"},{"floor":9,"key":"Matryoshka"},{"floor":12,"key":"MawBank"}],"event_choices":[{"cards_removed":["Strike_B"],"damage_healed":0.0,"max_hp_gain":0.0,"max_hp_loss":0.0,"gold_gain":0.0,"event_name":"The Cleric","player_choice":"Card Removal","floor":4.0,"gold_loss":75.0,"damage_taken":0.0},{"damage_healed":0,"gold_gain":0,"player_choice":"Success","damage_taken":26,"relics_obtained":["Prayer Wheel"],"max_hp_gain":0,"max_hp_loss":0,"event_name":"Scrap Ooze","floor":11,"gold_loss":0}],"is_beta":false,"boss_relics":[],"items_purged_floors":[],"is_endless":false,"potions_floor_spawned":[2,7],"killed_by":"3 Louse","ascension_level":20}