{"path_per_floor":["M","?","M","?","M","E","$","R","T","R","M","M","?","?","R","B",null,"M","M","M","$","?","R","?","M","T","M","R","M","M"],"character_chosen":"THE_SILENT","items_purchased":["Footwork","Mummified Hand"],"gold_per_floor":[113,288,303,253,267,297,146,146,146,146,116,128,128,128,128,233,233,248,268,284,23,23,23,23,40,40,52,52,68,78],"floor_reached":31,"campfire_rested":2,"playtime":2608,"current_hp_per_floor":[63,63,56,56,56,10,10,10,10,31,31,13,13,13,34,25,70,70,52,33,33,33,33,33,10,24,24,24,19,8],"items_purged":["Defend_G"],"gold":78,"play_id":"686280a8-f060-4f09-a568-b6792acf3951","is_prod":false,"is_daily":false,"is_ascension_mode":false,"campfire_upgraded":3,"path_taken":["M","?","M","?","M","E","$","R","T","R","M","M","?","?","R","BOSS","M","M","?","$","?","R","?","M","T","M","R","M","?","M"],"build_version":"2018-01-26-BETA1","purchased_purges":1,"victory":false,"master_deck":["Defend_G","Defend_G","Strike_G","Survivor","Neutralize","Burst","Acrobatics+1","Prepared","Leg Sweep","Poisoned Stab","Concentrate","Footwork+1","Noxious Fumes+1","After Image","Deflect+1","Bullet Time+1","Backstab+1","Bouncing Flask+1","Outmaneuver+1","Dash+1","Deadly Poison+1","Well Laid Plans"],"max_hp_per_floor":[63,63,63,63,63,70,70,70,70,70,70,70,70,70,70,70,70,70,70,70,70,70,70,70,70,84,84,84,84,84],"relics":["Ring of the Snake","Strawberry","Du-Vu Doll","Astrolabe","Mummified Hand","Mango"],"card_choices":[{"not_picked":["Poisoned Stab","Dodge and Roll"],"picked":"Prepared"},{"not_picked":["Catalyst","Wraith Form"],"picked":"Leg Sweep"},{"not_picked":["Caltrops","Dagger Spray"],"picked":"Poisoned Stab"},{"not_picked":["Quick Slash","Skewer"],"picked":"Concentrate"},{"not_picked":["Poisoned Stab","Accuracy"],"picked":"Noxious Fumes"},{"not_picked":["Corpse Explosion","Burst"],"picked":"After Image"},{"not_picked":["Finisher","Poisoned Stab"],"picked":"Bouncing Flask"},{"not_picked":["Finisher","Quick Slash"],"picked":"Outmaneuver"},{"not_picked":["Distraction","Well Laid Plans"],"picked":"Dash"},{"not_picked":["PiercingWail","Dagger Spray"],"picked":"Deadly Poison"},{"not_picked":["Accuracy","Bane"],"picked":"Well Laid Plans"}],"player_experience":155764,"potions_floor_usage":[16,19,25,27,31],"damage_taken":[{"damage":0,"enemies":"Jaw Worm","floor":1,"turns":7},{"damage":7,"enemies":"Small Slimes","floor":3,"turns":6},{"damage":0,"enemies":"2 Louse","floor":5,"turns":4},{"damage":53,"enemies":"Gremlin Nob","floor":6,"turns":10},{"damage":0,"enemies":"Looter","floor":11,"turns":4},{"damage":18,"enemies":"Large Slime","floor":12,"turns":9},{"damage":9,"enemies":"Hexaghost","floor":16,"turns":12},{"damage":0,"enemies":"Shell Parasite","floor":18,"turns":8},{"damage":18,"enemies":"2 Thieves","floor":19,"turns":3},{"damage":19,"enemies":"Sentry and Sphere","floor":20,"turns":8},{"damage":23,"enemies":"Slaver and Parasite","floor":25,"turns":5},{"damage":0,"enemies":"Snecko","floor":27,"turns":5},{"damage":5,"enemies":"Centurion and Healer","floor":29,"turns":7},{"damage":11,"enemies":"3 Cultists","floor":30,"turns":7},{"damage":9,"enemies":"Snake Plant","floor":31,"turns":2}],"event_choices":[{"event_name":"Liars Game","player_choice":"agreed","floor":2,"damage_taken":0},{"event_name":"The Cleric","player_choice":"Card Removal","floor":4,"damage_taken":0},{"event_name":"Purifier","player_choice":"One Purge","floor":13,"damage_taken":0},{"event_name":"Upgrade Shrine","player_choice":"Upgraded","floor":14,"damage_taken":0},{"event_name":"Addict","player_choice":"Ignored","floor":22,"damage_taken":0},{"event_name":"Beggar","player_choice":"Ignored","floor":24,"damage_taken":0}],"boss_relics":[{"not_picked":["Tiny House","Snecko Eye"],"picked":"Astrolabe"}],"potions_floor_spawned":[12,16,18,19,29],"seed_played":"4192126179228868149","killed_by":"Snake Plant","ascension_level":0,"is_trial":false}