{"gold_per_floor":[113,63,82,93,104,136,19,19,19,31,61,71,71,106,106,206,206,226,246,246,246,261,294,294,294,294,306,317,317,61,61,61,163,163,175,36,36,48,48,74,74,74,74,92,105,105,122,142,142,142],"floor_reached":51,"playtime":2898,"items_purged":["Strike_B","Normality"],"score":1165,"play_id":"19b2c82e-159d-4a3b-9b71-93dea529352c","local_time":"20190227065119","is_ascension_mode":true,"campfire_choices":[{"floor":15.0,"key":"REST"},{"data":"strawberrySpire:Ronchyble","floor":24.0,"key":"SMITH"},{"data":"Hologram","floor":29.0,"key":"SMITH"},{"data":"Fission","floor":32.0,"key":"SMITH"},{"data":"Defragment","floor":42.0,"key":"SMITH"},{"data":"strawberrySpire:Adapter","floor":46,"key":"SMITH"},{"floor":49,"key":"REST"}],"neow_cost":"","seed_source_timestamp":0,"circlet_count":0,"master_deck":["Strike_B","Strike_B+1","Defend_B","Defend_B","Defend_B","Defend_B","Zap","Dualcast","Loop","Core Surge+1","Coolheaded","strawberrySpire:Ronchyble+1","Hologram+1","Tempest+1","Leap","Genetic Algorithm+1","Amplify+1","Finesse","Turbo","Pain","Sunder+1","Conserve Battery+1","Conserve Battery+1","Static Discharge+1","Meteor Strike+1","Steam+1","Shame","Leap+1","BootSequence","Hologram","strawberrySpire:BlasterWyrm","Fission+1","Reboot+1","Doubt","Decay","Coolheaded+1","Defragment+1","Double Energy","Conserve Battery","Writhe","strawberrySpire:Adapter+1","Leap","Hologram+1","Auto Shields+1"],"special_seed":0,"relics":["Cracked Core","strawberrySpire:AztechBall","strawberrySpire:ShipInABottle","Art of War","MealTicket","Whetstone","WarpedTongs","Molten Egg 2","strawberrySpire:ThornyGelberry","The Courier","energizedSpire:RedRose","theJungle:PaperFaux","theJungle:BirthdayCakeSlice","Question Card","Mercury Hourglass","HandDrill","Kunai","Calling Bell","Pen Nib","Cables","Girya","Matryoshka","Bottled Lightning","Ornamental Fan","strawberrySpire:DirtyLipstick"],"potions_floor_usage":[45,48,50,50,50,50,50,50,50,50],"damage_taken":[{"damage":3.0,"enemies":"Jaw Worm","floor":1.0,"turns":4.0},{"damage":0.0,"enemies":"Small Slimes","floor":3.0,"turns":2.0},{"damage":8.0,"enemies":"Cultist","floor":4.0,"turns":2.0},{"damage":21.0,"enemies":"Exordium Thugs","floor":5.0,"turns":3.0},{"damage":24.0,"enemies":"3 Sentries","floor":6.0,"turns":3.0},{"damage":4.0,"enemies":"Large Slime","floor":10.0,"turns":4.0},{"damage":17.0,"enemies":"strawberrySpire:EnergyPylons","floor":11.0,"turns":4.0},{"damage":2.0,"enemies":"Blue Slaver","floor":12.0,"turns":4.0},{"damage":2.0,"enemies":"Lagavulin","floor":14.0,"turns":5.0},{"damage":28.0,"enemies":"The Guardian","floor":16.0,"turns":6.0},{"damage":2.0,"enemies":"theJungle:MUSHROOMGANG","floor":18.0,"turns":3.0},{"damage":11.0,"enemies":"theJungle:GiantWrat","floor":19.0,"turns":5.0},{"damage":28.0,"enemies":"theJungle:JungleHuntersEncounter","floor":22.0,"turns":3.0},{"damage":2.0,"enemies":"theJungle:MamaSnecko","floor":23.0,"turns":4.0},{"damage":22.0,"enemies":"theJungle:SlimyTreeVines","floor":27.0,"turns":5.0},{"damage":3.0,"enemies":"theJungle:Snecko_Cultist_And_Trap","floor":28.0,"turns":2.0},{"damage":2.0,"enemies":"JungleHuntersEvent","floor":31.0,"turns":3.0},{"damage":25.0,"enemies":"theJungle:FunGuy","floor":33.0,"turns":9.0},{"damage":37.0,"enemies":"3 Darklings","floor":35.0,"turns":5.0},{"damage":2.0,"enemies":"3 Shapes","floor":38.0,"turns":2.0},{"damage":31.0,"enemies":"Reptomancer","floor":40.0,"turns":6.0},{"damage":6.0,"enemies":"Sphere and 2 Shapes","floor":44.0,"turns":3.0},{"damage":12,"enemies":"Transient","floor":45,"turns":5},{"damage":1,"enemies":"Jaw Worm Horde","floor":47,"turns":4},{"damage":4,"enemies":"3 Darklings","floor":48,"turns":6},{"damage":44,"enemies":"Donu and Deca","floor":50,"turns":9}],"seed_played":"-6619416026197763906","potions_obtained":[{"floor":3.0,"key":"Strength Potion"},{"floor":4.0,"key":"FearPotion"},{"floor":11.0,"key":"GamblersBrew"},{"floor":12.0,"key":"Explosive Potion"},{"floor":22.0,"key":"GamblersBrew"},{"floor":23.0,"key":"Weak Potion"},{"floor":31.0,"key":"Dexterity Potion"},{"floor":38.0,"key":"Energy Potion"},{"floor":45,"key":"Poison Potion"},{"floor":47,"key":"EntropicBrew"},{"floor":48,"key":"EntropicBrew"}],"is_trial":false,"path_per_floor":["M","?","M","M","M","E","$","?","T","M","E","M","$","E","R","B",null,"M","M","?","?","M","E","R","?","T","M","M","R","$","?","R","B",null,"M","$","?","M","$","E","?","R","T","M","M","R","M","M","R","B",null],"character_chosen":"DEFECT","items_purchased":["strawberrySpire:AztechBall","strawberrySpire:ShipInABottle","Art of War","Loop","Core Surge","Coolheaded","strawberrySpire:Ronchyble","Hologram","MealTicket","Finesse","Turbo","strawberrySpire:BlasterWyrm","HandDrill","PowerPotion","Defragment"],"campfire_rested":2,"item_purchase_floors":[0,0,0,0,0,0,0,0,0,7,7,30,30,30,36],"current_hp_per_floor":[72,72,72,64,43,19,34,34,34,30,13,11,11,9,31,3,75,73,62,62,67,39,37,37,37,37,18,15,15,30,28,28,3,80,43,58,58,56,56,25,45,45,45,39,27,27,26,22,46,2],"gold":142,"neow_bonus":"","is_prod":false,"is_daily":false,"chose_seed":false,"campfire_upgraded":5,"win_rate":0,"timestamp":1551239479,"path_taken":["M","?","M","M","M","E","$","?","T","?","E","M","?","E","R","BOSS","M","M","?","?","M","E","R","?","T","M","M","R","$","?","R","BOSS","M","$","?","?","?","E","?","R","T","M","M","R","?","M","R","BOSS"],"build_version":"2019-02-06","purchased_purges":2,"victory":true,"max_hp_per_floor":[75,75,75,75,75,75,75,75,75,75,75,75,75,75,75,75,75,75,75,75,80,80,80,80,80,80,80,80,80,80,80,80,80,80,80,80,80,80,80,80,80,80,80,80,80,80,80,80,80,80],"card_choices":[{"not_picked":["Gash","Loop"],"picked":"Tempest+1","floor":1.0},{"not_picked":["Rebound","Gash+1"],"picked":"Leap","floor":3.0},{"not_picked":["strawberrySpire:Adapter","Stack"],"picked":"Genetic Algorithm+1","floor":4.0},{"not_picked":["Genetic Algorithm","Conserve Battery"],"picked":"Amplify+1","floor":5.0},{"not_picked":["Skim+1","Beam Cell","strawberrySpire:NeonFlight"],"picked":"SKIP","floor":6.0},{"not_picked":["Scrape+1","Compile Driver+1"],"picked":"Sunder+1","floor":10.0},{"not_picked":["Leap","Beam Cell+1"],"picked":"Conserve Battery+1","floor":11.0},{"not_picked":["Redo","All For One+1"],"picked":"Conserve Battery+1","floor":12.0},{"not_picked":["Storm","Ball Lightning+1"],"picked":"Static Discharge+1","floor":14.0},{"not_picked":["Thunder Strike+1","Multi-Cast"],"picked":"Meteor Strike+1","floor":16.0},{"not_picked":["Cold Snap+1","Hologram"],"picked":"Steam+1","floor":18.0},{"not_picked":["strawberrySpire:Disconnect+1","Go for the Eyes+1","strawberrySpire:NeonFlight"],"picked":"SKIP","floor":19.0},{"not_picked":["Rebound+1","strawberrySpire:NeonFlight+1"],"picked":"Leap+1","floor":22.0},{"not_picked":["strawberrySpire:NeonFlight+1","Go for the Eyes+1","Coolheaded"],"picked":"SKIP","floor":23.0},{"not_picked":["strawberrySpire:FocalLaser+1","strawberrySpire:DataDump+1","strawberrySpire:NeonFlight+1"],"picked":"BootSequence","floor":27.0},{"not_picked":["Barrage+1","strawberrySpire:Disconnect+1","Redo+1"],"picked":"Hologram","floor":28.0},{"not_picked":["Lockon+1","strawberrySpire:NeonFlight","Compile Driver+1"],"picked":"Fission","floor":31.0},{"not_picked":["Buffer","strawberrySpire:BiBeamBolt","Core Surge+1"],"picked":"Reboot+1","floor":33.0},{"not_picked":["strawberrySpire:DataDump+1","Sweeping Beam+1","Rebound+1"],"picked":"Coolheaded+1","floor":35.0},{"not_picked":["Fusion","Streamline+1","FTL+1"],"picked":"Double Energy","floor":38.0},{"not_picked":["Meteor Strike+1","strawberrySpire:AngeryBot","Gash+1"],"picked":"Conserve Battery","floor":40.0},{"not_picked":["Darkness","Go for the Eyes+1","White Noise"],"picked":"strawberrySpire:Adapter","floor":44.0},{"not_picked":["strawberrySpire:THEL+1","strawberrySpire:NeonFlight+1","Heatsinks+1"],"picked":"Leap","floor":45},{"not_picked":["Redo+1","Go for the Eyes+1","Gash+1"],"picked":"Hologram+1","floor":47},{"not_picked":["strawberrySpire:Package+1","Darkness+1","strawberrySpire:GearCrunch"],"picked":"Auto Shields+1","floor":48}],"player_experience":1169245,"relics_obtained":[{"floor":6.0,"key":"Whetstone"},{"floor":9.0,"key":"Molten Egg 2"},{"floor":11.0,"key":"strawberrySpire:ThornyGelberry"},{"floor":14.0,"key":"The Courier"},{"floor":23.0,"key":"Question Card"},{"floor":26.0,"key":"Mercury Hourglass"},{"floor":31.0,"key":"Kunai"},{"floor":34.0,"key":"Pen Nib"},{"floor":34.0,"key":"Cables"},{"floor":34.0,"key":"Girya"},{"floor":40.0,"key":"Bottled Lightning"},{"floor":43.0,"key":"Ornamental Fan"},{"floor":43.0,"key":"strawberrySpire:DirtyLipstick"}],"event_choices":[{"cards_removed":["Strike_B"],"damage_healed":0.0,"max_hp_gain":0.0,"max_hp_loss":0.0,"gold_gain":0.0,"event_name":"The Cleric","player_choice":"Card Removal","floor":2.0,"gold_loss":50.0,"damage_taken":0.0},{"damage_healed":0.0,"max_hp_gain":0.0,"max_hp_loss":0.0,"gold_gain":0.0,"event_name":"Accursed Blacksmith","player_choice":"Rummage","floor":8.0,"gold_loss":0.0,"damage_taken":0.0,"relics_obtained":["WarpedTongs"],"cards_obtained":["Pain"]},{"damage_healed":0.0,"max_hp_gain":0.0,"max_hp_loss":0.0,"gold_gain":0.0,"event_name":"WeMeetAgain","player_choice":"Gave Potion","floor":37.0,"gold_loss":0.0,"damage_taken":0.0,"relics_obtained":["Matryoshka"]},{"damage_healed":20.0,"max_hp_gain":0.0,"max_hp_loss":0.0,"gold_gain":0.0,"event_name":"Winding Halls","player_choice":"Writhe","floor":41.0,"gold_loss":0.0,"damage_taken":0.0,"cards_obtained":["Writhe"]}],"is_beta":true,"boss_relics":[{"not_picked":["Snecko Eye","Pandora\u0027s Box"],"picked":"energizedSpire:RedRose"},{"not_picked":["Philosopher\u0027s Stone","Sozu"],"picked":"Calling Bell"}],"items_purged_floors":[0,36],"is_endless":false,"potions_floor_spawned":[3,4,11,12,22,23,31,38,40,45,47,48],"ascension_level":1}