{"gold_per_floor":[111,126,136,147,160,160,179,196,223,74,74,24,24,49,49,148,148,167,167,186,200,200,200,219,36,36,47,60,0,0],"floor_reached":30,"playtime":2649,"items_purged":["Strike_B"],"score":236,"play_id":"63c69451-b125-43e6-bd58-56ac8b127714","local_time":"20190801141550","is_ascension_mode":false,"campfire_choices":[{"data":"Zap","floor":6,"key":"SMITH"},{"data":"Defragment","floor":11,"key":"SMITH"},{"data":"Multi-Cast","floor":13,"key":"SMITH"},{"floor":15,"key":"REST"},{"data":"White Noise","floor":23,"key":"SMITH"}],"neow_cost":"NONE","seed_source_timestamp":95021678180600,"circlet_count":0,"master_deck":["Defend_B","Defend_B","Defend_B","Defend_B","Zap+1","Dualcast","Redo","Multi-Cast+1","Ball Lightning","Amplify","Defragment+1","Ball Lightning","Biased Cognition","Leap","White Noise+1","Defragment","Apotheosis","Force Field","BootSequence+1"],"relics":["Cracked Core","Bag of Marbles","Kunai","Empty Cage","Centennial Puzzle","Nunchaku"],"potions_floor_usage":[4,7,16,20,24,24,28],"damage_taken":[{"damage":1,"enemies":"Cultist","floor":1,"turns":3},{"damage":1,"enemies":"Jaw Worm","floor":2,"turns":4},{"damage":0,"enemies":"2 Louse","floor":3,"turns":2},{"damage":4,"enemies":"Blue Slaver","floor":4,"turns":3},{"damage":5,"enemies":"Looter","floor":5,"turns":3},{"damage":4,"enemies":"Exordium Thugs","floor":7,"turns":3},{"damage":0,"enemies":"Large Slime","floor":8,"turns":3},{"damage":35,"enemies":"3 Sentries","floor":14,"turns":5},{"damage":35,"enemies":"Hexaghost","floor":16,"turns":7},{"damage":15,"enemies":"3 Byrds","floor":18,"turns":3},{"damage":17,"enemies":"Shell Parasite","floor":20,"turns":4},{"damage":3,"enemies":"Snecko","floor":21,"turns":3},{"damage":14,"enemies":"3 Cultists","floor":24,"turns":5},{"damage":13,"enemies":"Snake Plant","floor":27,"turns":4},{"damage":20,"enemies":"Shelled Parasite and Fungi","floor":28,"turns":4},{"damage":9,"enemies":"Sentry and Sphere","floor":30,"turns":2}],"seed_played":"-802972234901493099","potions_obtained":[{"floor":2,"key":"SpeedPotion"},{"floor":3,"key":"Explosive Potion"},{"floor":14,"key":"Dexterity Potion"},{"floor":18,"key":"Fruit Juice"},{"floor":20,"key":"AttackPotion"},{"floor":21,"key":"SkillPotion"},{"floor":24,"key":"Fruit Juice"}],"is_trial":false,"path_per_floor":["M","M","M","M","M","R","M","M","T","$","R","?","R","E","R","B",null,"M","?","M","M","?","R","M","$","T","M","M","?","M"],"character_chosen":"DEFECT","items_purchased":["Defragment","Apotheosis"],"campfire_rested":1,"item_purchase_floors":[10,25],"current_hp_per_floor":[74,73,73,69,64,64,60,60,60,60,60,60,60,25,47,12,75,60,60,48,45,45,45,31,31,31,18,3,3,0],"gold":0,"neow_bonus":"REMOVE_CARD","is_prod":false,"is_daily":false,"chose_seed":false,"campfire_upgraded":4,"win_rate":0.0,"timestamp":1564636550,"path_taken":["M","?","M","M","M","R","M","M","T","$","R","?","R","E","R","BOSS","M","?","M","M","?","R","M","$","T","M","M","?","?"],"build_version":"2019-07-17","purchased_purges":1,"victory":false,"max_hp_per_floor":[75,75,75,75,75,75,75,75,75,75,75,75,75,75,75,75,75,75,75,80,80,80,80,80,80,80,80,85,85,85],"card_choices":[{"not_picked":["Coolheaded","Stack"],"picked":"Streamline","floor":1},{"not_picked":["Steam","Rebound"],"picked":"Redo","floor":2},{"not_picked":["Darkness","White Noise"],"picked":"Multi-Cast","floor":3},{"not_picked":["Beam Cell","Stack","Streamline"],"picked":"SKIP","floor":4},{"not_picked":["Melter","Redo"],"picked":"Ball Lightning","floor":5},{"not_picked":["Streamline","Genetic Algorithm","Redo"],"picked":"SKIP","floor":7},{"not_picked":["Genetic Algorithm","Streamline"],"picked":"Amplify","floor":8},{"not_picked":["Redo","Rebound"],"picked":"Ball Lightning","floor":14},{"not_picked":["Buffer","Multi-Cast"],"picked":"Biased Cognition","floor":16},{"not_picked":["Blizzard","Gash+1","Rebound"],"picked":"SKIP","floor":18},{"not_picked":["Doom and Gloom","Blizzard+1"],"picked":"Leap","floor":20},{"not_picked":["Hello World","Compile Driver"],"picked":"White Noise","floor":21},{"not_picked":["Barrage","Rebound"],"picked":"Defragment","floor":24},{"not_picked":["Sweeping Beam","Glacier+1"],"picked":"Force Field","floor":27},{"not_picked":["Glacier","Reprogram"],"picked":"BootSequence+1","floor":28}],"player_experience":49908,"relics_obtained":[{"floor":9,"key":"Bag of Marbles"},{"floor":14,"key":"Kunai"},{"floor":26,"key":"Nunchaku"}],"event_choices":[{"cards_removed":["Strike_B"],"damage_healed":0,"gold_gain":0,"player_choice":"Card Removal","damage_taken":0,"max_hp_gain":0,"max_hp_loss":0,"event_name":"The Cleric","floor":12,"gold_loss":50},{"damage_healed":0,"gold_gain":0,"player_choice":"Ignored","damage_taken":0,"max_hp_gain":0,"max_hp_loss":0,"event_name":"Beggar","floor":19,"gold_loss":0},{"damage_healed":0,"gold_gain":0,"player_choice":"Opened","damage_taken":0,"relics_obtained":["Centennial Puzzle"],"max_hp_gain":0,"max_hp_loss":0,"event_name":"The Mausoleum","floor":22,"gold_loss":0},{"damage_healed":0,"gold_gain":0,"player_choice":"Paid Fearfully","damage_taken":0,"max_hp_gain":0,"max_hp_loss":0,"event_name":"Masked Bandits","floor":29,"gold_loss":60}],"is_beta":false,"boss_relics":[{"not_picked":["Sozu","Eternal Feather"],"picked":"Empty Cage"}],"items_purged_floors":[10],"is_endless":false,"potions_floor_spawned":[2,3,14,18,20,21,24],"killed_by":"Sentry and Sphere","ascension_level":0}