{"gold_per_floor":[118,68,86,86,103,103,134,152,207,207,207,242,268,293,293,398,398,414,434,434,448,428,457,37,62,62,73,73,88,104,129,129,230,230,241,241,251,251,270,270,298,298,298,314,343,343,360,385,385,385],"floor_reached":51,"playtime":3462,"items_purged":["Strike_R"],"score":1192,"play_id":"e53f9148-9026-45ba-881f-b055bba54a2b","local_time":"20190225205457","is_ascension_mode":true,"campfire_choices":[{"data":"Dual Wield","floor":6,"key":"SMITH"},{"data":"Madness","floor":11,"key":"SMITH"},{"data":"1","floor":15,"key":"LIFT"},{"data":"2","floor":28,"key":"LIFT"},{"floor":32,"key":"REST"},{"data":"3","floor":40,"key":"LIFT"},{"data":"Disarm","floor":42,"key":"SMITH"},{"data":"Seeing Red","floor":46,"key":"SMITH"},{"data":"Madness","floor":49,"key":"SMITH"}],"neow_cost":"","seed_source_timestamp":1069824472704181,"circlet_count":0,"master_deck":["Strike_R","Strike_R","Strike_R","Defend_R+1","Defend_R","Defend_R","Defend_R+1","Bash","Dual Wield+1","Metallicize","Swift Strike","Thunderclap","Wild Strike","Madness+1","Clothesline+1","Headbutt","Iron Wave","Rage","Whirlwind+1","Power Through","Impervious","Immolate","Armaments","Seeing Red+1","Corruption+1","Shockwave","Inflame+1","Disarm+1","Berserk+1","Corruption+1","Panache+1","Madness+1","Shrug It Off+1","Dark Embrace+1","Dual Wield"],"relics":["Burning Blood","Girya","Strange Spoon","Frozen Egg 2","Blood Vial","Paper Frog","War Paint","Odd Mushroom","Omamori","Black Star","Nilry\u0027s Codex","MawBank","Dodecahedron","Vajra","Whetstone","Ornamental Fan","Darkstone Periapt","Centennial Puzzle","FossilizedHelix","Ice Cream","Coffee Dripper","Bottled Flame","Self Forming Clay","Letter Opener","Singing Bowl","Strawberry","Meat on the Bone","Orichalcum"],"potions_floor_usage":[7,7,7,14,16,23,25,25,27,29,31,47,47],"damage_taken":[{"damage":6,"enemies":"Jaw Worm","floor":1,"turns":3},{"damage":2,"enemies":"2 Louse","floor":3,"turns":2},{"damage":0,"enemies":"Small Slimes","floor":5,"turns":2},{"damage":0,"enemies":"Gremlin Nob","floor":7,"turns":3},{"damage":4,"enemies":"2 Fungi Beasts","floor":8,"turns":3},{"damage":26,"enemies":"Lagavulin","floor":12,"turns":5},{"damage":13,"enemies":"The Mushroom Lair","floor":13,"turns":6},{"damage":16,"enemies":"Gremlin Nob","floor":14,"turns":4},{"damage":27,"enemies":"Slime Boss","floor":16,"turns":13},{"damage":9,"enemies":"2 Thieves","floor":18,"turns":4},{"damage":2,"enemies":"Shell Parasite","floor":19,"turns":8},{"damage":23,"enemies":"3 Cultists","floor":21,"turns":4},{"damage":32,"enemies":"Gremlin Leader","floor":23,"turns":7},{"damage":12,"enemies":"Slavers","floor":25,"turns":8},{"damage":0,"enemies":"Chosen and Byrds","floor":27,"turns":6},{"damage":6,"enemies":"Centurion and Healer","floor":29,"turns":3},{"damage":3,"enemies":"Shelled Parasite and Fungi","floor":30,"turns":8},{"damage":17,"enemies":"Gremlin Leader","floor":31,"turns":4},{"damage":27,"enemies":"Collector","floor":33,"turns":7},{"damage":5,"enemies":"3 Shapes","floor":35,"turns":4},{"damage":10,"enemies":"Orb Walker","floor":37,"turns":3},{"damage":22,"enemies":"Sphere and 2 Shapes","floor":39,"turns":5},{"damage":0,"enemies":"Giant Head","floor":41,"turns":6},{"damage":12,"enemies":"Maw","floor":44,"turns":6},{"damage":18,"enemies":"Nemesis","floor":45,"turns":5},{"damage":6,"enemies":"3 Darklings","floor":47,"turns":3},{"damage":0,"enemies":"Giant Head","floor":48,"turns":5},{"damage":16,"enemies":"Time Eater","floor":50,"turns":6}],"seed_played":"-8021942653470008867","potions_obtained":[{"floor":1,"key":"Energy Potion"},{"floor":3,"key":"Strength Potion"},{"floor":12,"key":"PowerPotion"},{"floor":14,"key":"SkillPotion"},{"floor":16,"key":"PowerPotion"},{"floor":19,"key":"Dexterity Potion"},{"floor":22,"key":"Fire Potion"},{"floor":25,"key":"Weak Potion"},{"floor":27,"key":"Strength Potion"},{"floor":31,"key":"Fire Potion"},{"floor":39,"key":"Weak Potion"},{"floor":41,"key":"Weak Potion"},{"floor":48,"key":"Weak Potion"}],"is_trial":false,"path_per_floor":["M","?","M","$","M","R","E","M","T","T","R","E","?","E","R","B",null,"M","M","?","M","?","E","$","E","T","M","R","M","M","E","R","B",null,"M","?","M","?","M","R","E","R","T","M","E","R","M","E","R","B",null],"character_chosen":"IRONCLAD","items_purchased":["Dual Wield","Metallicize","Girya","Swift Strike","Thunderclap","Wild Strike","Madness","Strange Spoon","Clothesline","EssenceOfSteel","Corruption+1","Vajra","Whetstone","Strength Potion"],"campfire_rested":1,"item_purchase_floors":[0,0,0,0,0,0,0,0,0,0,24,24,24,24],"current_hp_per_floor":[80,80,80,80,80,80,80,80,80,80,80,60,55,47,47,28,80,77,80,64,49,49,25,25,21,21,29,29,31,36,27,51,32,80,80,70,68,68,54,54,62,62,62,58,57,57,61,71,71,63],"gold":385,"neow_bonus":"","is_prod":false,"is_daily":false,"chose_seed":false,"campfire_upgraded":5,"win_rate":0,"timestamp":1551117297,"path_taken":["M","?","M","$","M","R","E","M","T","?","R","E","?","E","R","BOSS","M","M","?","M","?","E","$","E","T","M","R","M","?","E","R","BOSS","M","?","M","?","M","R","E","R","T","?","E","R","M","E","R","BOSS"],"build_version":"2019-02-06","purchased_purges":1,"victory":true,"max_hp_per_floor":[80,80,80,80,80,80,80,80,80,80,80,80,80,80,80,80,80,80,80,80,80,80,80,80,80,80,80,80,80,80,80,80,80,80,80,80,80,80,80,80,80,80,80,80,89,89,91,93,93,93],"card_choices":[{"not_picked":["True Grit","Clothesline"],"picked":"Headbutt","floor":1},{"not_picked":["Entrench","True Grit"],"picked":"Iron Wave","floor":3},{"not_picked":["Perfected Strike","Heavy Blade"],"picked":"Rage","floor":5},{"not_picked":["Hemokinesis","Pommel Strike","Flex"],"picked":"SKIP","floor":7},{"not_picked":["Burning Pact","Evolve+1"],"picked":"Whirlwind","floor":8},{"not_picked":["Wild Strike","Havoc","Bloodletting"],"picked":"SKIP","floor":12},{"not_picked":["Perfected Strike","Brutality+1"],"picked":"Power Through","floor":13},{"not_picked":["Shrug It Off","Headbutt"],"picked":"Impervious","floor":14},{"not_picked":["Reaper","Impervious"],"picked":"Immolate","floor":16},{"not_picked":["Cleave","Anger","Wild Strike"],"picked":"SKIP","floor":18},{"not_picked":["Clash","Second Wind"],"picked":"Armaments","floor":19},{"not_picked":["Clothesline","Thunderclap"],"picked":"Seeing Red","floor":21},{"not_picked":["Bloodletting+1","Clash","Cleave"],"picked":"SKIP","floor":23},{"not_picked":["Thunderclap","Heavy Blade+1"],"picked":"Shockwave","floor":25},{"not_picked":["Sword Boomerang","Armaments"],"picked":"Inflame+1","floor":27},{"not_picked":["Iron Wave","Fiend Fire","Wild Strike"],"picked":"SKIP","floor":29},{"not_picked":["Havoc+1","Wild Strike+1"],"picked":"Disarm","floor":30},{"not_picked":["Burning Pact","Flex","Twin Strike"],"picked":"SKIP","floor":31},{"not_picked":["Immolate","Offering"],"picked":"Berserk+1","floor":33},{"not_picked":["Infernal Blade+1","Searing Blow"],"picked":"Corruption+1","floor":35},{"not_picked":["Madness","Purity"],"picked":"Panache+1","floor":36},{"not_picked":["Dramatic Entrance","Blind"],"picked":"Madness","floor":36},{"not_picked":["Perfected Strike+1","Blood for Blood+1","Anger+1"],"picked":"SKIP","floor":37},{"not_picked":["Wild Strike","Fire Breathing+1"],"picked":"Shrug It Off+1","floor":39},{"not_picked":["Iron Wave","Havoc+1"],"picked":"Dark Embrace+1","floor":41},{"not_picked":["Flex","True Grit"],"picked":"Dual Wield","floor":44},{"not_picked":["Heavy Blade+1","Armaments","Pommel Strike"],"picked":"Singing Bowl","floor":45},{"not_picked":["True Grit+1","Rampage","Pommel Strike"],"picked":"Singing Bowl","floor":47},{"not_picked":["Bloodletting+1","Feed","Entrench"],"picked":"Singing Bowl","floor":48}],"player_experience":1163111,"relics_obtained":[{"floor":7,"key":"Frozen Egg 2"},{"floor":9,"key":"Blood Vial"},{"floor":10,"key":"Paper Frog"},{"floor":12,"key":"War Paint"},{"floor":13,"key":"Odd Mushroom"},{"floor":14,"key":"Omamori"},{"floor":20,"key":"Nilry\u0027s Codex"},{"floor":23,"key":"MawBank"},{"floor":23,"key":"Dodecahedron"},{"floor":25,"key":"Ornamental Fan"},{"floor":25,"key":"Darkstone Periapt"},{"floor":26,"key":"Centennial Puzzle"},{"floor":31,"key":"FossilizedHelix"},{"floor":31,"key":"Ice Cream"},{"floor":41,"key":"Bottled Flame"},{"floor":41,"key":"Self Forming Clay"},{"floor":43,"key":"Letter Opener"},{"floor":45,"key":"Singing Bowl"},{"floor":45,"key":"Strawberry"},{"floor":48,"key":"Meat on the Bone"},{"floor":48,"key":"Orichalcum"}],"event_choices":[{"cards_removed":["Strike_R"],"damage_healed":0,"gold_gain":0,"player_choice":"Card Removal","damage_taken":0,"max_hp_gain":0,"max_hp_loss":0,"event_name":"The Cleric","floor":2,"gold_loss":50},{"damage_healed":0,"gold_gain":0,"player_choice":"Fought Mushrooms","damage_taken":0,"max_hp_gain":0,"max_hp_loss":0,"event_name":"Mushrooms","floor":13,"gold_loss":0},{"damage_healed":0,"gold_gain":0,"player_choice":"Obtained Book","damage_taken":16,"max_hp_gain":0,"max_hp_loss":0,"event_name":"Cursed Tome","floor":20,"gold_loss":0},{"damage_healed":0,"gold_gain":0,"player_choice":"Bought 1 Potion","damage_taken":0,"max_hp_gain":0,"max_hp_loss":0,"event_name":"The Woman in Blue","floor":22,"gold_loss":0},{"damage_healed":0,"gold_gain":0,"player_choice":"Memory 3","damage_taken":10,"max_hp_gain":0,"max_hp_loss":0,"event_name":"SensoryStone","floor":36,"gold_loss":0},{"damage_healed":0,"gold_gain":0,"player_choice":"Ignored","damage_taken":0,"max_hp_gain":0,"max_hp_loss":0,"event_name":"Tomb of Lord Red Mask","floor":38,"gold_loss":0}],"is_beta":true,"boss_relics":[{"not_picked":["Velvet Choker","Runic Cube"],"picked":"Black Star"},{"not_picked":["Empty Cage","Tiny House"],"picked":"Coffee Dripper"}],"items_purged_floors":[0],"is_endless":false,"potions_floor_spawned":[1,3,12,14,16,19,25,27,31,39,41,48],"ascension_level":1}