{"gold_per_floor":[15,15,27,99,174,174,124,141,141,170,189,37,37,47,47,148,148,158,178,204,119,119,119,138,138,190,218,234,234,250,263,263,263],"floor_reached":33,"playtime":2794,"items_purged":["Strike_R"],"score":294,"play_id":"68c1e74d-2d93-4483-91b6-fc09aebde44b","local_time":"20190803185851","is_ascension_mode":true,"campfire_choices":[{"floor":6,"key":"RECALL"},{"data":"Flex","floor":13,"key":"SMITH"},{"data":"Seeing Red","floor":15,"key":"SMITH"},{"data":"Rupture","floor":23,"key":"SMITH"},{"floor":25,"key":"REST"},{"floor":29,"key":"REST"},{"floor":32,"key":"REST"}],"neow_cost":"NO_GOLD","seed_source_timestamp":181164980418900,"circlet_count":0,"master_deck":["Strike_R","Strike_R","Defend_R","Defend_R","Defend_R","Defend_R","Bash","Carnage","Clash","Seeing Red+1","Rupture+1","Bludgeon","Metallicize","Flame Barrier+1","Bloodletting","Whirlwind","Twin Strike","Flex+1","Fiend Fire","Warcry+1","Immolate","Intimidate","Entrench+1","Double Tap","Heavy Blade","Hemokinesis","Hemokinesis+1","Blood for Blood","Limit Break","Inflame","Sever Soul+1"],"relics":["Burning Blood","Prayer Wheel","Du-Vu Doll","Sozu","Vajra","Nloth\u0027s Gift","War Paint","Mercury Hourglass"],"potions_floor_usage":[14,16],"damage_taken":[{"damage":5,"enemies":"Small Slimes","floor":1,"turns":3},{"damage":7,"enemies":"2 Louse","floor":3,"turns":2},{"damage":0,"enemies":"Cultist","floor":8,"turns":3},{"damage":20,"enemies":"3 Sentries","floor":10,"turns":9},{"damage":1,"enemies":"Red Slaver","floor":11,"turns":3},{"damage":1,"enemies":"Looter","floor":14,"turns":2},{"damage":34,"enemies":"The Guardian","floor":16,"turns":13},{"damage":28,"enemies":"2 Thieves","floor":18,"turns":3},{"damage":3,"enemies":"Chosen","floor":19,"turns":4},{"damage":30,"enemies":"Snecko","floor":24,"turns":5},{"damage":27,"enemies":"Gremlin Leader","floor":27,"turns":4},{"damage":33,"enemies":"Centurion and Healer","floor":28,"turns":5},{"damage":21,"enemies":"Snake Plant","floor":30,"turns":4},{"damage":21,"enemies":"Sentry and Sphere","floor":31,"turns":5},{"damage":37,"enemies":"Collector","floor":33,"turns":5}],"seed_played":"-8460931813911184196","potions_obtained":[{"floor":3,"key":"Poison Potion"},{"floor":10,"key":"AttackPotion"},{"floor":16,"key":"LiquidBronze"}],"is_trial":false,"path_per_floor":["M","?","M","?","?","R","?","M","T","E","M","$","R","M","R","B",null,"M","M","T","?","?","R","M","R","T","E","M","R","M","M","R","B"],"character_chosen":"IRONCLAD","items_purchased":["Twin Strike","Flex"],"campfire_rested":3,"item_purchase_floors":[12,12],"current_hp_per_floor":[80,80,79,79,68,68,68,74,74,60,65,65,65,70,70,42,80,58,61,61,61,61,61,37,61,61,40,13,37,22,7,31,0],"gold":263,"neow_bonus":"ONE_RARE_RELIC","is_prod":false,"is_daily":false,"chose_seed":false,"campfire_upgraded":3,"win_rate":0,"timestamp":1564826331,"path_taken":["M","?","M","?","?","R","?","M","T","E","M","?","R","M","R","BOSS","M","?","?","?","?","R","M","R","T","E","?","R","M","M","R","BOSS"],"build_version":"2019-07-17","purchased_purges":1,"victory":false,"max_hp_per_floor":[80,80,80,80,80,80,80,80,80,80,80,80,80,80,80,80,80,80,80,80,80,80,80,80,80,80,80,80,80,80,80,80,80],"card_choices":[{"not_picked":["Seeing Red","Pommel Strike"],"picked":"Carnage","floor":1},{"not_picked":["Headbutt","Clothesline"],"picked":"Clash","floor":1},{"not_picked":["Sever Soul","Warcry"],"picked":"Rupture","floor":3},{"not_picked":["Armaments","Iron Wave","Sword Boomerang"],"picked":"SKIP","floor":3},{"not_picked":["Sword Boomerang","Clash"],"picked":"Bludgeon","floor":8},{"not_picked":["Pommel Strike","True Grit"],"picked":"Metallicize","floor":8},{"not_picked":["Armaments","Shockwave"],"picked":"Flame Barrier","floor":10},{"not_picked":["Perfected Strike","Metallicize"],"picked":"Bloodletting","floor":11},{"not_picked":["True Grit","Flex"],"picked":"Whirlwind","floor":11},{"not_picked":["Iron Wave","Thunderclap"],"picked":"Fiend Fire","floor":14},{"not_picked":["Rampage","Iron Wave"],"picked":"Warcry","floor":14},{"not_picked":["Bludgeon","Feed"],"picked":"Immolate","floor":16},{"not_picked":["Iron Wave+1","Sword Boomerang+1"],"picked":"Intimidate","floor":18},{"not_picked":["Armaments","Clash","Body Slam"],"picked":"SKIP","floor":18},{"not_picked":["Armaments","Sword Boomerang+1"],"picked":"Entrench+1","floor":19},{"not_picked":["True Grit","Armaments","Whirlwind"],"picked":"SKIP","floor":19},{"not_picked":["Cleave+1","Dropkick+1"],"picked":"Double Tap","floor":24},{"not_picked":["Clash","Pommel Strike"],"picked":"Heavy Blade","floor":24},{"not_picked":["Battle Trance","Uppercut"],"picked":"Hemokinesis","floor":27},{"not_picked":["Headbutt","Body Slam"],"picked":"Hemokinesis+1","floor":28},{"not_picked":["Twin Strike+1","Iron Wave"],"picked":"Blood for Blood","floor":28},{"not_picked":["Sword Boomerang","Clash"],"picked":"Limit Break","floor":30},{"not_picked":["Flame Barrier","Pommel Strike","Power Through"],"picked":"SKIP","floor":30},{"not_picked":["Cleave","Headbutt"],"picked":"Inflame","floor":31},{"not_picked":["Barricade","Dropkick"],"picked":"Sever Soul+1","floor":31}],"player_experience":103743,"relics_obtained":[{"floor":10,"key":"Du-Vu Doll"},{"floor":20,"key":"Vajra"},{"floor":26,"key":"War Paint"},{"floor":27,"key":"Mercury Hourglass"}],"event_choices":[{"damage_healed":0,"gold_gain":0,"cards_transformed":["Strike_R"],"player_choice":"Change","damage_taken":0,"max_hp_gain":0,"max_hp_loss":0,"event_name":"Living Wall","floor":2,"gold_loss":0,"cards_obtained":["Seeing Red"]},{"damage_healed":0,"gold_gain":72,"player_choice":"Gained Gold","damage_taken":0,"max_hp_gain":0,"max_hp_loss":0,"event_name":"Golden Wing","floor":4,"gold_loss":0},{"damage_healed":0,"gold_gain":75,"player_choice":"Gather Gold","damage_taken":11,"max_hp_gain":0,"max_hp_loss":0,"event_name":"World of Goop","floor":5,"gold_loss":0},{"cards_removed":["Strike_R"],"damage_healed":0,"gold_gain":0,"player_choice":"Card Removal","damage_taken":0,"max_hp_gain":0,"max_hp_loss":0,"event_name":"The Cleric","floor":7,"gold_loss":50},{"damage_healed":0,"gold_gain":0,"player_choice":"Obtained Relic","damage_taken":0,"relics_obtained":["Boot"],"max_hp_gain":0,"max_hp_loss":0,"event_name":"Addict","floor":21,"gold_loss":85},{"damage_healed":0,"gold_gain":0,"player_choice":"Traded Relic","damage_taken":0,"relics_obtained":["Nloth\u0027s Gift"],"max_hp_gain":0,"max_hp_loss":0,"event_name":"N\u0027loth","floor":22,"relics_lost":["Boot"],"gold_loss":0}],"is_beta":false,"boss_relics":[{"not_picked":["Empty Cage","White Beast Statue"],"picked":"Sozu"}],"items_purged_floors":[12],"is_endless":false,"potions_floor_spawned":[3,10,16,24,28],"killed_by":"Collector","ascension_level":2}