{"gold_per_floor":[117,192,192,203,0,29,29,29,77,107,107,126,139,139,139,244,244,260,260,22,42,42,42,42],"floor_reached":24,"playtime":2296,"items_purged":["Doubt"],"score":252,"play_id":"45a8ff79-7dde-43aa-991a-1600c2f4b53c","local_time":"20181017014202","is_ascension_mode":false,"campfire_choices":[{"data":"Armaments","floor":8,"key":"SMITH"},{"data":"Defend_R","floor":11,"key":"PURGE"},{"data":"Metallicize","floor":15,"key":"SMITH"},{"data":"Dual Wield","floor":23,"key":"SMITH"}],"neow_cost":"CURSE","seed_source_timestamp":236176285083008,"circlet_count":0,"master_deck":["Defend_R","Defend_R","Defend_R","Bash+1","Clash","Flex","Headbutt","Armaments+1","Havoc","Twin Strike","Pommel Strike","Metallicize+1","Reaper","Cleave","Bite","Bite","Bite","Bite","Bite","Dual Wield+1","Dropkick+1"],"relics":["Burning Blood","Ice Cream","Vajra","Whetstone","Peace Pipe","Lantern","Eternal Feather","Chemical X"],"potions_floor_usage":[6,10,10,24],"damage_taken":[{"damage":6,"enemies":"Jaw Worm","floor":1,"turns":4},{"damage":5,"enemies":"Small Slimes","floor":4,"turns":4},{"damage":13,"enemies":"Gremlin Nob","floor":6,"turns":3},{"damage":6,"enemies":"Lagavulin","floor":10,"turns":3},{"damage":0,"enemies":"2 Louse","floor":12,"turns":2},{"damage":10,"enemies":"Looter","floor":13,"turns":2},{"damage":3,"enemies":"Slime Boss","floor":16,"turns":8},{"damage":20,"enemies":"Shell Parasite","floor":18,"turns":4},{"damage":22,"enemies":"2 Thieves","floor":21,"turns":4},{"damage":74,"enemies":"Gremlin Leader","floor":24,"turns":7}],"seed_played":"-8162329207275670496","potions_obtained":[{"floor":4,"key":"Swift Potion"},{"floor":6,"key":"SkillPotion"},{"floor":13,"key":"BloodPotion"},{"floor":18,"key":"Weak Potion"},{"floor":21,"key":"FearPotion"}],"is_trial":false,"path_per_floor":["M","?","?","M","$","E","?","R","T","E","R","M","M","?","R","B",null,"M","?","$","M","$","R"],"character_chosen":"IRONCLAD","items_purchased":["Headbutt","PowerPotion","Armaments","Chemical X","Dual Wield"],"campfire_rested":0,"item_purchase_floors":[5,5,5,20,20],"current_hp_per_floor":[80,69,53,54,54,47,52,52,52,52,52,58,54,36,36,39,85,76,59,59,50,50,59,0],"gold":42,"neow_bonus":"ONE_RARE_RELIC","is_prod":false,"is_daily":false,"chose_seed":false,"campfire_upgraded":3,"win_rate":0,"timestamp":1539729722,"path_taken":["M","?","?","M","$","E","?","R","T","E","R","M","?","?","R","BOSS","M","?","?","?","$","R","E"],"build_version":"2018-10-15v2","purchased_purges":1,"victory":false,"max_hp_per_floor":[80,80,80,80,80,80,85,85,85,85,85,85,85,85,85,85,85,85,59,59,59,59,59,59],"card_choices":[{"not_picked":["Evolve","Dual Wield"],"picked":"Clash","floor":1},{"not_picked":["Intimidate","True Grit"],"picked":"Flex","floor":4},{"not_picked":["Perfected Strike","Sentinel"],"picked":"Havoc","floor":6},{"not_picked":["Wild Strike","Intimidate"],"picked":"Twin Strike","floor":10},{"not_picked":["Sentinel","Power Through"],"picked":"Pommel Strike","floor":12},{"not_picked":["Sword Boomerang","Warcry"],"picked":"Metallicize","floor":13},{"not_picked":["Barricade","Berserk"],"picked":"Reaper","floor":16},{"not_picked":["Headbutt+1","Burning Pact"],"picked":"Cleave","floor":18},{"not_picked":["Headbutt","Burning Pact"],"picked":"Dropkick+1","floor":21}],"player_experience":795282,"relics_obtained":[{"floor":6,"key":"Vajra"},{"floor":9,"key":"Whetstone"},{"floor":10,"key":"Peace Pipe"}],"event_choices":[{"event_name":"World of Goop","player_choice":"Gather Gold","floor":2,"damage_taken":0},{"event_name":"Shining Light","player_choice":"Entered Light","floor":3,"damage_taken":0},{"event_name":"Big Fish","player_choice":"Donut","floor":7,"damage_taken":0},{"event_name":"Scrap Ooze","player_choice":"success","floor":14,"damage_taken":18},{"event_name":"Vampires","player_choice":"Became a vampire","floor":19,"damage_taken":0}],"is_beta":true,"boss_relics":[{"not_picked":["Astrolabe","Fusion Hammer"],"picked":"Eternal Feather"}],"items_purged_floors":[5],"is_endless":false,"potions_floor_spawned":[4,6,13,18,21],"killed_by":"Gremlin Leader","ascension_level":0}