{"gold_per_floor":[361,20,37,37,37,37,54,54,107,37,71,89,5,37,37,136,136,151,170,180,29,0,0,0],"floor_reached":24,"playtime":1412,"items_purged":["Strike_G","Strike_G"],"score":214,"play_id":"67352a31-7fee-46d4-ae2a-d50a8f4f63aa","local_time":"20181209030635","is_ascension_mode":true,"campfire_choices":[{"data":"Deadly Poison","floor":6,"key":"SMITH"},{"data":"Dash","floor":8,"key":"SMITH"},{"data":"Noxious Fumes","floor":15,"key":"SMITH"},{"floor":23,"key":"REST"}],"neow_cost":"PERCENT_DAMAGE","seed_source_timestamp":317272033003522,"circlet_count":0,"master_deck":["Defend_G","Defend_G","Defend_G","Defend_G+1","Defend_G","Strike_G","Strike_G","Strike_G","Survivor","Neutralize","Blur","Secret Technique+1","Dagger Spray","Deadly Poison+1","Dodge and Roll","Dash+1","Noxious Fumes+1","Crippling Poison","Deflect","Deadly Poison","Caltrops","PiercingWail","Night Terror","Heel Hook+1","Choke+1","Cloak And Dagger+1"],"relics":["Ring of the Serpent","Potion Belt","Molten Egg 2","Smiling Mask"],"potions_floor_usage":[14,14,16,24],"damage_taken":[{"damage":0,"enemies":"Small Slimes","floor":1,"turns":4},{"damage":1,"enemies":"Cultist","floor":3,"turns":4},{"damage":0,"enemies":"2 Louse","floor":7,"turns":2},{"damage":11,"enemies":"Lagavulin","floor":11,"turns":7},{"damage":3,"enemies":"Lots of Slimes","floor":12,"turns":2},{"damage":4,"enemies":"Gremlin Nob","floor":14,"turns":4},{"damage":2,"enemies":"Slime Boss","floor":16,"turns":11},{"damage":36,"enemies":"2 Thieves","floor":18,"turns":5},{"damage":25,"enemies":"Spheric Guardian","floor":19,"turns":6},{"damage":2,"enemies":"Centurion and Healer","floor":20,"turns":8},{"damage":41,"enemies":"Gremlin Leader","floor":24,"turns":7}],"seed_played":"7620555849108577597","potions_obtained":[{"floor":1,"key":"Ancient Potion"},{"floor":7,"key":"GhostInAJar"},{"floor":11,"key":"Energy Potion"},{"floor":12,"key":"FearPotion"},{"floor":19,"key":"Explosive Potion"}],"is_trial":false,"path_per_floor":["M","$","M","?","?","R","M","R","T","$","E","M","$","E","R","B",null,"M","M","M","$","?","R","E"],"character_chosen":"THE_SILENT","items_purchased":["Secret Technique","Dagger Spray","Deadly Poison","Noxious Fumes","Deadly Poison","Caltrops","SpeedPotion","FearPotion"],"campfire_rested":1,"item_purchase_floors":[2,2,2,10,13,13,21,21],"current_hp_per_floor":[49,49,48,34,34,34,34,34,34,34,23,20,20,16,16,14,70,34,9,7,7,7,28,0],"gold":0,"neow_bonus":"TWO_FIFTY_GOLD","is_prod":false,"is_daily":false,"chose_seed":false,"campfire_upgraded":3,"win_rate":0,"timestamp":1544313995,"path_taken":["M","$","M","?","?","R","M","R","T","$","E","?","?","E","R","BOSS","M","M","M","$","?","R","E"],"build_version":"2018-12-06","purchased_purges":2,"victory":false,"max_hp_per_floor":[70,70,70,70,70,70,70,70,70,70,70,70,70,70,70,70,70,70,70,70,70,70,70,70],"card_choices":[{"not_picked":["Eviscerate","Catalyst"],"picked":"Blur","floor":1},{"not_picked":["Setup","Caltrops"],"picked":"Dodge and Roll","floor":3},{"not_picked":["Dagger Spray","Dagger Throw"],"picked":"Dash","floor":7},{"not_picked":["Sucker Punch","Calculated Gamble"],"picked":"Crippling Poison","floor":11},{"not_picked":["Skewer+1","Dagger Throw+1"],"picked":"Deflect","floor":12},{"not_picked":["Caltrops","Outmaneuver"],"picked":"PiercingWail","floor":14},{"not_picked":["Storm of Steel","Doppelganger"],"picked":"Night Terror","floor":16},{"not_picked":["Quick Slash+1","Infinite Blades"],"picked":"Heel Hook+1","floor":18},{"not_picked":["PiercingWail","Blade Dance+1"],"picked":"Choke+1","floor":19},{"not_picked":["Expertise","Flechettes+1"],"picked":"Cloak And Dagger+1","floor":20}],"player_experience":965515,"relics_obtained":[{"floor":11,"key":"Molten Egg 2"},{"floor":14,"key":"Smiling Mask"}],"event_choices":[{"damage_healed":0,"gold_gain":0,"player_choice":"Entered Light","damage_taken":14,"max_hp_gain":0,"max_hp_loss":0,"event_name":"Shining Light","floor":4,"gold_loss":0,"cards_upgraded":["Secret Technique","Defend_G"]},{"damage_healed":0,"gold_gain":0,"player_choice":"Gave Potion","damage_taken":0,"relics_obtained":["Potion Belt"],"max_hp_gain":0,"max_hp_loss":0,"event_name":"WeMeetAgain","floor":5,"gold_loss":0},{"damage_healed":0,"gold_gain":0,"player_choice":"Paid Fearfully","damage_taken":0,"max_hp_gain":0,"max_hp_loss":0,"event_name":"Masked Bandits","floor":22,"gold_loss":29}],"is_beta":true,"boss_relics":[{"not_picked":["Fusion Hammer","Coffee Dripper"],"picked":"Ring of the Serpent"}],"items_purged_floors":[2,21],"is_endless":false,"potions_floor_spawned":[1,7,11,12,19],"killed_by":"Gremlin Leader","ascension_level":1}