{"gold_per_floor":[111,126,126,126,138,213,213,57,84,144,158,158,178,253,253,349,349,361,381,381,451,451,482,482,497,497,497,510,510,1,13,13,110,110,122,175,187,187,187,187,187,187,240,256,274,294,321,339,339,339],"floor_reached":50,"playtime":1959,"items_purged":[],"score":562,"play_id":"21e4b55b-51c7-4084-bcf5-3e02aea090d2","local_time":"20180817123104","is_ascension_mode":false,"campfire_choices":[{"data":"Zap","floor":7,"key":"SMITH"},{"data":"Defragment","floor":12,"key":"SMITH"},{"data":"Hologram","floor":15,"key":"SMITH"},{"data":"Streamline","floor":24,"key":"SMITH"},{"data":"Beam Cell","floor":27,"key":"SMITH"},{"data":"Turbo","floor":32,"key":"SMITH"},{"data":"Chrysalis","floor":40,"key":"SMITH"},{"data":"Finesse","floor":42,"key":"SMITH"},{"floor":49,"key":"REST"}],"neow_cost":"NONE","seed_source_timestamp":662068936627744,"circlet_count":0,"master_deck":["Zap+1","Dualcast+1","Fission","Ball Lightning","Go for the Eyes","Streamline+1","FTL","Beam Cell+1","BootSequence","Sweeping Beam","Defragment+1","Hologram+1","All For One","Reinforced Body","Glacier","Steam","Barrage","Ball Lightning","Self Repair","Conserve Battery","Darkness+1","Scrape+1","Conserve Battery+1","Steam","Turbo+1","Storm","Conserve Battery","Leap+1","Thunder Strike","Stack+1","Stack+1","Chrysalis+1","Panache","Finesse+1","White Noise+1","Redo+1","Melter"],"relics":["Cracked Core","Cables","Centennial Puzzle","Tiny Chest","Matryoshka","Pandora\u0027s Box","Bronze Scales","Bottled Lightning","Pen Nib","Lantern","Bottled Tornado","Enchiridion","ClockworkSouvenir","Ancient Tea Set","Philosopher\u0027s Stone","Vajra","Toxic Egg 2","Strawberry","Anchor"],"potions_floor_usage":[10,18,44,46,50,50,50],"damage_taken":[{"damage":0,"enemies":"2 Louse","floor":1,"turns":2},{"damage":0,"enemies":"Cultist","floor":2,"turns":3},{"damage":3,"enemies":"Jaw Worm","floor":5,"turns":3},{"damage":13,"enemies":"Lagavulin","floor":10,"turns":3},{"damage":0,"enemies":"3 Louse","floor":11,"turns":2},{"damage":0,"enemies":"Looter","floor":13,"turns":2},{"damage":0,"enemies":"Slime Boss","floor":16,"turns":6},{"damage":0,"enemies":"Spheric Guardian","floor":18,"turns":3},{"damage":3,"enemies":"2 Thieves","floor":19,"turns":3},{"damage":30,"enemies":"Gremlin Leader","floor":23,"turns":6},{"damage":0,"enemies":"Cultist and Chosen","floor":25,"turns":4},{"damage":5,"enemies":"Snake Plant","floor":28,"turns":3},{"damage":0,"enemies":"Snecko","floor":31,"turns":3},{"damage":23,"enemies":"Champ","floor":33,"turns":7},{"damage":3,"enemies":"Orb Walker","floor":35,"turns":3},{"damage":3,"enemies":"3 Darklings","floor":37,"turns":3},{"damage":0,"enemies":"Transient","floor":44,"turns":5},{"damage":0,"enemies":"4 Shapes","floor":45,"turns":3},{"damage":11,"enemies":"Jaw Worm Horde","floor":46,"turns":4},{"damage":22,"enemies":"Flame Bruiser 2 Orb","floor":48,"turns":4},{"damage":94,"enemies":"Awakened One","floor":50,"turns":10}],"seed_played":"1694753962003482004","potions_obtained":[{"floor":5,"key":"Swift Potion"},{"floor":16,"key":"Energy Potion"},{"floor":23,"key":"SteroidPotion"},{"floor":31,"key":"GamblersBrew"},{"floor":33,"key":"Block Potion"},{"floor":45,"key":"EssenceOfSteel"},{"floor":48,"key":"FocusPotion"}],"is_trial":false,"path_per_floor":["M","M","?","?","M","?","R","$","T","E","M","R","M","T","R","B",null,"M","M","?","T","?","E","R","M","T","R","M","?","$","M","R","B",null,"M","T","M","?","?","R","T","R","T","M","M","M","T","M","R"],"character_chosen":"DEFECT","items_purchased":["FTL","Beam Cell","BootSequence","Turbo","ClockworkSouvenir","Ancient Tea Set","Storm","Conserve Battery"],"campfire_rested":1,"item_purchase_floors":[8,8,8,30,30,30,30,30],"current_hp_per_floor":[75,75,63,68,65,54,54,54,54,41,41,41,41,41,41,41,80,80,77,77,77,77,54,54,61,61,61,56,40,40,47,47,31,80,77,77,80,80,70,70,70,70,77,84,84,80,80,58,84,0],"gold":339,"neow_bonus":"TRANSFORM_CARD","is_prod":false,"is_daily":false,"chose_seed":false,"campfire_upgraded":8,"win_rate":0,"timestamp":1534498264,"path_taken":["M","M","?","?","M","?","R","$","T","E","?","R","M","?","R","BOSS","M","M","?","?","?","E","R","M","T","R","?","?","?","M","R","BOSS","M","?","M","?","?","R","?","R","T","M","M","?","?","M","R","BOSS"],"build_version":"2018-08-16","purchased_purges":0,"victory":false,"max_hp_per_floor":[75,75,75,80,80,80,80,80,80,80,80,80,80,80,80,80,80,80,80,80,80,80,80,80,80,80,80,80,80,80,80,80,80,80,80,80,80,80,80,80,80,80,87,87,87,87,87,87,87,87],"card_choices":[{"not_picked":["Cold Snap","Gash"],"picked":"Ball Lightning","floor":1},{"not_picked":["Auto Shields","Reprogram"],"picked":"Go for the Eyes","floor":2},{"not_picked":["Gash","Steam"],"picked":"Streamline","floor":5},{"not_picked":["Coolheaded","Barrage"],"picked":"Sweeping Beam","floor":10},{"not_picked":["Turbo","Compile Driver"],"picked":"Defragment","floor":11},{"not_picked":["Go for the Eyes","Streamline"],"picked":"Hologram","floor":13},{"not_picked":["Core Surge","Buffer"],"picked":"All For One","floor":16},{"not_picked":["Rebound","Gash"],"picked":"Conserve Battery","floor":18},{"not_picked":["Stack","Beam Cell"],"picked":"Darkness+1","floor":19},{"not_picked":["Doom and Gloom","Reinforced Body+1"],"picked":"Scrape+1","floor":23},{"not_picked":["Hologram","Beam Cell"],"picked":"Conserve Battery+1","floor":25},{"not_picked":["Amplify","Coolheaded"],"picked":"Steam","floor":28},{"not_picked":["Chill","Heatsinks+1"],"picked":"Leap+1","floor":31},{"not_picked":["Fission","Multi-Cast"],"picked":"Thunder Strike","floor":33},{"not_picked":["Chaos","Cold Snap+1"],"picked":"Stack+1","floor":35},{"not_picked":["Beam Cell","Barrage"],"picked":"Stack+1","floor":37},{"not_picked":["Mind Blast","Apotheosis"],"picked":"Chrysalis","floor":39},{"not_picked":["Good Instincts","Blind"],"picked":"Panache","floor":39},{"not_picked":["Sadistic Nature","Magnetism"],"picked":"Finesse","floor":39},{"not_picked":["Fusion+1","Stack+1"],"picked":"White Noise+1","floor":44},{"not_picked":["Hologram+1","White Noise+1"],"picked":"Redo+1","floor":45},{"not_picked":["Sunder","Blizzard"],"picked":"Melter","floor":46},{"not_picked":["Ball Lightning","Fusion+1","Heatsinks+1"],"picked":"SKIP","floor":48}],"player_experience":634676,"relics_obtained":[{"floor":9,"key":"Centennial Puzzle"},{"floor":10,"key":"Tiny Chest"},{"floor":14,"key":"Matryoshka"},{"floor":21,"key":"Bronze Scales"},{"floor":21,"key":"Bottled Lightning"},{"floor":23,"key":"Pen Nib"},{"floor":26,"key":"Lantern"},{"floor":26,"key":"Bottled Tornado"},{"floor":29,"key":"Enchiridion"},{"floor":36,"key":"Vajra"},{"floor":41,"key":"Toxic Egg 2"},{"floor":43,"key":"Strawberry"},{"floor":47,"key":"Anchor"}],"event_choices":[{"event_name":"Scrap Ooze","player_choice":"success","floor":3,"damage_taken":12},{"event_name":"Big Fish","player_choice":"Donut","floor":4,"damage_taken":0},{"event_name":"World of Goop","player_choice":"Gather Gold","floor":6,"damage_taken":0},{"event_name":"Ghosts","player_choice":"Ignored","floor":20,"damage_taken":0},{"event_name":"Upgrade Shrine","player_choice":"Upgraded","floor":22,"damage_taken":0},{"event_name":"Cursed Tome","player_choice":"Obtained Book","floor":29,"damage_taken":0},{"event_name":"Falling","player_choice":"Removed Power","floor":38,"damage_taken":0},{"event_name":"SensoryStone","player_choice":"Memory 3","floor":39,"damage_taken":0}],"is_beta":true,"boss_relics":[{"not_picked":["Eternal Feather","Tiny House"],"picked":"Pandora\u0027s Box"},{"not_picked":["Coffee Dripper","Orrery"],"picked":"Philosopher\u0027s Stone"}],"items_purged_floors":[],"is_endless":false,"potions_floor_spawned":[5,16,23,31,33,45,48],"killed_by":"Awakened One","ascension_level":0}