{"gold_per_floor":[111,125,200,216,227,255,270,303,303,303,320,320,335,353,353,448,448,466,386,486,401,417,417,551,567,567,567],"floor_reached":27,"playtime":1339,"items_purged":[],"score":284,"play_id":"5a37d95f-2e33-44bc-95b0-7dd5452be7b4","local_time":"20190111152619","is_ascension_mode":true,"campfire_choices":[{"data":"Cloak And Dagger","floor":10.0,"key":"SMITH"},{"data":"Dash","floor":12.0,"key":"SMITH"},{"data":"Infinite Blades","floor":15.0,"key":"SMITH"},{"floor":23,"key":"RECALL"}],"neow_cost":"NONE","seed_source_timestamp":752512986295322,"circlet_count":0,"master_deck":["Defend_G","Defend_G","Defend_G","Defend_G","Defend_G","Strike_G","Strike_G","Strike_G","Strike_G","Strike_G","Survivor","Neutralize","Slice","Dash","Dodge and Roll","Cloak And Dagger+1","strawberrySpire:Insectonator","Leg Sweep","Infinite Blades+1","Burst","Blur","Endless Agony","Dodge and Roll"],"special_seed":0,"relics":["Ring of the Snake","infinitespire:Joker Card","Bronze Scales","Shuriken","WristBlade","Potion Belt","strawberrySpire:SilkGarment","Torii","The Courier","strawberrySpire:TinySteamboat","Pear"],"potions_floor_usage":[20,24],"damage_taken":[{"damage":0.0,"enemies":"Cultist","floor":1.0,"turns":4.0},{"damage":0.0,"enemies":"2 Louse","floor":2.0,"turns":3.0},{"damage":0.0,"enemies":"Jaw Worm","floor":4.0,"turns":3.0},{"damage":11.0,"enemies":"Exordium Thugs","floor":5.0,"turns":6.0},{"damage":34.0,"enemies":"Lagavulin","floor":6.0,"turns":11.0},{"damage":0.0,"enemies":"Looter","floor":7.0,"turns":4.0},{"damage":1.0,"enemies":"3 Sentries","floor":8.0,"turns":11.0},{"damage":0.0,"enemies":"Red Slaver","floor":11.0,"turns":3.0},{"damage":0.0,"enemies":"Exordium Thugs","floor":13.0,"turns":4.0},{"damage":0.0,"enemies":"3 Louse","floor":14.0,"turns":2.0},{"damage":15.0,"enemies":"Slime Boss","floor":16.0,"turns":5.0},{"damage":4,"enemies":"Shell Parasite","floor":18,"turns":6},{"damage":5,"enemies":"Colosseum Slavers","floor":20,"turns":4},{"damage":24,"enemies":"Colosseum Nobs","floor":20,"turns":4},{"damage":11,"enemies":"2 Thieves","floor":22,"turns":3},{"damage":8,"enemies":"strawberrySpire:AncientClocktower","floor":24,"turns":7},{"damage":1,"enemies":"Sentry and Sphere","floor":25,"turns":4},{"damage":43,"enemies":"Nightmare","floor":27,"turns":8}],"seed_played":"-5490869042521570185","potions_obtained":[{"floor":1.0,"key":"Explosive Potion"},{"floor":5.0,"key":"Fire Potion"},{"floor":11.0,"key":"GamblersBrew"},{"floor":13.0,"key":"AttackPotion"},{"floor":14.0,"key":"Weak Potion"},{"floor":18,"key":"SpeedPotion"},{"floor":22,"key":"infinitespire:BlackPotion"},{"floor":25,"key":"Swift Potion"}],"is_trial":false,"path_per_floor":["M","M","?","M","M","E","M","E","T","R","M","R","M","M","R","B",null,"M","?","?","?","M","R","E","M","T","NM"],"character_chosen":"THE_SILENT","items_purchased":[],"campfire_rested":0,"item_purchase_floors":[],"current_hp_per_floor":[77,77,66,66,55,21,21,20,20,20,20,20,20,20,20,5,77,73,77,48,48,37,37,39,38,38,0],"gold":567,"neow_bonus":"TEN_PERCENT_HP_BONUS","is_prod":false,"is_daily":false,"chose_seed":false,"campfire_upgraded":3,"win_rate":0,"timestamp":1547209579,"path_taken":["M","M","?","M","M","E","M","E","T","R","M","R","M","M","R","BOSS","BOSS","M","?","?","?","M","R","E","M","T","NM"],"build_version":"2019-01-10","purchased_purges":0,"victory":false,"max_hp_per_floor":[77,77,77,77,77,77,77,77,77,77,77,77,77,77,77,77,77,77,77,77,77,77,77,87,87,87,87],"card_choices":[{"not_picked":["Expertise","strawberrySpire:DeltaFlow"],"picked":"Slice","floor":1.0},{"not_picked":["Flying Knee","Leg Sweep"],"picked":"Dash","floor":2.0},{"not_picked":["strawberrySpire:Swampstar","Concentrate"],"picked":"Dodge and Roll","floor":4.0},{"not_picked":["Blur","Poisoned Stab"],"picked":"Cloak And Dagger","floor":5.0},{"not_picked":["Tactician","Poisoned Stab"],"picked":"strawberrySpire:Insectonator","floor":6.0},{"not_picked":["Bouncing Flask","strawberrySpire:Slide"],"picked":"Dash","floor":7.0},{"not_picked":["Tactician","Skewer","Slice"],"picked":"SKIP","floor":8.0},{"not_picked":["Blur","Slice"],"picked":"Leg Sweep","floor":11.0},{"not_picked":["Accuracy","Catalyst","Dodge and Roll"],"picked":"SKIP","floor":13.0},{"not_picked":["Deadly Poison","Setup"],"picked":"Infinite Blades","floor":14.0},{"not_picked":["Storm of Steel","strawberrySpire:Lockstep"],"picked":"Burst","floor":16},{"not_picked":["Deadly Poison+1","Caltrops"],"picked":"Blur","floor":18},{"not_picked":["strawberrySpire:Pant","strawberrySpire:Trickbox+1"],"picked":"Endless Agony","floor":22},{"not_picked":["strawberrySpire:Pant","Outmaneuver"],"picked":"Dodge and Roll","floor":24},{"not_picked":["PiercingWail","strawberrySpire:SideSwipe","Dodge and Roll"],"picked":"SKIP","floor":25}],"player_experience":1062246,"relics_obtained":[{"floor":6.0,"key":"infinitespire:Joker Card"},{"floor":8.0,"key":"Bronze Scales"},{"floor":9.0,"key":"Shuriken"},{"floor":20,"key":"Torii"},{"floor":20,"key":"The Courier"},{"floor":24,"key":"Pear"}],"event_choices":[{"damage_healed":0.0,"max_hp_gain":0.0,"max_hp_loss":0.0,"gold_gain":75.0,"event_name":"World of Goop","player_choice":"Gather Gold","floor":3.0,"gold_loss":0.0,"damage_taken":11.0},{"damage_healed":0,"gold_gain":0,"player_choice":"Fight","damage_taken":0,"max_hp_gain":0,"max_hp_loss":0,"event_name":"Colosseum","floor":20,"gold_loss":0},{"damage_healed":0,"gold_gain":0,"player_choice":"Fought Nobs","damage_taken":0,"max_hp_gain":0,"max_hp_loss":0,"event_name":"Colosseum","floor":20,"gold_loss":0},{"damage_healed":0,"gold_gain":0,"player_choice":"Obtained Relic","damage_taken":0,"relics_obtained":["strawberrySpire:TinySteamboat"],"max_hp_gain":0,"max_hp_loss":0,"event_name":"Addict","floor":21,"gold_loss":85}],"is_beta":true,"boss_relics":[{"not_picked":["Runic Pyramid","Velvet Choker"],"picked":"WristBlade"}],"items_purged_floors":[],"is_endless":false,"potions_floor_spawned":[1,5,11,13,14,18,22,25],"killed_by":"Nightmare","ascension_level":1}