{"gold_per_floor":[128,152,183,209,29,29,55,55,55,65,82,82,107,137,137,242,242,259,259,259,259,259,276,276,294,294,310,328,346,346,271,271,376,376,390,390,406,416,416,416,429,429,429,429,445,445,445,457,457,457],"floor_reached":50,"playtime":3063,"items_purged":[],"score":558,"play_id":"971e0560-6e7b-4eb6-b8cc-d69e41140938","local_time":"20180724064409","is_ascension_mode":false,"campfire_choices":[{"data":"Hologram","floor":6,"key":"SMITH"},{"data":"Zap","floor":12,"key":"SMITH"},{"data":"1","floor":15,"key":"LIFT"},{"data":"2","floor":24,"key":"LIFT"},{"data":"Seek","floor":32,"key":"SMITH"},{"floor":40,"key":"REST"},{"data":"Apotheosis","floor":42,"key":"SMITH"},{"data":"White Noise","floor":44,"key":"SMITH"},{"data":"Amplify","floor":46,"key":"SMITH"},{"data":"Madness","floor":49,"key":"SMITH"}],"neow_cost":"NONE","seed_source_timestamp":846089513595573,"circlet_count":0,"master_deck":["Defend_B","Defend_B","Defend_B","Defend_B","Zap+1","Dualcast","Self Repair","Hologram+1","Beam Cell","Go for the Eyes","Rebound","Rebound","Leap","Steam","Chill","Meteor Strike","Electrodynamics","Cold Snap+1","Steam+1","Turbo+1","Consume","Seek+1","Turbo","White Noise+1","Steam","Redo+1","Redo","Buffer+1","Capacitor+1","Storm+1","Bandage Up","Mayhem+1","Apotheosis+1","Streamline+1","Chill","Steam+1","Static Discharge+1","Turbo+1","Steam+1","Amplify+1","Turbo","Madness+1","Madness","White Noise","White Noise"],"relics":["Cracked Core","MawBank","DataDisk","Turnip","Ice Cream","Odd Mushroom","Girya","Inserter","Prayer Wheel","Frozen Egg 2","Boot","Black Star","Molten Egg 2","Pantograph"],"potions_floor_usage":[11,11,14,30,33,33,48,50,50],"damage_taken":[{"damage":1,"enemies":"Cultist","floor":1,"turns":3},{"damage":2,"enemies":"Small Slimes","floor":2,"turns":4},{"damage":0,"enemies":"2 Louse","floor":3,"turns":1},{"damage":1,"enemies":"2 Fungi Beasts","floor":4,"turns":3},{"damage":23,"enemies":"3 Sentries","floor":7,"turns":7},{"damage":0,"enemies":"Large Slime","floor":10,"turns":4},{"damage":29,"enemies":"Gremlin Gang","floor":11,"turns":4},{"damage":10,"floor":13,"turns":4},{"damage":6,"enemies":"Lagavulin","floor":14,"turns":8},{"damage":13,"enemies":"Slime Boss","floor":16,"turns":9},{"damage":15,"enemies":"Spheric Guardian","floor":18,"turns":4},{"damage":0,"enemies":"Chosen","floor":23,"turns":4},{"damage":0,"enemies":"3 Cultists","floor":25,"turns":3},{"damage":1,"enemies":"Snecko","floor":27,"turns":5},{"damage":27,"enemies":"Snake Plant","floor":28,"turns":3},{"damage":0,"enemies":"Centurion and Healer","floor":29,"turns":10},{"damage":0,"enemies":"Snecko","floor":30,"turns":2},{"damage":50,"enemies":"Champ","floor":33,"turns":17},{"damage":0,"enemies":"3 Shapes","floor":35,"turns":3},{"damage":28,"enemies":"3 Darklings","floor":37,"turns":5},{"damage":27,"enemies":"Maw","floor":38,"turns":9},{"damage":11,"enemies":"Sphere and 2 Shapes","floor":41,"turns":4},{"damage":19,"enemies":"4 Shapes","floor":45,"turns":4},{"damage":4,"enemies":"Transient","floor":48,"turns":5},{"damage":86,"enemies":"Time Eater","floor":50,"turns":9}],"seed_played":"-1509401607861901225","potions_obtained":[{"floor":4,"key":"Poison Potion"},{"floor":7,"key":"Regen Potion"},{"floor":11,"key":"LiquidBronze"},{"floor":23,"key":"PowerPotion"},{"floor":27,"key":"SmokeBomb"},{"floor":29,"key":"Poison Potion"},{"floor":33,"key":"AttackPotion"},{"floor":35,"key":"Ancient Potion"},{"floor":37,"key":"Weak Potion"}],"is_trial":false,"path_per_floor":["M","M","M","M","$","R","E","?","T","M","M","R","?","E","R","B",null,"M","?","T","?","T","M","R","M","T","M","M","M","M","?","R","B",null,"M","?","M","M","T","R","M","R","T","R","M","R","?","M","R"],"character_chosen":"DEFECT","items_purchased":["DataDisk","Rebound"],"campfire_rested":1,"item_purchase_floors":[5,5],"current_hp_per_floor":[74,75,75,74,74,74,58,51,51,58,48,48,45,46,46,40,75,67,67,67,67,67,67,67,74,74,75,48,62,62,62,62,19,75,75,65,50,34,34,56,51,51,51,51,48,48,39,51,51,0],"gold":457,"neow_bonus":"RANDOM_COMMON_RELIC","is_prod":false,"is_daily":false,"chose_seed":false,"campfire_upgraded":7,"win_rate":0,"timestamp":1532403849,"path_taken":["M","M","M","M","?","R","E","?","T","?","M","R","?","E","R","BOSS","M","?","?","?","?","M","R","M","T","M","M","M","?","?","R","BOSS","M","?","?","M","?","R","M","R","T","R","M","R","?","?","R","BOSS"],"build_version":"2018-07-19","purchased_purges":0,"victory":false,"max_hp_per_floor":[75,75,75,75,75,75,75,75,75,75,75,75,75,75,75,75,75,75,75,75,75,75,75,75,75,75,75,75,75,75,75,75,75,75,75,75,75,75,75,75,75,75,75,75,75,75,75,75,75,75],"card_choices":[{"not_picked":["Cold Snap","Compile Driver"],"picked":"Self Repair","floor":1},{"not_picked":["Barrage","Stack"],"picked":"Hologram","floor":2},{"not_picked":["Stack","Compile Driver"],"picked":"Beam Cell","floor":3},{"not_picked":["Stack","Leap"],"picked":"Go for the Eyes","floor":4},{"not_picked":["Steam Power","Melter"],"picked":"Rebound","floor":7},{"not_picked":["Rainbow","Compile Driver"],"picked":"Leap","floor":10},{"not_picked":["Cold Snap","Go for the Eyes"],"picked":"Steam","floor":11},{"not_picked":["Coolheaded","Leap"],"picked":"Chill","floor":13},{"not_picked":["Steam","Beam Cell"],"picked":"Meteor Strike","floor":14},{"not_picked":["Core Surge","Meteor Strike"],"picked":"Electrodynamics","floor":16},{"not_picked":["Coolheaded","Barrage"],"picked":"Cold Snap+1","floor":18},{"not_picked":["Hologram","Go for the Eyes"],"picked":"Steam+1","floor":23},{"not_picked":["Redo","Lockon+1"],"picked":"Turbo+1","floor":23},{"not_picked":["Static Discharge+1","Recycle"],"picked":"Consume","floor":25},{"not_picked":["Rip and Tear","Steam+1"],"picked":"Seek","floor":25},{"not_picked":["Beam Cell","Rebound"],"picked":"Turbo","floor":27},{"not_picked":["Sweeping Beam","BootSequence"],"picked":"White Noise","floor":27},{"not_picked":["Rebound","Consume"],"picked":"Steam","floor":28},{"not_picked":["Fission","Ball Lightning","Rebound+1"],"picked":"SKIP","floor":28},{"not_picked":["Hologram","Gash"],"picked":"Redo+1","floor":29},{"not_picked":["Leap","Skim"],"picked":"Redo","floor":29},{"not_picked":["Electrodynamics+1","Hyperbeam"],"picked":"Buffer+1","floor":33},{"not_picked":["Steam+1","Sweeping Beam"],"picked":"Capacitor+1","floor":35},{"not_picked":["Stack+1","Barrage"],"picked":"Storm+1","floor":35},{"not_picked":["Dark Shackles","Deep Breath"],"picked":"Bandage Up","floor":36},{"not_picked":["Trip","Blind"],"picked":"Mayhem+1","floor":36},{"not_picked":["Secret Technique","Trip"],"picked":"Apotheosis","floor":36},{"not_picked":["Leap+1","Sweeping Beam"],"picked":"Streamline+1","floor":37},{"not_picked":["Rebound","Sweeping Beam+1"],"picked":"Chill","floor":37},{"not_picked":["Ball Lightning+1","Leap+1"],"picked":"Steam+1","floor":38},{"not_picked":["Leap","Hologram"],"picked":"Static Discharge+1","floor":38},{"not_picked":["Rip and Tear+1","Gash+1"],"picked":"Turbo+1","floor":41},{"not_picked":["Rip and Tear+1","Coolheaded+1"],"picked":"Steam+1","floor":41},{"not_picked":["Consume+1","Coolheaded+1"],"picked":"Amplify","floor":45},{"not_picked":["Streamline+1","Rebound+1"],"picked":"Turbo","floor":45},{"not_picked":["Hologram+1","Go for the Eyes+1"],"picked":"White Noise","floor":48},{"not_picked":["Reprogram+1","Static Discharge+1"],"picked":"White Noise","floor":48}],"player_experience":560082,"relics_obtained":[{"floor":7,"key":"Turnip"},{"floor":9,"key":"Ice Cream"},{"floor":13,"key":"Odd Mushroom"},{"floor":14,"key":"Girya"},{"floor":20,"key":"Prayer Wheel"},{"floor":22,"key":"Frozen Egg 2"},{"floor":26,"key":"Boot"},{"floor":39,"key":"Molten Egg 2"},{"floor":43,"key":"Pantograph"}],"event_choices":[{"event_name":"Golden Wing","player_choice":"Card Removal","floor":8,"damage_taken":0},{"event_name":"Mushrooms","player_choice":"Fought Mushrooms","floor":13,"damage_taken":0},{"event_name":"Bonfire Elementals","player_choice":"BASIC","floor":19,"damage_taken":0},{"event_name":"Purifier","player_choice":"One Purge","floor":21,"damage_taken":0},{"event_name":"Beggar","player_choice":"Gave Gold","floor":31,"damage_taken":0},{"event_name":"SensoryStone","player_choice":"Memory 3","floor":36,"damage_taken":0},{"event_name":"Winding Halls","player_choice":"Embrace Madness","floor":47,"damage_taken":0}],"is_beta":true,"boss_relics":[{"not_picked":["Astrolabe","Lizard Tail"],"picked":"Inserter"},{"not_picked":["White Beast Statue","Velvet Choker"],"picked":"Black Star"}],"items_purged_floors":[],"is_endless":false,"potions_floor_spawned":[4,7,11,23,27,29,33,35,37,38],"killed_by":"Time Eater","ascension_level":0}