{"path_per_floor":["M","?","$","?","M","R","M","M","T","M","E","M","R","?","R","B",null,"M","M","?","?","?","R","E","M","T"],"character_chosen":"THE_SILENT","items_purchased":["Oddly Smooth Stone"],"gold_per_floor":[369,369,151,151,170,170,188,202,226,245,278,288,288,288,288,409,409,422,441,386,386,386,386,417,437,437,437],"floor_reached":27,"campfire_rested":1,"playtime":1630,"current_hp_per_floor":[67,64,64,57,56,56,56,56,56,46,36,36,36,19,55,10,70,70,69,69,69,69,69,67,66,66,0],"items_purged":["Regret"],"gold":437,"score":233,"play_id":"753c17dc-aabc-4927-9274-b0b6c5f6c907","local_time":"20180323235239","is_prod":false,"is_daily":false,"is_ascension_mode":false,"campfire_upgraded":3,"timestamp":1521838359,"path_taken":["M","?","$","?","M","R","M","M","T","M","E","M","R","?","R","BOSS","M","?","?","?","?","R","E","M","T","E"],"build_version":"2018-03-22","purchased_purges":1,"victory":false,"master_deck":["Defend_G+1","Defend_G+1","Defend_G+1","Defend_G+1","Defend_G+1","Strike_G+1","Strike_G+1","Strike_G+1","Strike_G+1","Strike_G+1","Survivor","Neutralize","Dodge and Roll+1","Flying Knee","Malaise","Footwork+1","PiercingWail","Terror","Leg Sweep","Footwork+1","Burst","Blade Dance","Heel Hook+1","Prepared+1"],"max_hp_per_floor":[70,70,70,70,70,70,70,70,70,70,70,70,70,70,70,70,70,70,70,70,70,70,70,70,70,70,70],"relics":["Ring of the Snake","Regal Pillow","Oddly Smooth Stone","Dream Catcher","Bottled Flame","Golden Idol","Sozu","Tiny Chest","Frozen Egg 2","Meat on the Bone"],"card_choices":[{"not_picked":["Catalyst","Underhanded Strike"],"picked":"Dodge and Roll","floor":1},{"not_picked":["Underhanded Strike","Slice"],"picked":"Flying Knee","floor":5},{"not_picked":["Choke","Skewer"],"picked":"Malaise","floor":7},{"not_picked":["Dodge and Roll","Prepared"],"picked":"Footwork","floor":8},{"not_picked":["Unload","Flechettes"],"picked":"PiercingWail","floor":10},{"not_picked":["Cloak And Dagger","Sucker Punch"],"picked":"Terror","floor":11},{"not_picked":["Riddle With Holes","Acrobatics"],"picked":"Leg Sweep","floor":12},{"not_picked":["Dodge and Roll","Dagger Spray"],"picked":"Footwork","floor":15},{"not_picked":["Unload","Storm of Steel"],"picked":"Burst","floor":16},{"not_picked":["Deflect","Masterful Stab"],"picked":"Blade Dance","floor":18},{"not_picked":["Deadly Poison","Terror"],"picked":"Heel Hook","floor":24},{"not_picked":["Bane","Slice"],"picked":"Prepared","floor":25}],"player_experience":295101,"potions_floor_usage":[10,16,16],"damage_taken":[{"damage":3,"enemies":"2 Louse","floor":1,"turns":3},{"damage":1,"enemies":"Jaw Worm","floor":5,"turns":5},{"damage":0,"enemies":"Small Slimes","floor":7,"turns":5},{"damage":0,"enemies":"Red Slaver","floor":8,"turns":7},{"damage":10,"enemies":"3 Louse","floor":10,"turns":3},{"damage":10,"enemies":"3 Sentries","floor":11,"turns":15},{"damage":0,"enemies":"Looter","floor":12,"turns":4},{"damage":45,"enemies":"Hexaghost","floor":16,"turns":21},{"damage":0,"enemies":"Chosen","floor":18,"turns":13},{"damage":1,"enemies":"Spheric Guardian","floor":19,"turns":7},{"damage":2,"enemies":"Book of Stabbing","floor":24,"turns":10},{"damage":1,"enemies":"3 Cultists","floor":25,"turns":10},{"damage":66,"enemies":"Gremlin Leader","floor":27,"turns":15}],"event_choices":[{"event_name":"Scrap Ooze","player_choice":"success","floor":2,"damage_taken":3},{"event_name":"Wheel of Change","player_choice":"Damage","floor":4,"damage_taken":0},{"event_name":"Golden Idol","player_choice":"Take Damage","floor":14,"damage_taken":0},{"event_name":"Addict","player_choice":"Obtained Relic","floor":20,"damage_taken":0},{"event_name":"The Lab","player_choice":"Got Potions","floor":21,"damage_taken":0},{"event_name":"Back to Basics","player_choice":"Simplicity","floor":22,"damage_taken":0}],"boss_relics":[{"not_picked":["White Beast Statue","Ectoplasm"],"picked":"Sozu"}],"potions_floor_spawned":[1,5,10,19],"seed_played":"9133283457378972758","killed_by":"Gremlin Leader","ascension_level":0,"is_trial":false}