{"gold_per_floor":[114,64,64,79,97,97,97,125,125,125,160,160,175,175,175,276,276,291,214,245,245,255,283,283,8,57,57,88,104,119,119,119,224,224,240,240,240,251,266,266,279,501,501,501,513,513,30,30,30,30],"floor_reached":50,"playtime":7933,"items_purged":[],"score":586,"play_id":"59b734bc-ebf7-42b7-9c7c-254ee3126d47","local_time":"20180806220115","is_ascension_mode":false,"campfire_choices":[{"data":"Zap","floor":6,"key":"SMITH"},{"data":"Dualcast","floor":10,"key":"SMITH"},{"data":"Turbo","floor":12,"key":"SMITH"},{"data":"Beam Cell","floor":15,"key":"SMITH"},{"floor":24,"key":"REST"},{"floor":27,"key":"REST"},{"floor":32,"key":"REST"},{"floor":40,"key":"REST"},{"data":"Redo","floor":46,"key":"SMITH"},{"floor":49,"key":"REST"}],"neow_cost":"NONE","seed_source_timestamp":1105300417689919,"circlet_count":0,"master_deck":["Strike_B+1","Defend_B","Defend_B","Zap+1","Dualcast+1","Melter","Compile Driver+1","Beam Cell+1","Turbo+1","Sweeping Beam","Gash","Turbo","Meteor Strike","Chill+1","Fission+1","Hologram+1","Redo+1","J.A.X.","Rip and Tear","Loop+1","Conserve Battery+1","Ball Lightning","Double Energy","Seek+1","Meteor Strike","Doom and Gloom+1","Beam Cell+1","All For One","Steam Power","Go for the Eyes+1","Rebound","Steam Power","Tempest","FTL+1","Writhe","Steam+1","Violence+1","Force Field","Bandage Up","Leap+1"],"relics":["Cracked Core","Shuriken","Letter Opener","Potion Belt","Anchor","Red Mask","Nloth\u0027s Gift","Bag of Preparation","Juzu Bracelet","Centennial Puzzle","Dream Catcher","Nuclear Battery","Bird Faced Urn","Ornamental Fan","War Paint"],"potions_floor_usage":[8,8,11,16,23,33,50,50,50,50],"damage_taken":[{"damage":0,"enemies":"2 Louse","floor":1,"turns":1},{"damage":0,"enemies":"Small Slimes","floor":4,"turns":2},{"damage":0,"enemies":"Cultist","floor":5,"turns":3},{"damage":27,"enemies":"3 Sentries","floor":8,"turns":6},{"damage":8,"enemies":"Lagavulin","floor":11,"turns":4},{"damage":0,"enemies":"2 Fungi Beasts","floor":13,"turns":2},{"damage":28,"enemies":"Slime Boss","floor":16,"turns":8},{"damage":0,"enemies":"Spheric Guardian","floor":18,"turns":2},{"damage":23,"floor":20,"turns":4},{"damage":13,"enemies":"3 Byrds","floor":22,"turns":4},{"damage":34,"enemies":"Gremlin Leader","floor":23,"turns":6},{"damage":3,"enemies":"Slavers","floor":28,"turns":3},{"damage":17,"enemies":"Centurion and Healer","floor":29,"turns":5},{"damage":16,"enemies":"3 Cultists","floor":30,"turns":5},{"damage":59,"enemies":"Automaton","floor":33,"turns":8},{"damage":7,"enemies":"Flame Bruiser 1 Orb","floor":35,"turns":3},{"damage":20,"floor":36,"turns":5},{"damage":8,"enemies":"3 Shapes","floor":38,"turns":3},{"damage":23,"enemies":"Maw","floor":39,"turns":4},{"damage":3,"enemies":"Sphere and 2 Shapes","floor":41,"turns":1},{"damage":4,"enemies":"Transient","floor":45,"turns":5},{"damage":80,"enemies":"Awakened One","floor":50,"turns":7}],"seed_played":"8536573425710337731","potions_obtained":[{"floor":5,"key":"Regen Potion"},{"floor":7,"key":"Fruit Juice"},{"floor":7,"key":"Dexterity Potion"},{"floor":8,"key":"GamblersBrew"},{"floor":22,"key":"Swift Potion"},{"floor":30,"key":"Explosive Potion"},{"floor":33,"key":"SteroidPotion"},{"floor":38,"key":"FocusPotion"},{"floor":41,"key":"Block Potion"},{"floor":45,"key":"Ancient Potion"}],"is_trial":false,"path_per_floor":["M","?","?","M","M","R","?","E","T","R","E","R","M","T","R","B",null,"M","?","?","?","M","E","R","$","T","R","E","M","M","?","R","B",null,"M","?","?","M","M","R","M","?","T","?","M","R","$","?","R"],"character_chosen":"DEFECT","items_purchased":["Juzu Bracelet","Ball Lightning","Double Energy","Violence","Force Field","War Paint","Bandage Up"],"campfire_rested":5,"item_purchase_floors":[25,25,25,47,47,47,47],"current_hp_per_floor":[75,75,60,60,60,60,60,53,53,53,45,45,45,45,45,17,80,80,80,57,57,44,10,34,34,34,58,55,38,22,48,72,13,80,73,53,53,45,24,48,45,45,45,65,63,63,63,63,80,0],"gold":30,"neow_bonus":"THREE_CARDS","is_prod":false,"is_daily":false,"chose_seed":false,"campfire_upgraded":5,"win_rate":0,"timestamp":1533582075,"path_taken":["M","?","?","M","M","R","?","E","T","R","E","R","?","?","R","BOSS","M","?","?","?","M","E","R","$","T","R","E","M","M","?","R","BOSS","M","?","?","M","M","R","M","?","T","?","M","R","?","?","R","BOSS"],"build_version":"2018-08-01","purchased_purges":0,"victory":false,"max_hp_per_floor":[75,75,75,75,75,75,75,80,80,80,80,80,80,80,80,80,80,80,80,80,80,80,80,80,80,80,80,80,80,80,80,80,80,80,80,80,80,80,80,80,80,80,80,80,80,80,80,80,80,80],"card_choices":[{"not_picked":["Barrage","Scrape"],"picked":"Melter","floor":0},{"not_picked":["Capacitor","Leap"],"picked":"Compile Driver","floor":1},{"not_picked":["Sweeping Beam","Turbo"],"picked":"Beam Cell","floor":4},{"not_picked":["Sweeping Beam","Barrage"],"picked":"Turbo","floor":5},{"not_picked":["Rip and Tear","Amplify"],"picked":"Sweeping Beam","floor":8},{"not_picked":["Conserve Battery","Sweeping Beam"],"picked":"Gash","floor":11},{"not_picked":["Stack","Heatsinks"],"picked":"Turbo","floor":13},{"not_picked":["Fission","Core Surge"],"picked":"Meteor Strike","floor":16},{"not_picked":["Skim","Turbo"],"picked":"Redo","floor":18},{"not_picked":["Sweeping Beam","Melter+1"],"picked":"Rip and Tear","floor":20},{"not_picked":["Conserve Battery","Double Energy"],"picked":"Loop+1","floor":22},{"not_picked":["Multi-Cast","Loop"],"picked":"Conserve Battery+1","floor":23},{"not_picked":["Stack+1","BootSequence"],"picked":"Seek","floor":28},{"not_picked":["Rip and Tear","Turbo"],"picked":"Meteor Strike","floor":29},{"not_picked":["FTL","Stack"],"picked":"Doom and Gloom+1","floor":30},{"not_picked":["Sweeping Beam","Go for the Eyes"],"picked":"Beam Cell+1","floor":32},{"not_picked":["Thunder Strike","Creative AI"],"picked":"All For One","floor":33},{"not_picked":["Heatsinks","Blizzard+1"],"picked":"Steam Power","floor":35},{"not_picked":["Genetic Algorithm+1","Steam+1"],"picked":"Go for the Eyes+1","floor":36},{"not_picked":["Hello World+1","Stack"],"picked":"Rebound","floor":38},{"not_picked":["Multi-Cast","Compile Driver"],"picked":"Steam Power","floor":39},{"not_picked":["Stack+1","Double Energy+1"],"picked":"Tempest","floor":40},{"not_picked":["Barrage","Compile Driver+1"],"picked":"FTL+1","floor":41},{"not_picked":["Barrage","Biased Cognition"],"picked":"Steam+1","floor":45},{"not_picked":["Loop","Storm"],"picked":"Leap+1","floor":49}],"player_experience":592982,"relics_obtained":[{"floor":8,"key":"Shuriken"},{"floor":9,"key":"Letter Opener"},{"floor":11,"key":"Potion Belt"},{"floor":14,"key":"Anchor"},{"floor":20,"key":"Red Mask"},{"floor":23,"key":"Bag of Preparation"},{"floor":26,"key":"Centennial Puzzle"},{"floor":28,"key":"Dream Catcher"},{"floor":36,"key":"Bird Faced Urn"},{"floor":43,"key":"Ornamental Fan"}],"event_choices":[{"event_name":"The Cleric","player_choice":"Card Removal","floor":2,"damage_taken":0},{"event_name":"Shining Light","player_choice":"Entered Light","floor":3,"damage_taken":0},{"event_name":"The Lab","player_choice":"Got Potions","floor":7,"damage_taken":0},{"event_name":"Drug Dealer","player_choice":"Got JAXXED","floor":19,"damage_taken":0},{"event_name":"Masked Bandits","player_choice":"Fought over 214 gold","floor":20,"damage_taken":0},{"event_name":"N\u0027loth","player_choice":"Traded a Astrolabe","floor":21,"damage_taken":0},{"event_name":"The Library","player_choice":"Heal","floor":31,"damage_taken":0},{"event_name":"MindBloom","player_choice":"Fight","floor":36,"damage_taken":0},{"event_name":"Falling","player_choice":"Removed Skill","floor":37,"damage_taken":0},{"event_name":"Tomb of Lord Red Mask","player_choice":"Wore Mask","floor":42,"damage_taken":0},{"event_name":"Winding Halls","player_choice":"Writhe","floor":44,"damage_taken":0},{"event_name":"Mysterious Sphere","player_choice":"Ignore","floor":48,"damage_taken":0}],"is_beta":true,"boss_relics":[{"not_picked":["Tiny House","Empty Cage"],"picked":"Astrolabe"},{"not_picked":["Cursed Key","Snecko Eye"],"picked":"Nuclear Battery"}],"items_purged_floors":[],"is_endless":false,"potions_floor_spawned":[5,8,22,30,33,38,41,45],"killed_by":"Awakened One","ascension_level":0}