{"gold_per_floor":[109,123,198,28,28,28,45,45,68,94,110,110,21,50,50,50],"floor_reached":16,"playtime":426,"items_purged":["Strike_R"],"score":216,"play_id":"9b683598-0884-4abf-9dad-c17dd215859d","local_time":"20190720130244","is_ascension_mode":true,"campfire_choices":[{"data":"Bash","floor":6.0,"key":"SMITH"},{"data":"True Grit","floor":8.0,"key":"SMITH"},{"data":"Armaments","floor":15,"key":"SMITH"}],"neow_cost":"NONE","seed_source_timestamp":900292439586214,"circlet_count":0,"master_deck":["AscendersBane","Strike_R","Strike_R","Strike_R","Defend_R","Defend_R","Defend_R","Defend_R","Bash+1","Twin Strike","Hemokinesis","Inflame","True Grit+1","Rupture+1","Juggernaut+1","Parasite","Armaments+1"],"special_seed":0,"relics":["Burning Blood","Red Skull","Frozen Egg 2","Darkstone Periapt","Anchor"],"potions_floor_usage":[],"damage_taken":[{"damage":4.0,"enemies":"Jaw Worm","floor":1.0,"turns":5.0},{"damage":9.0,"enemies":"Small Slimes","floor":2.0,"turns":4.0},{"damage":3.0,"enemies":"2 Louse","floor":7.0,"turns":3.0},{"damage":27.0,"enemies":"Gremlin Nob","floor":10.0,"turns":4.0},{"damage":11.0,"enemies":"Gremlin Gang","floor":11.0,"turns":5.0},{"damage":23,"enemies":"Lagavulin","floor":14,"turns":8},{"damage":46,"enemies":"Slime Boss","floor":16,"turns":5}],"seed_played":"-6200158741731011800","potions_obtained":[{"floor":1.0,"key":"SkillPotion"},{"floor":2.0,"key":"SkillPotion"}],"is_trial":false,"path_per_floor":["M","M","?","$","?","R","M","R","T","E","M","?","?","E","R","B"],"character_chosen":"IRONCLAD","items_purchased":["Inflame","True Grit"],"campfire_rested":0,"item_purchase_floors":[4,4],"current_hp_per_floor":[70,67,56,56,61,61,64,64,64,43,38,58,58,41,41,0],"gold":50,"neow_bonus":"REMOVE_CARD","is_prod":false,"is_daily":false,"chose_seed":false,"campfire_upgraded":3,"win_rate":0,"timestamp":1563652964,"path_taken":["M","M","?","$","?","R","M","R","T","E","?","?","?","E","R","BOSS"],"build_version":"2019-07-17","purchased_purges":1,"victory":false,"max_hp_per_floor":[75,75,75,75,80,80,80,80,80,80,80,80,80,80,80,80],"card_choices":[{"not_picked":["Whirlwind","Sever Soul"],"picked":"Twin Strike","floor":1.0},{"not_picked":["Ghostly Armor","Cleave"],"picked":"Hemokinesis","floor":2.0},{"not_picked":["Entrench","Hemokinesis","Rage"],"picked":"SKIP","floor":7.0},{"not_picked":["Pommel Strike","Perfected Strike"],"picked":"Rupture","floor":10.0},{"not_picked":["Rampage","Warcry"],"picked":"Juggernaut+1","floor":11.0},{"not_picked":["Warcry","Carnage"],"picked":"Armaments","floor":14}],"player_experience":851390,"relics_obtained":[{"floor":9.0,"key":"Red Skull"},{"floor":10.0,"key":"Frozen Egg 2"},{"floor":14,"key":"Anchor"}],"event_choices":[{"damage_healed":0.0,"max_hp_gain":0.0,"max_hp_loss":0.0,"gold_gain":75.0,"event_name":"World of Goop","player_choice":"Gather Gold","floor":3.0,"gold_loss":0.0,"damage_taken":11.0},{"damage_healed":0.0,"max_hp_gain":5.0,"max_hp_loss":0.0,"gold_gain":0.0,"event_name":"Big Fish","player_choice":"Donut","floor":5.0,"gold_loss":0.0,"damage_taken":0.0},{"damage_healed":20,"gold_gain":0,"player_choice":"Healed and dodged fight","damage_taken":0,"max_hp_gain":0,"max_hp_loss":0,"event_name":"Mushrooms","floor":12,"gold_loss":0,"cards_obtained":["Parasite"]},{"damage_healed":0,"gold_gain":0,"player_choice":"Paid Gold","damage_taken":0,"relics_obtained":["Darkstone Periapt"],"max_hp_gain":0,"max_hp_loss":0,"event_name":"WeMeetAgain","floor":13,"gold_loss":89}],"is_beta":false,"boss_relics":[],"items_purged_floors":[4],"is_endless":false,"potions_floor_spawned":[1,2],"killed_by":"Slime Boss","ascension_level":20}