{"path_per_floor":["M","M","M","M","M","E","?","M","T","$","M","?","?","E","R","B",null,"M","?","M","?","M","R","E","R","T","?","M","M","E","M","R","B",null,"M","$","M","?","?","R","M","R","T","M","$","M","M","?","R"],"character_chosen":"IRONCLAD","items_purchased":["Corruption","Sentinel","Mummified Hand","Toolbox","Rampage"],"gold_per_floor":[115,131,151,162,180,214,214,230,230,41,54,54,54,85,85,189,189,204,204,222,137,149,149,183,183,183,283,293,311,342,353,353,452,452,468,3,19,19,19,19,30,30,98,110,30,46,64,0,0,0],"floor_reached":50,"campfire_rested":3,"playtime":2217,"current_hp_per_floor":[80,80,80,80,73,69,53,55,69,69,75,72,72,54,54,42,94,53,53,49,49,47,47,12,55,55,55,58,45,36,15,58,22,94,94,94,91,79,69,69,55,55,55,29,29,26,34,34,77,0],"items_purged":["Strike_R","Strike_R"],"gold":0,"score":548,"play_id":"215a3d74-721a-4545-b256-0a96e20965a4","local_time":"20180403002756","is_prod":false,"is_daily":false,"is_ascension_mode":false,"campfire_upgraded":4,"timestamp":1522704476,"path_taken":["M","?","M","?","M","E","?","?","T","?","?","?","?","E","R","BOSS","M","?","M","?","M","R","E","R","T","?","?","M","E","M","R","BOSS","M","$","M","?","?","R","M","R","T","M","?","?","M","?","R","BOSS"],"build_version":"2018-03-29","purchased_purges":2,"victory":false,"master_deck":["Strike_R+1","Strike_R","Strike_R+1","Defend_R","Defend_R","Bash+1","Clothesline","Rage","Whirlwind+1","Headbutt","Shrug It Off","Flex+1","Corruption+1","Sentinel+1","Hemokinesis","Barricade+1","Flame Barrier+1","Dark Embrace","Sword Boomerang","Spot Weakness","Flex+1","Shrug It Off+1","Infernal Blade+1","Flex+1","Shrug It Off+1","Carnage+1","Disarm","Double Tap","Pommel Strike+1","Rampage","Clash+1","Madness","Madness","Secret Technique","Madness","Mind Blast","Heavy Blade+1","True Grit+1"],"max_hp_per_floor":[80,80,80,80,80,80,80,80,94,94,94,94,94,94,94,94,94,94,94,94,94,94,94,94,94,94,94,94,94,94,94,94,94,94,94,94,94,94,94,94,94,94,94,94,94,94,94,94,94,94],"relics":["Burning Blood","Whetstone","Happy Flower","Mango","Gambling Chip","Blood Vial","Sozu","Regal Pillow","War Paint","Sundial","The Courier","Mark of Pain","Mummified Hand","Toolbox","Frozen Egg 2","Red Mask"],"card_choices":[{"not_picked":["Cleave","Iron Wave"],"picked":"Clothesline","floor":1},{"not_picked":["Clothesline","Body Slam"],"picked":"Rage","floor":2},{"not_picked":["Burning Pact","True Grit"],"picked":"Whirlwind","floor":3},{"not_picked":["Fiend Fire","Body Slam"],"picked":"Headbutt","floor":4},{"not_picked":["Headbutt","Uppercut"],"picked":"Shrug It Off","floor":5},{"not_picked":["Shrug It Off","Cleave"],"picked":"Flex","floor":6},{"not_picked":["Whirlwind","Uppercut"],"picked":"Hemokinesis","floor":11},{"not_picked":["Armaments","Power Through"],"picked":"Flame Barrier","floor":14},{"not_picked":["Fiend Fire","Reaper"],"picked":"Dark Embrace","floor":16},{"not_picked":["Armaments","Pommel Strike"],"picked":"Sword Boomerang","floor":18},{"not_picked":["Corruption","Whirlwind"],"picked":"Flex","floor":20},{"not_picked":["Anger","Warcry"],"picked":"Shrug It Off","floor":22},{"not_picked":["Entrench","Flex"],"picked":"Infernal Blade","floor":24},{"not_picked":["Power Through","Intimidate"],"picked":"Flex","floor":28},{"not_picked":["Dual Wield","Fire Breathing"],"picked":"Shrug It Off","floor":29},{"not_picked":["Body Slam","Rupture"],"picked":"Carnage","floor":30},{"not_picked":["Iron Wave","Fire Breathing"],"picked":"Disarm","floor":31},{"not_picked":["Reaper","Dark Embrace"],"picked":"Double Tap","floor":33},{"not_picked":["Perfected Strike","Sword Boomerang"],"picked":"Pommel Strike","floor":35},{"not_picked":["Headbutt","Evolve"],"picked":"Clash","floor":37},{"not_picked":["Trip","Enlightenment"],"picked":"Secret Technique","floor":39},{"not_picked":["Good Instincts","Blind"],"picked":"Madness","floor":39},{"not_picked":["Finesse","Swift Strike"],"picked":"Mind Blast","floor":39},{"not_picked":["Dropkick","Sword Boomerang"],"picked":"Heavy Blade","floor":44},{"not_picked":["Sword Boomerang","Anger"],"picked":"True Grit","floor":47}],"player_experience":311698,"potions_floor_usage":[33,50,50],"damage_taken":[{"damage":1,"enemies":"Cultist","floor":1,"turns":3},{"damage":0,"enemies":"Small Slimes","floor":2,"turns":3},{"damage":0,"enemies":"2 Louse","floor":3,"turns":3},{"damage":2,"enemies":"Looter","floor":4,"turns":3},{"damage":13,"enemies":"Large Slime","floor":5,"turns":5},{"damage":10,"enemies":"Gremlin Nob","floor":6,"turns":4},{"damage":4,"enemies":"Gremlin Gang","floor":8,"turns":3},{"damage":0,"enemies":"3 Louse","floor":11,"turns":1},{"damage":24,"enemies":"Lagavulin","floor":14,"turns":5},{"damage":20,"enemies":"Slime Boss","floor":16,"turns":6},{"damage":47,"enemies":"2 Thieves","floor":18,"turns":4},{"damage":12,"enemies":"Shell Parasite","floor":20,"turns":4},{"damage":10,"enemies":"Snecko","floor":22,"turns":4},{"damage":43,"enemies":"Book of Stabbing","floor":24,"turns":6},{"damage":5,"enemies":"Sentry and Sphere","floor":28,"turns":3},{"damage":21,"enemies":"Snake Plant","floor":29,"turns":3},{"damage":17,"enemies":"Gremlin Leader","floor":30,"turns":5},{"damage":29,"enemies":"Slaver and Parasite","floor":31,"turns":3},{"damage":44,"enemies":"Champ","floor":33,"turns":9},{"damage":0,"enemies":"Flame Bruiser 1 Orb","floor":35,"turns":2},{"damage":9,"enemies":"3 Shapes","floor":37,"turns":3},{"damage":22,"enemies":"Flame Bruiser 2 Orb","floor":41,"turns":4},{"damage":34,"enemies":"Maw","floor":44,"turns":8},{"damage":11,"enemies":"Sphere and 2 Shapes","floor":46,"turns":4},{"damage":0,"enemies":"4 Shapes","floor":47,"turns":1},{"damage":86,"enemies":"Time Eater","floor":50,"turns":7}],"event_choices":[{"event_name":"Shining Light","player_choice":"Entered Light","floor":7,"damage_taken":0},{"event_name":"Scrap Ooze","player_choice":"success","floor":12,"damage_taken":3},{"event_name":"Transmorgrifier","player_choice":"Transform","floor":13,"damage_taken":0},{"event_name":"Transmorgrifier","player_choice":"Transform","floor":19,"damage_taken":0},{"event_name":"Addict","player_choice":"Obtained Relic","floor":21,"damage_taken":0},{"event_name":"Golden Shrine","player_choice":"Pray","floor":27,"damage_taken":0},{"event_name":"Winding Halls","player_choice":"Embrace Madness","floor":38,"damage_taken":0},{"event_name":"SensoryStone","player_choice":"Memory 3","floor":39,"damage_taken":0},{"event_name":"Tomb of Lord Red Mask","player_choice":"Paid","floor":48,"damage_taken":0}],"boss_relics":[{"not_picked":["Eternal Feather","Snecko Eye"],"picked":"Sozu"},{"not_picked":["Black Blood","Runic Cube"],"picked":"Mark of Pain"}],"potions_floor_spawned":[3,5,6,11,18,28,29,30,31,41,47],"seed_played":"-8364543883220290635","killed_by":"Time Eater","ascension_level":0,"is_trial":false}