{"gold_per_floor":[110,129,149,99,99,126,126,156,156,182,31,44,77,352,352,352],"floor_reached":16,"playtime":1645,"items_purged":[],"score":134,"play_id":"96cca751-23f1-4f4d-a6d0-1a2631ae056d","local_time":"20181230205541","is_ascension_mode":true,"campfire_choices":[{"data":"1","floor":15,"key":"LIFT"}],"neow_cost":"NONE","seed_source_timestamp":181313062339537,"circlet_count":0,"master_deck":["Strike_B","Defend_B","Defend_B","Defend_B","Defend_B","Zap","Dualcast","Leap","Ball Lightning","Sweeping Beam","Stack","Loop","Streamline","Aggregate","Doom and Gloom+1","Regret"],"relics":["Cracked Core","Orichalcum","Bottled Flame","Girya","Emotion Chip","Lantern","Happy Flower","Molten Egg 2"],"potions_floor_usage":[13],"damage_taken":[{"damage":1,"enemies":"Jaw Worm","floor":1,"turns":3},{"damage":0,"enemies":"Small Slimes","floor":2,"turns":2},{"damage":1,"enemies":"Cultist","floor":3,"turns":3},{"damage":15,"enemies":"3 Sentries","floor":6,"turns":6},{"damage":8,"enemies":"Gremlin Nob","floor":8,"turns":4},{"damage":9,"enemies":"3 Sentries","floor":10,"turns":7},{"damage":2,"enemies":"Blue Slaver","floor":12,"turns":2},{"damage":13,"enemies":"Lagavulin","floor":13,"turns":5},{"damage":26,"enemies":"The Guardian","floor":16,"turns":7}],"seed_played":"-339201822621622579","potions_obtained":[{"floor":2,"key":"Energy Potion"},{"floor":8,"key":"Ancient Potion"},{"floor":12,"key":"FocusPotion"},{"floor":13,"key":"SkillPotion"}],"is_trial":false,"path_per_floor":["M","M","M","?","?","E","?","E","T","E","$","M","E","?","R","B"],"character_chosen":"DEFECT","items_purchased":["Happy Flower"],"campfire_rested":0,"item_purchase_floors":[11],"current_hp_per_floor":[74,74,73,73,73,58,58,50,50,41,41,39,26,26,26,0],"gold":352,"neow_bonus":"RANDOM_COMMON_RELIC","is_prod":false,"is_daily":false,"chose_seed":false,"campfire_upgraded":0,"win_rate":0,"timestamp":1546192541,"path_taken":["M","M","M","?","?","E","?","E","T","E","$","?","E","?","R","BOSS"],"build_version":"2018-12-25","purchased_purges":0,"victory":false,"max_hp_per_floor":[75,75,75,75,75,75,75,75,75,75,75,75,75,75,75,75],"card_choices":[{"not_picked":["Compile Driver","Chaos"],"picked":"Leap","floor":1},{"not_picked":["Streamline","Cold Snap"],"picked":"Ball Lightning","floor":2},{"not_picked":["Skim","Biased Cognition"],"picked":"Sweeping Beam","floor":3},{"not_picked":["White Noise","BootSequence"],"picked":"Loop","floor":6},{"not_picked":["Turbo","Auto Shields"],"picked":"Streamline","floor":8},{"not_picked":["Stack","Hyperbeam","Hello World"],"picked":"SKIP","floor":10},{"not_picked":["Streamline","Blizzard"],"picked":"Aggregate","floor":12},{"not_picked":["Meteor Strike","Gash"],"picked":"Doom and Gloom","floor":13}],"player_experience":1024350,"relics_obtained":[{"floor":6,"key":"Bottled Flame"},{"floor":8,"key":"Girya"},{"floor":9,"key":"Emotion Chip"},{"floor":10,"key":"Lantern"},{"floor":13,"key":"Molten Egg 2"}],"event_choices":[{"cards_removed":["Strike_B"],"damage_healed":0,"gold_gain":0,"player_choice":"Card Removal","damage_taken":0,"max_hp_gain":0,"max_hp_loss":0,"event_name":"The Cleric","floor":4,"gold_loss":50},{"damage_healed":0,"gold_gain":0,"cards_transformed":["Strike_B"],"player_choice":"Change","damage_taken":0,"max_hp_gain":0,"max_hp_loss":0,"event_name":"Living Wall","floor":5,"gold_loss":0,"cards_obtained":["Stack"]},{"cards_removed":["Strike_B"],"damage_healed":0,"gold_gain":0,"player_choice":"Purged","damage_taken":0,"max_hp_gain":0,"max_hp_loss":0,"event_name":"Purifier","floor":7,"gold_loss":0},{"damage_healed":0,"gold_gain":275,"player_choice":"Desecrate","damage_taken":0,"max_hp_gain":0,"max_hp_loss":0,"event_name":"Golden Shrine","floor":14,"gold_loss":0,"cards_obtained":["Regret"]}],"is_beta":true,"boss_relics":[],"items_purged_floors":[],"is_endless":false,"potions_floor_spawned":[2,8,12,13],"killed_by":"The Guardian","ascension_level":1}