{"gold_per_floor":[115,164,178,178,198,227,246,266,266,266,266,327,342,361,361,464,464,484,494,494,494,168,168,182,182,182,201,229,243,275,292,292,391,391,411,371,381,214,314,344,371,400,427,427,443,443,443,198,198,198],"floor_reached":51,"playtime":6888,"items_purged":["Slice","Defend_G+1","Deflect"],"score":1173,"play_id":"2ec15145-8e72-4c86-a438-56e1ce53fdac","local_time":"20190731095832","is_ascension_mode":true,"campfire_choices":[{"floor":11.0,"key":"REST"},{"floor":15.0,"key":"REST"},{"data":"Backflip","floor":23.0,"key":"SMITH"},{"data":"PiercingWail","floor":25.0,"key":"SMITH"},{"data":"Blade Dance","floor":32,"key":"SMITH"},{"data":"Storm of Steel","floor":44,"key":"SMITH"},{"data":"Well Laid Plans","floor":47,"key":"SMITH"},{"data":"Cloak And Dagger","floor":49,"key":"SMITH"}],"neow_cost":"NONE","seed_source_timestamp":0,"circlet_count":0,"master_deck":["AscendersBane","Strike_G+1","Strike_G+1","Strike_G+1","Strike_G+1","Strike_G+1","Defend_G+1","Defend_G+1","Defend_G+1","Defend_G+1","Survivor","Neutralize+1","Dodge and Roll","Storm of Steel+1","Quick Slash","Blade Dance+1","Terror","Escape Plan+1","Backflip+1","Tools of the Trade","PiercingWail+1","Backflip","Dash","Leg Sweep+1","Acrobatics+1","Well Laid Plans+1","Cloak And Dagger+1","After Image+1","Blade Dance+1","Infinite Blades"],"special_seed":0,"relics":["Ring of the Snake","Dream Catcher","Pen Nib","Blood Vial","Ninja Scroll","Tiny Chest","Coffee Dripper","Matryoshka","Happy Flower","Kunai","Shuriken","Bottled Flame","WristBlade","StoneCalendar","Anchor","Smiling Mask","Boot","Bag of Marbles","Juzu Bracelet","Strawberry","OrangePellets"],"potions_floor_usage":[30,42,50],"damage_taken":[{"damage":0.0,"enemies":"Cultist","floor":1.0,"turns":4.0},{"damage":3.0,"enemies":"Jaw Worm","floor":3.0,"turns":4.0},{"damage":0.0,"enemies":"2 Louse","floor":5.0,"turns":4.0},{"damage":31.0,"enemies":"3 Sentries","floor":6.0,"turns":10.0},{"damage":13.0,"enemies":"Large Slime","floor":7.0,"turns":9.0},{"damage":2.0,"enemies":"Red Slaver","floor":8.0,"turns":5.0},{"damage":17.0,"enemies":"Gremlin Nob","floor":12.0,"turns":4.0},{"damage":0.0,"enemies":"Looter","floor":13.0,"turns":2.0},{"damage":4.0,"enemies":"Exordium Thugs","floor":14.0,"turns":4.0},{"damage":3.0,"enemies":"Hexaghost","floor":16.0,"turns":9.0},{"damage":4.0,"enemies":"3 Byrds","floor":18.0,"turns":7.0},{"damage":19.0,"enemies":"2 Thieves","floor":19.0,"turns":5.0},{"damage":6.0,"enemies":"Snake Plant","floor":24.0,"turns":6.0},{"damage":2.0,"enemies":"Chosen and Byrds","floor":27.0,"turns":7.0},{"damage":1.0,"enemies":"Gremlin Leader","floor":28.0,"turns":7.0},{"damage":2.0,"enemies":"Centurion and Healer","floor":29.0,"turns":5.0},{"damage":0,"enemies":"Slavers","floor":30,"turns":5},{"damage":8,"enemies":"Shelled Parasite and Fungi","floor":31,"turns":5},{"damage":10,"enemies":"Champ","floor":33,"turns":9},{"damage":0,"enemies":"3 Shapes","floor":35,"turns":4},{"damage":0,"enemies":"3 Darklings","floor":37,"turns":5},{"damage":0,"enemies":"Mind Bloom Boss Battle","floor":39,"turns":5},{"damage":0,"enemies":"Reptomancer","floor":40,"turns":6},{"damage":7,"enemies":"Nemesis","floor":42,"turns":4},{"damage":0,"enemies":"Maw","floor":45,"turns":5},{"damage":24,"enemies":"Donu and Deca","floor":50,"turns":7}],"seed_played":"3062447145434613153","potions_obtained":[{"floor":0.0,"key":"Energy Potion"},{"floor":0.0,"key":"Swift Potion"},{"floor":3.0,"key":"Weak Potion"},{"floor":5.0,"key":"AttackPotion"},{"floor":7.0,"key":"Swift Potion"},{"floor":13.0,"key":"LiquidBronze"},{"floor":19.0,"key":"Weak Potion"},{"floor":27.0,"key":"Fruit Juice"},{"floor":29.0,"key":"SteroidPotion"},{"floor":31,"key":"PowerPotion"},{"floor":42,"key":"Energy Potion"}],"is_trial":false,"path_per_floor":["M","T","M","?","M","E","M","M","T","?","R","E","M","M","R","B",null,"M","M","?","?","$","R","M","R","T","M","E","M","E","M","R","B",null,"M","?","M","$","?","E","T","E","T","R","M","T","R","$","R","B",null],"character_chosen":"THE_SILENT","items_purchased":["Matryoshka","Infinite Blades","OrangePellets"],"campfire_rested":2,"item_purchase_floors":[22,38,48],"current_hp_per_floor":[63,63,60,60,60,29,18,18,18,4,25,10,12,10,31,30,60,58,41,41,41,41,41,37,37,37,42,43,43,45,39,39,31,64,66,66,68,68,70,72,72,67,67,67,69,76,76,76,76,54],"gold":198,"neow_bonus":"THREE_SMALL_POTIONS","is_prod":false,"is_daily":false,"chose_seed":false,"campfire_upgraded":6,"win_rate":0,"timestamp":1564585112,"path_taken":["M","?","M","?","?","E","M","M","T","?","R","E","M","M","R","BOSS","M","M","?","?","$","R","?","R","T","M","E","M","E","M","R","BOSS","M","?","?","$","?","E","?","E","T","R","M","?","R","?","R","BOSS"],"build_version":"2019-07-17","purchased_purges":3,"victory":true,"max_hp_per_floor":[70,70,70,70,70,70,70,70,70,70,70,70,70,70,70,70,70,70,70,70,70,70,70,70,70,70,75,75,75,75,75,75,75,75,75,75,75,75,75,75,75,75,75,75,75,82,82,82,82,82],"card_choices":[{"not_picked":["Choke","Eviscerate"],"picked":"PiercingWail","floor":1.0},{"not_picked":["Deadly Poison","Flying Knee"],"picked":"Dodge and Roll","floor":3.0},{"not_picked":["Masterful Stab","PiercingWail"],"picked":"Storm of Steel","floor":5.0},{"not_picked":["Eviscerate","Expertise"],"picked":"Quick Slash","floor":6.0},{"not_picked":["Underhanded Strike","Caltrops"],"picked":"Slice","floor":7.0},{"not_picked":["Dodge and Roll","Acrobatics"],"picked":"Deflect","floor":8.0},{"not_picked":["Dodge and Roll","Tactician"],"picked":"Blade Dance","floor":11.0},{"not_picked":["Grand Finale","Setup"],"picked":"Terror","floor":12.0},{"not_picked":["Bane","Dagger Throw"],"picked":"Escape Plan","floor":13.0},{"not_picked":["Underhanded Strike","Distraction","Poisoned Stab"],"picked":"SKIP","floor":14.0},{"not_picked":["Dodge and Roll","Bane"],"picked":"Backflip","floor":15.0},{"not_picked":["Phantasmal Killer","Glass Knife"],"picked":"Tools of the Trade","floor":16.0},{"not_picked":["Deadly Poison+1","Underhanded Strike","Concentrate"],"picked":"SKIP","floor":18.0},{"not_picked":["Blade Dance","Unload"],"picked":"PiercingWail","floor":19.0},{"not_picked":["Quick Slash","Poisoned Stab+1"],"picked":"Dash","floor":24.0},{"not_picked":["Underhanded Strike","Slice+1","Terror"],"picked":"SKIP","floor":27.0},{"not_picked":["PiercingWail","Bane"],"picked":"Leg Sweep+1","floor":28.0},{"not_picked":["Deadly Poison","Deflect"],"picked":"Acrobatics+1","floor":29.0},{"not_picked":["Accuracy+1","Choke"],"picked":"Well Laid Plans","floor":30},{"not_picked":["Blade Dance","Catalyst"],"picked":"Cloak And Dagger","floor":31},{"not_picked":["Venomology","Storm of Steel"],"picked":"After Image","floor":33},{"not_picked":["Well Laid Plans+1","Backflip"],"picked":"Blade Dance+1","floor":35},{"not_picked":["Underhanded Strike+1","Dodge and Roll+1","Distraction+1"],"picked":"SKIP","floor":37},{"not_picked":["Accuracy+1","Concentrate","Poisoned Stab"],"picked":"SKIP","floor":40},{"not_picked":["Bouncing Flask+1","Deadly Poison","Noxious Fumes+1"],"picked":"SKIP","floor":42},{"not_picked":["Dodge and Roll","Well Laid Plans+1","PiercingWail"],"picked":"SKIP","floor":45}],"player_experience":311135,"relics_obtained":[{"floor":2.0,"key":"Dream Catcher"},{"floor":6.0,"key":"Blood Vial"},{"floor":9.0,"key":"Ninja Scroll"},{"floor":12.0,"key":"Tiny Chest"},{"floor":26.0,"key":"Happy Flower"},{"floor":26.0,"key":"Kunai"},{"floor":28.0,"key":"Shuriken"},{"floor":30,"key":"Bottled Flame"},{"floor":39,"key":"StoneCalendar"},{"floor":40,"key":"Anchor"},{"floor":41,"key":"Smiling Mask"},{"floor":41,"key":"Boot"},{"floor":42,"key":"Bag of Marbles"},{"floor":43,"key":"Juzu Bracelet"},{"floor":46,"key":"Strawberry"}],"event_choices":[{"cards_removed":["PiercingWail"],"damage_healed":0.0,"max_hp_gain":0.0,"max_hp_loss":0.0,"gold_gain":0.0,"event_name":"WeMeetAgain","player_choice":"Gave Card","floor":4.0,"gold_loss":0.0,"damage_taken":0.0,"relics_obtained":["Pen Nib"]},{"damage_healed":0.0,"max_hp_gain":0.0,"max_hp_loss":0.0,"gold_gain":0.0,"event_name":"Shining Light","player_choice":"Entered Light","floor":10.0,"gold_loss":0.0,"damage_taken":14.0,"cards_upgraded":["Neutralize","Defend_G"]},{"damage_healed":0.0,"max_hp_gain":0.0,"max_hp_loss":0.0,"gold_gain":0.0,"event_name":"Back to Basics","player_choice":"Simplicity","floor":20.0,"gold_loss":0.0,"damage_taken":0.0,"cards_upgraded":["Strike_G","Strike_G","Strike_G","Strike_G","Strike_G","Defend_G","Defend_G","Defend_G","Defend_G"]},{"damage_healed":0.0,"max_hp_gain":0.0,"max_hp_loss":0.0,"gold_gain":0.0,"event_name":"Duplicator","player_choice":"Copied","floor":21.0,"gold_loss":0.0,"damage_taken":0.0,"cards_obtained":["Backflip"]},{"damage_healed":0,"gold_gain":0,"player_choice":"Upgraded Two","damage_taken":0,"max_hp_gain":0,"max_hp_loss":0,"event_name":"Designer","floor":36,"gold_loss":40,"cards_upgraded":["After Image","Escape Plan"]},{"damage_healed":0,"gold_gain":0,"player_choice":"Fight","damage_taken":0,"max_hp_gain":0,"max_hp_loss":0,"event_name":"MindBloom","floor":39,"gold_loss":0}],"is_beta":false,"boss_relics":[{"not_picked":["White Beast Statue","Eternal Feather"],"picked":"Coffee Dripper"},{"not_picked":["Pandora\u0027s Box","Ring of the Serpent"],"picked":"WristBlade"}],"items_purged_floors":[22,38,48],"is_endless":false,"potions_floor_spawned":[3,5,7,13,19,27,29,31,39,42],"ascension_level":11}