{"gold_per_floor":[210,15,15,33,43,43,72,72,72,72,86,101,101,120,120,225,225,237,21,40,51,51,78,78,3,29,29,44,75,75,91,91,191,191,206,220,232,246,58,83,96,96,96,107,107,107,125,178,178,178,178,178,9,40,40],"floor_reached":56,"playtime":8660,"items_purged":["Doubt","Strike_R"],"score":1343,"play_id":"86e27a49-aa92-4a20-969d-2e73f22cee02","local_time":"20190804114824","is_ascension_mode":true,"campfire_choices":[{"data":"Body Slam","floor":6,"key":"SMITH"},{"data":"Bash","floor":10,"key":"SMITH"},{"data":"Flex","floor":13,"key":"SMITH"},{"data":"Shrug It Off","floor":15,"key":"SMITH"},{"data":"Demon Form","floor":24,"key":"SMITH"},{"floor":27,"key":"RECALL"},{"data":"Pummel","floor":32,"key":"SMITH"},{"data":"Body Slam","floor":42,"key":"SMITH"},{"data":"Dark Embrace","floor":46,"key":"SMITH"},{"floor":49,"key":"REST"},{"data":"Inflame","floor":52,"key":"SMITH"}],"neow_cost":"NONE","seed_source_timestamp":235839884729500,"circlet_count":0,"master_deck":["Strike_R","Strike_R","Strike_R","Defend_R","Defend_R","Defend_R","Defend_R","Bash+1","Shrug It Off+1","Body Slam+1","Flex+1","Infernal Blade+1","Seeing Red+1","Pummel+1","Sword Boomerang","Demon Form+1","Offering+1","Twin Strike","Panacea+1","Shrug It Off+1","Inflame+1","Body Slam+1","Ghostly Armor+1","Battle Trance+1","Inflame","Flex+1","Dark Embrace+1","Shrug It Off+1","Feed","Heavy Blade","Twin Strike+1","Bandage Up+1","Offering+1","Shockwave+1","Decay","True Grit+1","Impatience+1","Warcry+1","Entrench+1","Purity+1","Shrug It Off+1","Flex+1"],"relics":["Burning Blood","Strange Spoon","Darkstone Periapt","Toxic Egg 2","Torii","Astrolabe","Bottled Lightning","Champion Belt","MutagenicStrength","Cursed Key","Regal Pillow","Pen Nib","Magic Flower","Pocketwatch"],"potions_floor_usage":[29,29,33,37,40,44,54],"damage_taken":[{"damage":5,"enemies":"2 Louse","floor":1,"turns":3},{"damage":11,"enemies":"Jaw Worm","floor":4,"turns":5},{"damage":14,"enemies":"Small Slimes","floor":5,"turns":5},{"damage":43,"enemies":"Lagavulin","floor":7,"turns":8},{"damage":1,"enemies":"2 Fungi Beasts","floor":11,"turns":3},{"damage":1,"enemies":"Exordium Wildlife","floor":12,"turns":3},{"damage":2,"enemies":"Large Slime","floor":14,"turns":4},{"damage":49,"enemies":"Hexaghost","floor":16,"turns":12},{"damage":26,"enemies":"Spheric Guardian","floor":18,"turns":5},{"damage":0,"enemies":"3 Byrds","floor":20,"turns":5},{"damage":8,"enemies":"Sentry and Sphere","floor":21,"turns":4},{"damage":6,"enemies":"Gremlin Leader","floor":23,"turns":4},{"damage":7,"enemies":"Shelled Parasite and Fungi","floor":28,"turns":3},{"damage":2,"enemies":"Book of Stabbing","floor":29,"turns":5},{"damage":13,"enemies":"3 Cultists","floor":31,"turns":3},{"damage":23,"enemies":"Champ","floor":33,"turns":5},{"damage":13,"enemies":"3 Darklings","floor":35,"turns":4},{"damage":1,"enemies":"3 Shapes","floor":36,"turns":3},{"damage":6,"enemies":"Transient","floor":37,"turns":5},{"damage":28,"enemies":"4 Shapes","floor":38,"turns":3},{"damage":25,"enemies":"Reptomancer","floor":40,"turns":3},{"damage":12,"enemies":"Maw","floor":41,"turns":4},{"damage":19,"enemies":"Jaw Worm Horde","floor":44,"turns":5},{"damage":4,"enemies":"4 Shapes","floor":47,"turns":5},{"damage":20,"enemies":"2 Orb Walkers","floor":48,"turns":3},{"damage":52,"enemies":"Awakened One","floor":50,"turns":8},{"damage":36,"enemies":"Shield and Spear","floor":54,"turns":4},{"damage":113,"enemies":"The Heart","floor":55,"turns":8}],"seed_played":"1354188766448533977","potions_obtained":[{"floor":4,"key":"FearPotion"},{"floor":5,"key":"SneckoOil"},{"floor":7,"key":"Weak Potion"},{"floor":16,"key":"Poison Potion"},{"floor":21,"key":"Ancient Potion"},{"floor":28,"key":"PowerPotion"},{"floor":31,"key":"FairyPotion"},{"floor":35,"key":"Fire Potion"},{"floor":37,"key":"Block Potion"},{"floor":38,"key":"GamblersBrew"},{"floor":41,"key":"SmokeBomb"}],"is_trial":false,"path_per_floor":["M","$","?","M","M","R","E","?","T","R","M","M","R","M","R","B",null,"M","$","M","M","?","E","R","?","T","R","M","E","?","M","R","B",null,"M","M","M","M","$","E","M","R","T","M","?","R","M","?","R","B",null,"R","$","E","B",null],"character_chosen":"IRONCLAD","items_purchased":["Strange Spoon","Panacea+1","Shrug It Off+1","Bandage Up+1","Purity+1","Shrug It Off+1","Block Potion"],"campfire_rested":1,"item_purchase_floors":[2,19,19,39,53,53,53],"current_hp_per_floor":[80,80,86,81,73,73,36,63,63,63,68,73,73,77,77,34,101,81,81,87,85,85,85,85,85,85,85,84,88,88,81,81,64,101,94,99,99,80,80,67,67,67,73,66,66,66,77,63,111,77,113,113,113,100,14],"gold":40,"neow_bonus":"HUNDRED_GOLD","is_prod":false,"is_daily":false,"chose_seed":false,"campfire_upgraded":9,"win_rate":0,"timestamp":1564886904,"path_taken":["M","$","?","M","M","R","E","?","T","R","M","M","R","M","R","BOSS","M","$","M","M","?","E","R","?","T","R","M","E","?","M","R","BOSS","M","M","M","M","$","E","M","R","T","M","?","R","M","?","R","BOSS","R","$","E","BOSS"],"build_version":"2019-07-17","purchased_purges":2,"victory":true,"max_hp_per_floor":[80,80,86,86,86,86,86,92,92,92,92,92,92,92,92,92,101,101,101,101,101,101,101,101,101,101,101,101,101,101,101,101,101,101,101,101,101,104,104,104,104,104,110,110,110,110,113,113,113,113,113,113,113,116,116],"card_choices":[{"not_picked":["True Grit","Wild Strike"],"picked":"Shrug It Off","floor":1},{"not_picked":["Wild Strike","Headbutt"],"picked":"Body Slam","floor":4},{"not_picked":["Iron Wave","Evolve"],"picked":"Flex","floor":5},{"not_picked":["Clothesline","Clash"],"picked":"Infernal Blade","floor":7},{"not_picked":["Shrug It Off+1","Headbutt"],"picked":"Seeing Red+1","floor":11},{"not_picked":["Warcry+1","Power Through+1"],"picked":"Pummel","floor":12},{"not_picked":["Iron Wave","Uppercut"],"picked":"Sword Boomerang","floor":14},{"not_picked":["Reaper","Offering+1"],"picked":"Demon Form","floor":16},{"not_picked":["Warcry+1","Pommel Strike+1"],"picked":"Twin Strike","floor":18},{"not_picked":["Body Slam","Burning Pact+1"],"picked":"Inflame","floor":20},{"not_picked":["Dropkick+1","Second Wind+1"],"picked":"Body Slam","floor":21},{"not_picked":["Blood for Blood+1","Twin Strike"],"picked":"Ghostly Armor+1","floor":23},{"not_picked":["Iron Wave","Bloodletting+1"],"picked":"Battle Trance+1","floor":28},{"not_picked":["Battle Trance+1","Rampage"],"picked":"Inflame","floor":29},{"not_picked":["Clothesline","Feed"],"picked":"Flex+1","floor":31},{"not_picked":["Reaper","Barricade"],"picked":"Dark Embrace","floor":33},{"not_picked":["Iron Wave+1","Flex+1"],"picked":"Shrug It Off+1","floor":35},{"not_picked":["Anger+1","Combust+1"],"picked":"Feed","floor":36},{"not_picked":["Sword Boomerang","Flame Barrier+1"],"picked":"Heavy Blade","floor":37},{"not_picked":["Headbutt+1","Armaments+1"],"picked":"Twin Strike+1","floor":38},{"not_picked":["Blood for Blood","Anger+1"],"picked":"Offering+1","floor":40},{"not_picked":["Wild Strike+1","Twin Strike"],"picked":"Shockwave+1","floor":41},{"not_picked":["Shrug It Off+1","Thunderclap+1"],"picked":"True Grit+1","floor":44},{"not_picked":["Jack Of All Trades+1","Dramatic Entrance"],"picked":"Impatience+1","floor":45},{"not_picked":["Headbutt","Combust"],"picked":"Warcry+1","floor":47},{"not_picked":["Brutality","Iron Wave+1"],"picked":"Entrench+1","floor":48},{"not_picked":["Clothesline+1","Bloodletting+1"],"picked":"Flex+1","floor":54}],"player_experience":109485,"relics_obtained":[{"floor":7,"key":"Toxic Egg 2"},{"floor":9,"key":"Torii"},{"floor":23,"key":"Bottled Lightning"},{"floor":29,"key":"Champion Belt"},{"floor":40,"key":"Regal Pillow"},{"floor":43,"key":"Pen Nib"},{"floor":48,"key":"Magic Flower"},{"floor":54,"key":"Pocketwatch"}],"event_choices":[{"damage_healed":0,"gold_gain":0,"player_choice":"Box","damage_taken":0,"relics_obtained":["Darkstone Periapt"],"max_hp_gain":0,"max_hp_loss":0,"event_name":"Big Fish","floor":3,"gold_loss":0,"cards_obtained":["Regret"]},{"damage_healed":21,"gold_gain":0,"player_choice":"Healed and dodged fight","damage_taken":0,"max_hp_gain":0,"max_hp_loss":0,"event_name":"Mushrooms","floor":8,"gold_loss":0,"cards_obtained":["Parasite"]},{"damage_healed":0,"gold_gain":0,"player_choice":"Ignored","damage_taken":0,"max_hp_gain":0,"max_hp_loss":0,"event_name":"Ghosts","floor":22,"gold_loss":0},{"cards_removed":["Clumsy"],"damage_healed":0,"gold_gain":0,"player_choice":"Gave Gold","damage_taken":0,"max_hp_gain":0,"max_hp_loss":0,"event_name":"Beggar","floor":25,"gold_loss":75},{"damage_healed":0,"gold_gain":0,"player_choice":"Inject Mutagens","damage_taken":0,"relics_obtained":["MutagenicStrength"],"max_hp_gain":0,"max_hp_loss":0,"event_name":"Drug Dealer","floor":30,"gold_loss":0},{"damage_healed":0,"gold_gain":0,"player_choice":"Memory 1","damage_taken":0,"max_hp_gain":0,"max_hp_loss":0,"event_name":"SensoryStone","floor":45,"gold_loss":0},{"damage_healed":0,"gold_gain":0,"player_choice":"Fight","damage_taken":0,"max_hp_gain":0,"max_hp_loss":0,"event_name":"Mysterious Sphere","floor":48,"gold_loss":0}],"is_beta":false,"boss_relics":[{"not_picked":["Orrery","Philosopher\u0027s Stone"],"picked":"Astrolabe"},{"not_picked":["Coffee Dripper","Tiny House"],"picked":"Cursed Key"}],"items_purged_floors":[19,39],"is_endless":false,"potions_floor_spawned":[4,5,7,16,21,28,31,35,37,38,41],"ascension_level":1}