{"gold_per_floor":[116,135,135,152,0,0,10,22,47,47,80,80,95,128,128,200,200,219,235,54,54,70,70,70,83,83,114,39,39,54,81,81,157,157,177,177,177,191,112,144,144,159,183,200,230,230,261,279,279,279,279,279,279,69,95,95],"floor_reached":56,"playtime":2346,"items_purged":["Strike_G","Strike_G"],"score":2124,"play_id":"5e17f911-a4c0-4c33-aad2-2b868bd69e19","local_time":"20190714195717","is_ascension_mode":true,"campfire_choices":[{"data":"Neutralize","floor":6.0,"key":"SMITH"},{"data":"Deadly Poison","floor":10.0,"key":"SMITH"},{"data":"Noxious Fumes","floor":15.0,"key":"SMITH"},{"data":"Catalyst","floor":23.0,"key":"SMITH"},{"data":"Footwork","floor":29.0,"key":"SMITH"},{"data":"Ghostly","floor":32.0,"key":"SMITH"},{"floor":41.0,"key":"RECALL"},{"data":"Ghostly","floor":46.0,"key":"SMITH"},{"data":"Footwork","floor":49.0,"key":"SMITH"},{"data":"Acrobatics","floor":53,"key":"SMITH"}],"neow_cost":"NONE","seed_source_timestamp":404512247573284,"circlet_count":0,"master_deck":["AscendersBane","Strike_G","Defend_G","Defend_G","Defend_G","Defend_G","Defend_G","Survivor","Neutralize+1","Deadly Poison","Dagger Throw","Backflip","Deadly Poison+1","Poisoned Stab","Venomology","Noxious Fumes+1","Dash","Adrenaline","Catalyst+1","Dodge and Roll+1","Footwork+1","Ghostly+1","Ghostly+1","Ghostly+1","Corpse Explosion","Escape Plan+1","Backflip","Footwork+1","Acrobatics+1","Catalyst","Crippling Poison+1"],"special_seed":0,"relics":["Ring of the Snake","Potion Belt","Bag of Marbles","Art of War","Coffee Dripper","Pear","Bottled Tornado","Gambling Chip","Philosopher\u0027s Stone","Du-Vu Doll","Happy Flower","Regal Pillow","Cauldron","Orichalcum"],"potions_floor_usage":[55,55,55,55,56,56,56],"damage_taken":[{"damage":0.0,"enemies":"Small Slimes","floor":1.0,"turns":4.0},{"damage":1.0,"enemies":"Cultist","floor":2.0,"turns":5.0},{"damage":1.0,"enemies":"Jaw Worm","floor":4.0,"turns":4.0},{"damage":4.0,"enemies":"Looter","floor":7.0,"turns":3.0},{"damage":3.0,"enemies":"Exordium Thugs","floor":8.0,"turns":5.0},{"damage":15.0,"enemies":"Lagavulin","floor":11.0,"turns":6.0},{"damage":0.0,"enemies":"Blue Slaver","floor":13.0,"turns":3.0},{"damage":13.0,"enemies":"Gremlin Nob","floor":14.0,"turns":4.0},{"damage":14.0,"enemies":"The Guardian","floor":16.0,"turns":9.0},{"damage":0.0,"enemies":"Spheric Guardian","floor":18.0,"turns":2.0},{"damage":0.0,"enemies":"Shell Parasite","floor":19.0,"turns":5.0},{"damage":0.0,"enemies":"Centurion and Healer","floor":22.0,"turns":6.0},{"damage":0.0,"enemies":"Snake Plant","floor":25.0,"turns":4.0},{"damage":0.0,"enemies":"Book of Stabbing","floor":27.0,"turns":5.0},{"damage":0.0,"enemies":"Snecko","floor":30.0,"turns":4.0},{"damage":0.0,"enemies":"Gremlin Leader","floor":31.0,"turns":5.0},{"damage":10.0,"enemies":"Champ","floor":33.0,"turns":13.0},{"damage":0.0,"enemies":"3 Shapes","floor":35.0,"turns":4.0},{"damage":0.0,"enemies":"3 Darklings","floor":38.0,"turns":4.0},{"damage":0.0,"enemies":"Giant Head","floor":40.0,"turns":8.0},{"damage":2.0,"enemies":"Spire Growth","floor":42.0,"turns":5.0},{"damage":0.0,"enemies":"Sphere and 2 Shapes","floor":44.0,"turns":5.0},{"damage":2.0,"enemies":"Reptomancer","floor":45.0,"turns":4.0},{"damage":4.0,"enemies":"Nemesis","floor":47.0,"turns":7.0},{"damage":3.0,"enemies":"Writhing Mass","floor":48.0,"turns":5.0},{"damage":20.0,"enemies":"Awakened One","floor":50.0,"turns":19.0},{"damage":9.0,"enemies":"Time Eater","floor":51.0,"turns":5.0},{"damage":18,"enemies":"Shield and Spear","floor":55,"turns":6},{"damage":18,"enemies":"The Heart","floor":56,"turns":2}],"seed_played":"-6344374317499609825","potions_obtained":[{"floor":7.0,"key":"Swift Potion"},{"floor":8.0,"key":"Block Potion"},{"floor":13.0,"key":"Dexterity Potion"},{"floor":16.0,"key":"AttackPotion"},{"floor":18.0,"key":"Ancient Potion"},{"floor":27.0,"key":"GhostInAJar"},{"floor":30.0,"key":"SkillPotion"},{"floor":31.0,"key":"Fire Potion"},{"floor":35.0,"key":"AttackPotion"},{"floor":38.0,"key":"Strength Potion"},{"floor":40.0,"key":"AttackPotion"},{"floor":54,"key":"LiquidBronze"},{"floor":54,"key":"PowerPotion"},{"floor":54,"key":"EssenceOfSteel"},{"floor":54,"key":"GhostInAJar"},{"floor":55,"key":"GamblersBrew"}],"is_trial":false,"path_per_floor":["M","M","?","M","$","R","M","M","T","R","E","?","M","E","R","B",null,"M","M","$","?","M","R","?","M","T","E","?","R","M","E","R","B",null,"M","?","$","M","$","E","R","M","T","M","E","R","E","M","R","B","B",null,"R","$","E","B"],"character_chosen":"THE_SILENT","items_purchased":["Backflip","Deadly Poison","Footwork","Footwork","Cauldron"],"campfire_rested":0,"item_purchase_floors":[5,5,20,39,54],"current_hp_per_floor":[65,64,64,63,63,63,59,56,56,56,41,41,41,28,28,14,58,58,58,58,72,72,72,36,36,46,46,46,46,46,46,46,36,44,44,44,44,44,44,44,44,42,42,42,40,40,36,33,33,13,4,36,36,36,18,0],"gold":95,"neow_bonus":"TEN_PERCENT_HP_BONUS","is_prod":false,"is_daily":false,"chose_seed":false,"campfire_upgraded":9,"win_rate":0,"timestamp":1563159437,"path_taken":["M","M","?","M","$","R","M","M","T","R","E","?","?","E","R","BOSS","M","M","$","?","M","R","?","M","T","E","?","R","?","E","R","BOSS","M","?","$","M","$","E","R","?","T","?","E","R","E","M","R","BOSS","BOSS","R","$","E","BOSS"],"build_version":"2019-07-05","purchased_purges":2,"victory":false,"max_hp_per_floor":[72,72,72,72,72,72,72,72,72,72,72,72,72,72,72,72,72,72,72,72,72,72,72,36,36,46,46,46,46,46,46,46,46,46,46,46,46,46,46,46,46,46,46,46,46,46,46,46,46,46,46,46,46,46,46,46],"card_choices":[{"not_picked":["Prepared","Infinite Blades"],"picked":"Deadly Poison","floor":1.0},{"not_picked":["Blade Dance","Prepared","Tools of the Trade"],"picked":"SKIP","floor":2.0},{"not_picked":["Slice","Sucker Punch"],"picked":"Dagger Throw","floor":4.0},{"not_picked":["Setup","Caltrops"],"picked":"Poisoned Stab","floor":7.0},{"not_picked":["Slice","PiercingWail"],"picked":"Venomology","floor":8.0},{"not_picked":["Prepared","Acrobatics"],"picked":"Noxious Fumes","floor":11.0},{"not_picked":["Sucker Punch","Prepared","Blade Dance"],"picked":"SKIP","floor":13.0},{"not_picked":["Cloak And Dagger","Bane","Tools of the Trade"],"picked":"SKIP","floor":14.0},{"not_picked":["Burst","Doppelganger"],"picked":"Adrenaline","floor":16.0},{"not_picked":["Flechettes","All Out Attack"],"picked":"Catalyst","floor":18.0},{"not_picked":["Prepared","Dagger Throw"],"picked":"Dodge and Roll+1","floor":19.0},{"not_picked":["Cloak And Dagger","Sucker Punch","Poisoned Stab"],"picked":"SKIP","floor":22.0},{"not_picked":["Cloak And Dagger","Sucker Punch","Poisoned Stab"],"picked":"SKIP","floor":22.0},{"not_picked":["Deflect","Sucker Punch","Underhanded Strike"],"picked":"SKIP","floor":25.0},{"not_picked":["Poisoned Stab","Dodge and Roll"],"picked":"Corpse Explosion","floor":27.0},{"not_picked":["Bane","Bouncing Flask","Masterful Stab"],"picked":"SKIP","floor":30.0},{"not_picked":["Bane","Blade Dance"],"picked":"Escape Plan+1","floor":31.0},{"not_picked":["Endless Agony","Dodge and Roll","Terror"],"picked":"SKIP","floor":35.0},{"not_picked":["Deflect","Underhanded Strike"],"picked":"Backflip","floor":38.0},{"not_picked":["Concentrate","Masterful Stab"],"picked":"Acrobatics","floor":40.0},{"not_picked":["Crippling Poison+1","Blade Dance+1"],"picked":"Catalyst","floor":42.0},{"not_picked":["Acrobatics","Slice","Outmaneuver+1"],"picked":"SKIP","floor":44.0},{"not_picked":["Heel Hook","Blade Dance","Acrobatics"],"picked":"SKIP","floor":45.0},{"not_picked":["Deflect+1","Doppelganger","Backstab+1"],"picked":"SKIP","floor":47.0},{"not_picked":["Sucker Punch+1","Dagger Throw"],"picked":"Crippling Poison+1","floor":48.0},{"not_picked":["A Thousand Cuts","Bane","Cloak And Dagger"],"picked":"SKIP","floor":55}],"player_experience":849044,"relics_obtained":[{"floor":9.0,"key":"Potion Belt"},{"floor":11.0,"key":"Bag of Marbles"},{"floor":14.0,"key":"Art of War"},{"floor":26.0,"key":"Pear"},{"floor":27.0,"key":"Bottled Tornado"},{"floor":31.0,"key":"Gambling Chip"},{"floor":40.0,"key":"Du-Vu Doll"},{"floor":45.0,"key":"Happy Flower"},{"floor":47.0,"key":"Regal Pillow"},{"floor":55,"key":"Orichalcum"}],"event_choices":[{"damage_healed":0.0,"max_hp_gain":0.0,"max_hp_loss":0.0,"gold_gain":0.0,"event_name":"Liars Game","player_choice":"Ignored","floor":3.0,"gold_loss":0.0,"damage_taken":0.0},{"damage_healed":0.0,"max_hp_gain":0.0,"max_hp_loss":0.0,"gold_gain":0.0,"cards_transformed":["Strike_G"],"event_name":"Transmorgrifier","player_choice":"Transformed","floor":12.0,"gold_loss":0.0,"damage_taken":0.0,"cards_obtained":["Dash"]},{"damage_healed":14.0,"max_hp_gain":0.0,"max_hp_loss":0.0,"gold_gain":0.0,"event_name":"The Library","player_choice":"Heal","floor":21.0,"gold_loss":0.0,"damage_taken":0.0},{"damage_healed":0.0,"max_hp_gain":0.0,"max_hp_loss":36.0,"gold_gain":0.0,"event_name":"Ghosts","player_choice":"Became a Ghost","floor":24.0,"gold_loss":0.0,"damage_taken":0.0,"cards_obtained":["Ghostly","Ghostly","Ghostly"]},{"cards_removed":["Strike_G"],"damage_healed":0.0,"max_hp_gain":0.0,"max_hp_loss":0.0,"gold_gain":0.0,"event_name":"Beggar","player_choice":"Gave Gold","floor":28.0,"gold_loss":75.0,"damage_taken":0.0},{"damage_healed":0.0,"max_hp_gain":0.0,"max_hp_loss":0.0,"gold_gain":0.0,"event_name":"Upgrade Shrine","player_choice":"Upgraded","floor":36.0,"gold_loss":0.0,"damage_taken":0.0,"cards_upgraded":["Ghostly"]}],"is_beta":false,"boss_relics":[{"not_picked":["Lizard Tail","HoveringKite"],"picked":"Coffee Dripper"},{"not_picked":["Empty Cage","White Beast Statue"],"picked":"Philosopher\u0027s Stone"}],"items_purged_floors":[5,20],"is_endless":false,"potions_floor_spawned":[7,8,13,16,18,27,30,31,33,35,38,40,55],"killed_by":"The Heart","ascension_level":20}