{"gold_per_floor":[110,121,132,147,160,160,192,117,117,129,162,112,112,287,287,391,391,409,422,422,433,41,41,41,75,75,25,50,50,50,77,77,181,231,248,248,50,0,0,30,30,30],"floor_reached":42,"playtime":1627,"items_purged":["Defend_G","Doubt","Strike_G","Writhe"],"score":541,"play_id":"bf2b097f-f6f3-40be-a592-9b01b923efc7","local_time":"20181115005045","is_ascension_mode":true,"campfire_choices":[{"data":"Neutralize","floor":6,"key":"SMITH"},{"data":"Terror","floor":13,"key":"SMITH"},{"data":"Noxious Fumes","floor":15,"key":"SMITH"},{"data":"Adrenaline","floor":23,"key":"SMITH"},{"floor":30,"key":"RECALL"},{"floor":32,"key":"REST"},{"data":"Doppelganger","floor":41,"key":"SMITH"}],"neow_cost":"NONE","seed_source_timestamp":370147687694970,"circlet_count":0,"master_deck":["Defend_G+1","Defend_G+1","Defend_G+1","Strike_G+1","Strike_G+1","Strike_G+1","Strike_G+1","Survivor","Neutralize+1","Backstab","Noxious Fumes+1","Backstab+1","Terror+1","Slice+1","Quick Slash","Cloak And Dagger","Backstab","Flying Knee","Malaise+1","Deflect","Well Laid Plans","Footwork","Adrenaline+1","Skewer","Finisher","Dagger Spray","Adrenaline","Deadly Poison+1","Prepared+1","Madness","Doppelganger+1"],"relics":["Ring of the Snake","Tough Bandages","Whetstone","Smiling Mask","Cursed Key","Strange Spoon","Frozen Egg 2","PreservedInsect","Blood Vial","Unceasing Top","Tiny House","Pen Nib","Red Mask","Prayer Wheel"],"potions_floor_usage":[7,7,16,25,35],"damage_taken":[{"damage":0,"enemies":"Jaw Worm","floor":1,"turns":3},{"damage":0,"enemies":"Small Slimes","floor":2,"turns":5},{"damage":0,"enemies":"Cultist","floor":3,"turns":2},{"damage":0,"enemies":"Looter","floor":4,"turns":2},{"damage":1,"enemies":"Exordium Thugs","floor":5,"turns":4},{"damage":10,"enemies":"Gremlin Nob","floor":7,"turns":4},{"damage":0,"enemies":"Blue Slaver","floor":10,"turns":1},{"damage":6,"enemies":"3 Sentries","floor":11,"turns":7},{"damage":8,"enemies":"Hexaghost","floor":16,"turns":7},{"damage":0,"enemies":"Chosen","floor":18,"turns":4},{"damage":6,"enemies":"2 Thieves","floor":19,"turns":4},{"damage":10,"enemies":"Centurion and Healer","floor":21,"turns":6},{"damage":26,"enemies":"Gremlin Leader","floor":25,"turns":7},{"damage":12,"enemies":"Book of Stabbing","floor":28,"turns":3},{"damage":7,"enemies":"Slavers","floor":31,"turns":3},{"damage":20,"enemies":"Champ","floor":33,"turns":9},{"damage":5,"enemies":"3 Darklings","floor":35,"turns":7},{"damage":0,"enemies":"Nemesis","floor":40,"turns":3},{"damage":65,"enemies":"Reptomancer","floor":42,"turns":4}],"seed_played":"-5348781594797264443","potions_obtained":[{"floor":2,"key":"Swift Potion"},{"floor":3,"key":"Block Potion"},{"floor":7,"key":"SpeedPotion"},{"floor":11,"key":"PowerPotion"},{"floor":19,"key":"SpeedPotion"},{"floor":21,"key":"Explosive Potion"},{"floor":25,"key":"SpeedPotion"},{"floor":34,"key":"Block Potion"},{"floor":40,"key":"FearPotion"}],"is_trial":false,"path_per_floor":["M","M","M","M","M","R","E","$","T","M","E","?","R","?","R","B",null,"M","M","?","M","$","R","?","E","T","$","E","?","R","E","R","B",null,"M","?","$","?","?","E","R","E"],"character_chosen":"THE_SILENT","items_purchased":["Strange Spoon","Adrenaline","Skewer","Pen Nib"],"campfire_rested":1,"item_purchase_floors":[22,22,22,37],"current_hp_per_floor":[70,70,70,70,69,69,59,59,59,59,53,53,53,53,53,45,70,70,64,64,54,54,54,54,28,28,28,16,16,16,11,32,14,75,70,61,61,61,61,63,63,0],"gold":30,"neow_bonus":"THREE_CARDS","is_prod":false,"is_daily":false,"chose_seed":false,"campfire_upgraded":5,"win_rate":0,"timestamp":1542232245,"path_taken":["M","M","M","M","M","R","E","$","T","M","E","?","R","?","R","BOSS","M","M","?","?","$","R","?","E","T","?","E","?","R","E","R","BOSS","M","?","$","?","?","E","R","E"],"build_version":"2018-11-13","purchased_purges":4,"victory":false,"max_hp_per_floor":[70,70,70,70,70,70,70,70,70,70,70,70,70,70,70,70,70,70,70,70,70,70,70,70,70,70,70,70,70,70,70,70,70,75,75,75,75,75,75,75,75,75],"card_choices":[{"not_picked":["Sucker Punch","Deadly Poison"],"picked":"Backstab","floor":0},{"not_picked":["Deadly Poison","PiercingWail"],"picked":"Noxious Fumes","floor":1},{"not_picked":["Deadly Poison","Slice"],"picked":"Backstab","floor":2},{"not_picked":["Sucker Punch","Underhanded Strike"],"picked":"Terror","floor":3},{"not_picked":["Outmaneuver","Prepared"],"picked":"Slice","floor":4},{"not_picked":["Prepared","Crippling Poison"],"picked":"Quick Slash","floor":5},{"not_picked":["Dagger Spray","Grand Finale"],"picked":"Cloak And Dagger","floor":7},{"not_picked":["Outmaneuver","Deflect"],"picked":"Backstab","floor":10},{"not_picked":["Underhanded Strike","Poisoned Stab"],"picked":"Flying Knee","floor":11},{"not_picked":["Venomology","Unload"],"picked":"Malaise","floor":16},{"not_picked":["Eviscerate","Caltrops"],"picked":"Deflect","floor":18},{"not_picked":["Dodge and Roll","PiercingWail"],"picked":"Well Laid Plans","floor":19},{"not_picked":["Slice","Outmaneuver+1"],"picked":"Footwork","floor":21},{"not_picked":["Endless Agony","Acrobatics"],"picked":"Finisher","floor":25},{"not_picked":["Underhanded Strike","Deflect"],"picked":"Dagger Spray","floor":28},{"not_picked":["Bane","Backflip","Bullet Time"],"picked":"SKIP","floor":31},{"not_picked":["Glass Knife","Corpse Explosion"],"picked":"Adrenaline","floor":33},{"not_picked":["Dagger Spray","Flying Knee"],"picked":"Deadly Poison+1","floor":34},{"not_picked":["Dagger Throw","Dagger Spray+1"],"picked":"Prepared+1","floor":35},{"not_picked":["Sucker Punch","Slice+1"],"picked":"Doppelganger","floor":40}],"player_experience":908487,"relics_obtained":[{"floor":7,"key":"Tough Bandages"},{"floor":9,"key":"Whetstone"},{"floor":11,"key":"Smiling Mask"},{"floor":25,"key":"Frozen Egg 2"},{"floor":26,"key":"PreservedInsect"},{"floor":28,"key":"Blood Vial"},{"floor":31,"key":"Unceasing Top"},{"floor":40,"key":"Prayer Wheel"}],"event_choices":[{"cards_removed":["Defend_G"],"damage_healed":0,"gold_gain":0,"player_choice":"Card Removal","damage_taken":0,"max_hp_gain":0,"max_hp_loss":0,"event_name":"The Cleric","floor":12,"gold_loss":50},{"damage_healed":0,"gold_gain":175,"player_choice":"AGREE","damage_taken":0,"max_hp_gain":0,"max_hp_loss":0,"event_name":"Liars Game","floor":14,"gold_loss":0,"cards_obtained":["Doubt"]},{"damage_healed":0,"gold_gain":0,"player_choice":"Upgraded","damage_taken":0,"max_hp_gain":0,"max_hp_loss":0,"event_name":"Upgrade Shrine","floor":20,"gold_loss":0,"cards_upgraded":["Malaise"]},{"damage_healed":0,"gold_gain":0,"player_choice":"Got Potions","damage_taken":0,"max_hp_gain":0,"max_hp_loss":0,"event_name":"Lab","floor":24,"gold_loss":0},{"damage_healed":0,"gold_gain":0,"player_choice":"Simplicity","damage_taken":0,"max_hp_gain":0,"max_hp_loss":0,"event_name":"Back to Basics","floor":29,"gold_loss":0,"cards_upgraded":["Defend_G","Defend_G","Defend_G","Strike_G","Strike_G","Strike_G"]},{"damage_healed":0,"gold_gain":0,"player_choice":"Embrace Madness","damage_taken":9,"max_hp_gain":0,"max_hp_loss":0,"event_name":"Winding Halls","floor":36,"gold_loss":0,"cards_obtained":["Madness","Madness"]},{"damage_healed":0,"gold_gain":0,"player_choice":"Paid","damage_taken":0,"relics_obtained":["Red Mask"],"max_hp_gain":0,"max_hp_loss":0,"event_name":"Tomb of Lord Red Mask","floor":38,"gold_loss":50},{"cards_removed":["Madness"],"damage_healed":0,"gold_gain":0,"player_choice":"Removed Skill","damage_taken":0,"max_hp_gain":0,"max_hp_loss":0,"event_name":"Falling","floor":39,"gold_loss":0}],"is_beta":true,"boss_relics":[{"not_picked":["Runic Dome","Fusion Hammer"],"picked":"Cursed Key"},{"not_picked":["Calling Bell","Empty Cage"],"picked":"Tiny House"}],"items_purged_floors":[8,22,27,37],"is_endless":false,"potions_floor_spawned":[2,3,7,11,19,21,25,40],"killed_by":"Reptomancer","ascension_level":1}