{"path_per_floor":["M","M","M","?","M","R","M","?","T","R","$","T","M","M","R","B",null,"M","$","?","M","?","E","R","?","T","R","M","M","R","M","R","B",null,"M","M","?","?","$","M","T","M","T","R","M","M","?","M","R","B"],"character_chosen":"THE_SILENT","items_purchased":["Cloak And Dagger","Blade Dance","Well Laid Plans","Bronze Scales","Accuracy"],"gold_per_floor":[115,125,140,140,155,155,173,173,173,173,15,15,33,49,49,154,184,200,30,30,44,44,72,72,72,72,72,90,106,106,126,126,230,230,243,259,259,259,76,95,95,108,108,108,127,139,139,158,158,158],"floor_reached":51,"campfire_rested":1,"playtime":7557,"current_hp_per_floor":[67,61,61,61,49,49,49,49,49,49,49,49,33,33,33,20,75,62,62,62,54,54,39,39,23,23,45,59,63,63,68,68,58,75,75,62,62,75,75,61,61,56,56,56,66,75,75,68,68,3],"items_purged":["Defend_G","Strike_G"],"gold":158,"score":463,"play_id":"c7550e91-d130-4aa2-addb-054dedd534e9","is_prod":false,"is_daily":false,"is_ascension_mode":false,"campfire_upgraded":8,"path_taken":["M","M","M","?","M","R","?","?","T","R","$","?","M","M","R","BOSS","M","$","?","M","?","E","R","?","T","R","M","?","R","M","R","BOSS","M","?","?","?","$","M","?","M","T","R","M","M","?","M","R","BOSS"],"build_version":"2018-02-06-BETA1","purchased_purges":2,"victory":true,"master_deck":["Defend_G","Defend_G","Defend_G","Strike_G","Strike_G","Strike_G","Strike_G","Survivor","Neutralize+1","Poisoned Stab+1","Backflip","Malaise+1","Deadly Poison","Cloak And Dagger+1","Blade Dance","Outmaneuver","Adrenaline+1","Noxious Fumes+1","PiercingWail","Well Laid Plans","Flechettes","Cloak And Dagger+1","Blur+1","Flying Knee+1","Dash+1","After Image","Adrenaline","Acrobatics+1","Distraction+1","Bouncing Flask+1","PiercingWail+1"],"max_hp_per_floor":[70,70,70,70,70,70,70,70,70,70,70,70,70,70,70,70,75,75,75,75,75,75,75,75,75,75,75,75,75,75,75,75,75,75,75,75,75,75,75,75,75,75,75,75,75,75,75,75,75,75],"relics":["Ring of the Snake","Omamori","Bird Faced Urn","Oddly Smooth Stone","Shuriken","Tiny House","Calipers","Nilry\u0027s Codex","Gambling Chip","Sozu","Bronze Scales","Smiling Mask","Torii"],"card_choices":[{"not_picked":["Deflect","Outmaneuver"],"picked":"Poisoned Stab"},{"not_picked":["Acrobatics","Heel Hook"],"picked":"Backflip"},{"not_picked":["Poisoned Stab","Prepared"],"picked":"Malaise"},{"not_picked":["Dagger Throw","Riddle With Holes"],"picked":"Deadly Poison"},{"not_picked":["Sucker Punch","Flechettes"],"picked":"Outmaneuver"},{"not_picked":["Unload","Phantasmal Killer"],"picked":"Adrenaline"},{"not_picked":["Prepared","Flechettes"],"picked":"Noxious Fumes"},{"not_picked":["Prepared","Terror"],"picked":"PiercingWail"},{"not_picked":["Dagger Throw","Backstab"],"picked":"Flechettes"},{"not_picked":["Bane","Venomology"],"picked":"Cloak And Dagger"},{"not_picked":["Blade Dance","Backflip"],"picked":"Blur"},{"not_picked":["Backstab","Underhanded Strike"],"picked":"Flying Knee"},{"not_picked":["Prepared","Sucker Punch"],"picked":"Dash"},{"not_picked":["Doppelganger","Tactician"],"picked":"After Image"},{"not_picked":["Prepared","Malaise"],"picked":"Adrenaline"},{"not_picked":["Cloak And Dagger","Outmaneuver"],"picked":"Acrobatics"},{"not_picked":["Finisher","Dodge and Roll"],"picked":"Distraction"},{"not_picked":["Underhanded Strike","Acrobatics"],"picked":"Bouncing Flask"},{"not_picked":["Sucker Punch","Accuracy"],"picked":"PiercingWail"}],"player_experience":179402,"potions_floor_usage":[5,16,21,23,28,28,33],"damage_taken":[{"damage":3,"enemies":"Jaw Worm","floor":1,"turns":5},{"damage":6,"enemies":"Blue Slaver","floor":2,"turns":4},{"damage":0,"enemies":"2 Louse","floor":3,"turns":2},{"damage":12,"enemies":"Gremlin Gang","floor":5,"turns":5},{"damage":0,"enemies":"Exordium Wildlife","floor":7,"turns":4},{"damage":16,"enemies":"3 Louse","floor":13,"turns":3},{"damage":0,"enemies":"Exordium Thugs","floor":14,"turns":4},{"damage":13,"enemies":"The Guardian","floor":16,"turns":10},{"damage":13,"enemies":"Spheric Guardian","floor":18,"turns":5},{"damage":10,"enemies":"2 Thieves","floor":21,"turns":4},{"damage":19,"enemies":"Book of Stabbing","floor":23,"turns":7},{"damage":4,"enemies":"Snecko","floor":28,"turns":5},{"damage":0,"enemies":"Snake Plant","floor":29,"turns":7},{"damage":1,"enemies":"Centurion and Healer","floor":31,"turns":6},{"damage":18,"enemies":"Automaton","floor":33,"turns":12},{"damage":0,"enemies":"Flame Bruiser 1 Orb","floor":35,"turns":7},{"damage":15,"enemies":"Orb Walker","floor":36,"turns":4},{"damage":22,"enemies":"3 Darklings","floor":40,"turns":6},{"damage":17,"enemies":"Sphere and 2 Shapes","floor":42,"turns":6},{"damage":0,"enemies":"Maw","floor":45,"turns":7},{"damage":0,"enemies":"Flame Bruiser 2 Orb","floor":46,"turns":6},{"damage":15,"enemies":"Sphere and 2 Shapes","floor":48,"turns":6},{"damage":75,"enemies":"Awakened One","floor":50,"turns":16}],"event_choices":[{"event_name":"The Woman in Blue","player_choice":"Bought 0 Potions","floor":4,"damage_taken":0},{"event_name":"Big Fish","player_choice":"Box","floor":8,"damage_taken":0},{"event_name":"Beggar","player_choice":"Ignored","floor":20,"damage_taken":0},{"event_name":"Drug Dealer","player_choice":"Ignored","floor":22,"damage_taken":0},{"event_name":"Cursed Tome","player_choice":"Obtained Book","floor":25,"damage_taken":0},{"event_name":"Winding Halls","player_choice":"Writhe","floor":38,"damage_taken":0},{"event_name":"Bonfire Elementals","player_choice":"UNCOMMON","floor":47,"damage_taken":0}],"boss_relics":[{"not_picked":["White Beast Statue","Velvet Choker"],"picked":"Tiny House"},{"not_picked":["Calling Bell","Runic Pyramid"],"picked":"Sozu"}],"potions_floor_spawned":[3,14,16,18,23,33,36,42,46,48],"seed_played":"-405574414155782032","ascension_level":0,"is_trial":false}