{"path_per_floor":["M","?","?","?","?","$","R","M","T","M","R","E","M","M","R","B",null,"M","?","$","$","?","E","M","E","T","R","?","M","M","E","R"],"character_chosen":"THE_SILENT","items_purchased":["Backflip","Footwork","Singing Bowl"],"gold_per_floor":[112,112,112,112,62,9,9,22,22,36,36,75,98,119,119,248,248,261,261,188,34,34,75,96,136,161,161,161,186,200,240,240,240],"floor_reached":33,"campfire_rested":1,"playtime":1453,"current_hp_per_floor":[67,72,54,47,47,47,47,47,47,47,47,62,62,55,55,24,75,68,68,68,68,68,53,55,32,32,32,32,28,28,30,69,0],"items_purged":[],"gold":240,"score":353,"play_id":"62fb4655-be7e-4e8c-ab8c-b00a5ecb2c8c","local_time":"20180413081608","is_prod":false,"is_daily":false,"chose_seed":false,"is_ascension_mode":false,"campfire_upgraded":4,"timestamp":1523596568,"path_taken":["M","?","?","?","?","$","R","M","T","M","R","E","M","M","R","BOSS","M","?","?","$","?","E","M","E","T","R","?","M","M","E","R","BOSS"],"build_version":"2018-04-12","seed_source_timestamp":45706350422015,"purchased_purges":0,"victory":false,"master_deck":["Survivor","Neutralize","Dagger Throw","Backflip+1","Backstab","Dash+1","Glass Knife+1","Bouncing Flask","Quick Slash","Burst","Outmaneuver","Cloak And Dagger+1","Bouncing Flask","Dash","Flying Knee","Deflect","Poisoned Stab","Prepared","Riddle With Holes","Footwork","Deadly Poison","Cloak And Dagger+1","Cloak And Dagger+1"],"max_hp_per_floor":[70,75,75,75,75,75,75,75,75,75,75,75,75,75,75,75,75,75,75,75,75,75,75,77,77,77,77,77,79,81,83,83,83],"relics":["Ring of the Snake","Bronze Scales","Golden Idol","Bottled Lightning","Omamori","Pandora\u0027s Box","Singing Bowl","Letter Opener","Tough Bandages","Regal Pillow","Smiling Mask","Matryoshka"],"card_choices":[{"not_picked":["All Out Attack","Catalyst"],"picked":"Dagger Throw","floor":1},{"not_picked":["Poisoned Stab","Sucker Punch"],"picked":"Backstab","floor":8},{"not_picked":["Outmaneuver","Dagger Spray"],"picked":"Dash","floor":10},{"not_picked":["Escape Plan","Acrobatics"],"picked":"Glass Knife","floor":12},{"not_picked":["Acrobatics","Concentrate"],"picked":"Bouncing Flask","floor":13},{"not_picked":["Finisher","Bane"],"picked":"Quick Slash","floor":14},{"not_picked":["Night Terror","Corpse Explosion"],"picked":"Burst","floor":16},{"not_picked":["Deflect","Eviscerate"],"picked":"Riddle With Holes","floor":18},{"not_picked":["Bane","All Out Attack"],"picked":"Cloak And Dagger","floor":23},{"not_picked":["Slice","Escape Plan"],"picked":"Cloak And Dagger","floor":25}],"player_experience":343088,"potions_floor_usage":[12,23,23,25,31,33],"damage_taken":[{"damage":3,"enemies":"Jaw Worm","floor":1,"turns":5},{"damage":0,"enemies":"Small Slimes","floor":8,"turns":3},{"damage":0,"enemies":"2 Louse","floor":10,"turns":2},{"damage":0,"enemies":"3 Sentries","floor":12,"turns":7},{"damage":0,"enemies":"Exordium Wildlife","floor":13,"turns":3},{"damage":7,"enemies":"Large Slime","floor":14,"turns":5},{"damage":31,"enemies":"The Guardian","floor":16,"turns":10},{"damage":7,"enemies":"Shell Parasite","floor":18,"turns":3},{"damage":15,"enemies":"Book of Stabbing","floor":23,"turns":4},{"damage":0,"enemies":"3 Byrds","floor":24,"turns":4},{"damage":23,"enemies":"Slavers","floor":25,"turns":5},{"damage":6,"enemies":"3 Cultists","floor":29,"turns":5},{"damage":2,"enemies":"Centurion and Healer","floor":30,"turns":6},{"damage":0,"enemies":"Gremlin Leader","floor":31,"turns":8},{"damage":70,"enemies":"Champ","floor":33,"turns":11}],"event_choices":[{"event_name":"Big Fish","player_choice":"Donut","floor":2,"damage_taken":0},{"event_name":"Golden Idol","player_choice":"Take Damage","floor":3,"damage_taken":0},{"event_name":"Golden Wing","player_choice":"Card Removal","floor":4,"damage_taken":0},{"event_name":"The Cleric","player_choice":"Card Removal","floor":5,"damage_taken":0},{"event_name":"Vampires","player_choice":"Ignored","floor":19,"damage_taken":0},{"event_name":"The Library","player_choice":"Read","floor":22,"damage_taken":0},{"event_name":"The Mausoleum","player_choice":"Yes","floor":28,"damage_taken":0}],"boss_relics":[{"not_picked":["Velvet Choker","Orrery"],"picked":"Pandora\u0027s Box"}],"potions_floor_spawned":[8,13,16,18,25,31],"seed_played":"-8198191449636545887","killed_by":"Champ","ascension_level":0,"is_trial":false}