{"gold_per_floor":[112,127,127,151,27,27,102,146,225,225,263,263],"floor_reached":12,"playtime":317,"items_purged":[],"score":172,"play_id":"eb95b4ad-eae5-4ee2-8c8c-dab145e79fa1","local_time":"20190803145459","is_ascension_mode":true,"campfire_choices":[{"data":"Footwork","floor":6,"key":"SMITH"},{"floor":10,"key":"REST"}],"neow_cost":"NONE","seed_source_timestamp":75417846656699,"circlet_count":0,"master_deck":["AscendersBane","Strike_G","Strike_G","Strike_G","Strike_G","Strike_G","Defend_G","Defend_G","Defend_G","Defend_G","Defend_G","Survivor","Neutralize+1","Slice","Footwork+1","All Out Attack","Backstab","Deadly Poison"],"relics":["Ring of the Snake","Golden Idol","Bronze Scales","Blue Candle","Gremlin Horn"],"potions_floor_usage":[11],"damage_taken":[{"damage":2,"enemies":"Small Slimes","floor":1,"turns":6},{"damage":0,"enemies":"2 Louse","floor":2,"turns":4},{"damage":0,"enemies":"Jaw Worm","floor":4,"turns":5},{"damage":34,"enemies":"3 Sentries","floor":8,"turns":9},{"damage":19,"enemies":"Lagavulin","floor":11,"turns":7}],"seed_played":"4539249166857932501","potions_obtained":[{"floor":4,"key":"Fire Potion"},{"floor":8,"key":"Ancient Potion"},{"floor":11,"key":"Dexterity Potion"}],"is_trial":false,"path_per_floor":["M","M","?","M","$","R","?","E","T","R","E","?"],"character_chosen":"THE_SILENT","items_purchased":["Footwork","All Out Attack"],"campfire_rested":1,"item_purchase_floors":[5,5],"current_hp_per_floor":[57,57,57,57,57,57,46,12,12,30,11,0],"gold":263,"neow_bonus":"UPGRADE_CARD","is_prod":false,"is_daily":false,"chose_seed":false,"campfire_upgraded":1,"win_rate":0,"timestamp":1564869299,"path_taken":["M","M","?","M","$","R","?","E","T","R","E","?"],"build_version":"2019-07-17","purchased_purges":0,"victory":false,"max_hp_per_floor":[66,66,60,60,60,60,60,60,60,60,60,60],"card_choices":[{"not_picked":["Eviscerate","Acrobatics"],"picked":"Slice","floor":1},{"not_picked":["Backflip","Acrobatics","Riddle With Holes"],"picked":"SKIP","floor":2},{"not_picked":["Underhanded Strike","Accuracy","Deflect"],"picked":"SKIP","floor":4},{"not_picked":["Deadly Poison","Deflect"],"picked":"Backstab","floor":8},{"not_picked":["Flying Knee","Acrobatics"],"picked":"Deadly Poison","floor":11}],"player_experience":855869,"relics_obtained":[{"floor":8,"key":"Bronze Scales"},{"floor":9,"key":"Blue Candle"},{"floor":11,"key":"Gremlin Horn"}],"event_choices":[{"damage_healed":0,"gold_gain":0,"player_choice":"Lose Max HP","damage_taken":0,"relics_obtained":["Golden Idol"],"max_hp_gain":0,"max_hp_loss":6,"event_name":"Golden Idol","floor":3,"gold_loss":0},{"damage_healed":0,"gold_gain":75,"player_choice":"Gather Gold","damage_taken":11,"max_hp_gain":0,"max_hp_loss":0,"event_name":"World of Goop","floor":7,"gold_loss":0}],"is_beta":false,"boss_relics":[],"items_purged_floors":[],"is_endless":false,"potions_floor_spawned":[4,8,11],"ascension_level":20}