{"path_per_floor":["M","?","M","$","T","R","T","M","T","?","M","E","R","M","R","B",null,"M","?","$","?","M","R","$","R","T","R","M","M","R","$","R","B",null,"M","M","?","?","M","R","E","M","T","R","M","R","?","?","R","B"],"character_chosen":"IRONCLAD","items_purchased":["Apotheosis","Juzu Bracelet"],"gold_per_floor":[119,69,82,7,37,37,92,106,106,106,123,151,151,168,168,263,263,246,246,42,42,60,60,60,60,130,130,140,156,156,2,2,106,106,119,139,139,0,20,20,54,69,69,69,80,80,80,80,80,80],"floor_reached":51,"campfire_rested":2,"playtime":1976,"current_hp_per_floor":[53,53,57,57,57,57,57,55,55,36,42,26,54,47,47,33,96,91,72,72,72,67,67,67,67,67,67,69,72,72,72,72,18,101,101,101,88,88,69,69,61,49,49,49,29,59,59,59,59,58],"items_purged":["Strike_R"],"gold":80,"score":573,"play_id":"8ab90abd-0f3c-4f62-a753-9b6eb805b434","local_time":"20180302082843","is_prod":false,"is_daily":false,"is_ascension_mode":false,"campfire_upgraded":10,"timestamp":1519968523,"path_taken":["M","?","?","$","?","R","?","M","T","?","M","E","R","M","R","BOSS","M","?","$","?","?","R","$","R","T","R","M","?","R","$","R","BOSS","M","M","?","?","M","R","E","M","T","R","M","R","?","?","R","BOSS"],"build_version":"2018-03-01-BETA2","purchased_purges":1,"victory":true,"master_deck":["Strike_R","Strike_R+1","Defend_R","Defend_R","Defend_R","Defend_R","Bash","Searing Blow+9","Armaments+1","Uppercut","Shrug It Off","True Grit","Metallicize","Immolate","Seeing Red","Apotheosis","Shockwave","Offering","Madness","Madness","Power Through+1"],"max_hp_per_floor":[96,96,96,96,96,96,96,96,96,96,96,96,96,96,96,96,96,96,101,101,101,101,101,101,101,101,101,101,101,101,101,101,101,101,101,101,101,101,101,101,101,101,101,101,101,101,101,101,101,101],"relics":["Burning Blood","Tiny Chest","Orichalcum","Anchor","Darkstone Periapt","Sozu","Letter Opener","Juzu Bracelet","Lizard Tail","Red Mask","Sundial","Pantograph"],"card_choices":[{"not_picked":["Flex","Hemokinesis"],"picked":"Searing Blow"},{"not_picked":["Wild Strike","Infernal Blade"],"picked":"Armaments"},{"not_picked":["Armaments","Perfected Strike"],"picked":"Uppercut"},{"not_picked":["Thunderclap","Twin Strike"],"picked":"Shrug It Off"},{"not_picked":["Dual Wield","Rupture"],"picked":"True Grit"},{"not_picked":["Thunderclap","Warcry"],"picked":"Metallicize"},{"not_picked":["Demon Form","Feed"],"picked":"Immolate"},{"not_picked":["Thunderclap","Sentinel"],"picked":"Seeing Red"},{"not_picked":["Havoc","Perfected Strike"],"picked":"Shockwave"},{"not_picked":["Demon Form","Fiend Fire"],"picked":"Offering"},{"not_picked":["Heavy Blade","Perfected Strike"],"picked":"Power Through"}],"player_experience":249497,"potions_floor_usage":[16,16],"damage_taken":[{"damage":1,"enemies":"2 Louse","floor":1,"turns":4},{"damage":2,"enemies":"Small Slimes","floor":3,"turns":4},{"damage":8,"enemies":"Jaw Worm","floor":8,"turns":4},{"damage":0,"enemies":"Gremlin Gang","floor":11,"turns":8},{"damage":22,"enemies":"Gremlin Nob","floor":12,"turns":5},{"damage":13,"enemies":"Lots of Slimes","floor":14,"turns":11},{"damage":20,"enemies":"The Guardian","floor":16,"turns":13},{"damage":11,"enemies":"2 Thieves","floor":18,"turns":4},{"damage":11,"enemies":"Spheric Guardian","floor":22,"turns":7},{"damage":4,"enemies":"Slaver and Parasite","floor":28,"turns":5},{"damage":3,"enemies":"Snecko","floor":29,"turns":5},{"damage":60,"enemies":"Collector","floor":33,"turns":11},{"damage":4,"enemies":"3 Shapes","floor":35,"turns":6},{"damage":4,"enemies":"Flame Bruiser 1 Orb","floor":36,"turns":6},{"damage":25,"enemies":"Sphere and 2 Shapes","floor":39,"turns":6},{"damage":14,"enemies":"Nemesis","floor":41,"turns":9},{"damage":18,"enemies":"Maw","floor":42,"turns":7},{"damage":26,"enemies":"Flame Bruiser 2 Orb","floor":45,"turns":4},{"damage":32,"enemies":"Awakened One","floor":50,"turns":10}],"event_choices":[{"event_name":"The Cleric","player_choice":"Card Removal","floor":2,"damage_taken":0},{"event_name":"Shining Light","player_choice":"Entered Light","floor":10,"damage_taken":0},{"event_name":"Forgotten Altar","player_choice":"Shed Blood","floor":19,"damage_taken":0},{"event_name":"Drug Dealer","player_choice":"Ignored","floor":21,"damage_taken":0},{"event_name":"Winding Halls","player_choice":"Embrace Madness","floor":37,"damage_taken":0},{"event_name":"Tomb of Lord Red Mask","player_choice":"Paid","floor":38,"damage_taken":0},{"event_name":"Mysterious Sphere","player_choice":"Ignore","floor":47,"damage_taken":0}],"boss_relics":[{"not_picked":["Cursed Key","Velvet Choker"],"picked":"Sozu"},{"not_picked":["Runic Cube","Question Card"],"picked":"Lizard Tail"}],"potions_floor_spawned":[12,14,16,18,28,39,41],"seed_played":"-2924558871342327349","ascension_level":0,"is_trial":false}