{"gold_per_floor":[118,118,118,118,131,165,13,57,57,76,76,95,119,155,155,281,281,299,299,10,28,49,49,63,106,159,159,159,175,175,175,175,305,305,325,325,343,368,389,389,389,48,74,407,417,434,447,447,447,447],"floor_reached":50,"playtime":3205,"items_purged":["Poisoned Stab","Shame"],"score":649,"play_id":"dee6abe0-eb0c-4550-a69f-e81df3590fd4","local_time":"20180814061629","is_ascension_mode":false,"campfire_choices":[{"data":"Riddle With Holes","floor":11.0,"key":"SMITH"},{"data":"Dagger Spray","floor":15.0,"key":"SMITH"},{"data":"Choke","floor":23.0,"key":"SMITH"},{"data":"Bullet Time","floor":28.0,"key":"SMITH"},{"data":"Leg Sweep","floor":30.0,"key":"SMITH"},{"floor":32.0,"key":"REST"},{"data":"Malaise","floor":40.0,"key":"SMITH"},{"floor":49.0,"key":"REST"}],"neow_cost":"NONE","seed_source_timestamp":0,"circlet_count":0,"master_deck":["Defend_G","Defend_G","Defend_G","Defend_G","Defend_G","Strike_G","Strike_G","Strike_G","Strike_G","Survivor","Neutralize+1","Riddle With Holes+1","Quick Slash","Choke+1","Predator","All Out Attack","Poisoned Stab","Dagger Throw","Slice","Dagger Spray+1","Bullet Time+1","Well Laid Plans","Ghostly","Ghostly","Ghostly","Ghostly","Ghostly","Acrobatics","Dodge and Roll+1","Setup+1","Deflect","Footwork+1","Leg Sweep+1","Corpse Explosion","Concentrate","Backflip+1","PiercingWail","Malaise+1","Regret","Cloak And Dagger+1","Caltrops+1","Wraith Form v2+1","Reflex+1","Backflip+1","Prepared+1","Chrysalis","Trip"],"special_seed":0,"relics":["Ring of the Snake","NeowsBlessing","Ornamental Fan","Pen Nib","Anchor","Odd Mushroom","Cursed Key","Toolbox","Frozen Egg 2","Lantern","Sozu","Prayer Wheel","Paper Crane","Centennial Puzzle"],"potions_floor_usage":[],"damage_taken":[{"damage":0.0,"enemies":"Cultist","floor":1.0,"turns":1.0},{"damage":0.0,"enemies":"Small Slimes","floor":5.0,"turns":1.0},{"damage":0.0,"enemies":"Gremlin Nob","floor":6.0,"turns":1.0},{"damage":26.0,"enemies":"3 Sentries","floor":8.0,"turns":8.0},{"damage":0.0,"enemies":"2 Louse","floor":10.0,"turns":2.0},{"damage":0.0,"enemies":"2 Fungi Beasts","floor":12.0,"turns":2.0},{"damage":3.0,"enemies":"Gremlin Gang","floor":13.0,"turns":4.0},{"damage":0.0,"floor":14.0,"turns":1.0},{"damage":0.0,"enemies":"Slime Boss","floor":16.0,"turns":5.0},{"damage":0.0,"enemies":"2 Thieves","floor":18.0,"turns":2.0},{"damage":6.0,"enemies":"3 Byrds","floor":21.0,"turns":5.0},{"damage":2.0,"enemies":"Sentry and Sphere","floor":22.0,"turns":4.0},{"damage":0.0,"enemies":"Snecko","floor":24.0,"turns":3.0},{"damage":8.0,"enemies":"Slavers","floor":25.0,"turns":5.0},{"damage":3.0,"enemies":"3 Cultists","floor":29.0,"turns":6.0},{"damage":12.0,"enemies":"Collector","floor":33.0,"turns":15.0},{"damage":0.0,"enemies":"3 Shapes","floor":35.0,"turns":4.0},{"damage":0.0,"enemies":"Flame Bruiser 1 Orb","floor":37.0,"turns":8.0},{"damage":4.0,"enemies":"4 Shapes","floor":38.0,"turns":5.0},{"damage":3.0,"enemies":"Spire Growth","floor":39.0,"turns":7.0},{"damage":0.0,"floor":41.0,"turns":5.0},{"damage":14.0,"enemies":"Snecko and Mystics","floor":45.0,"turns":8.0},{"damage":0.0,"enemies":"Transient","floor":46.0,"turns":5.0},{"damage":2.0,"enemies":"4 Shapes","floor":47.0,"turns":7.0},{"damage":33,"enemies":"Time Eater","floor":50,"turns":14}],"seed_played":"-401147470124812980","potions_obtained":[{"floor":1.0,"key":"SpeedPotion"},{"floor":10.0,"key":"SteroidPotion"},{"floor":12.0,"key":"Regen Potion"},{"floor":13.0,"key":"Dexterity Potion"},{"floor":22.0,"key":"Explosive Potion"},{"floor":24.0,"key":"Block Potion"},{"floor":29.0,"key":"Dexterity Potion"}],"is_trial":false,"path_per_floor":["M","?","?","?","M","E","$","E","T","M","R","M","M","?","R","B",null,"M","?","$","M","M","R","M","E","T","?","R","M","R","?","R","B",null,"M","?","M","M","M","R","?","$","T","?","M","M","M","?","R"],"character_chosen":"THE_SILENT","items_purchased":["Predator","All Out Attack","Toolbox","Acrobatics","Paper Crane"],"campfire_rested":2,"item_purchase_floors":[7,7,20,20,42],"current_hp_per_floor":[70,53,53,53,53,53,53,27,27,27,27,27,36,36,36,36,70,70,35,35,29,27,27,27,19,19,19,19,20,20,16,28,16,40,40,40,40,36,33,33,33,33,33,33,19,19,17,12,24,0],"gold":447,"neow_bonus":"THREE_ENEMY_KILL","is_prod":false,"is_daily":false,"chose_seed":false,"campfire_upgraded":6,"win_rate":0,"timestamp":1534216589,"path_taken":["M","?","?","?","M","E","$","E","T","M","R","M","?","?","R","BOSS","M","?","?","M","M","R","M","E","T","?","R","?","R","?","R","BOSS","M","?","?","M","M","R","?","$","T","?","M","?","M","?","R","BOSS"],"build_version":"2018-08-08","purchased_purges":2,"victory":false,"max_hp_per_floor":[70,70,70,70,70,70,70,70,70,70,70,70,70,70,70,70,70,70,35,35,35,35,35,35,35,35,35,35,35,35,40,40,40,40,40,40,40,40,40,40,40,40,40,40,40,40,40,40,40,40],"card_choices":[{"not_picked":["Crippling Poison","Poisoned Stab"],"picked":"Riddle With Holes","floor":1.0},{"not_picked":["Outmaneuver","Prepared"],"picked":"Quick Slash","floor":5.0},{"not_picked":["Flechettes","Blur"],"picked":"Choke","floor":6.0},{"not_picked":["Flying Knee","Catalyst"],"picked":"Poisoned Stab","floor":8.0},{"not_picked":["Reflex","Bane"],"picked":"Poisoned Stab","floor":10.0},{"not_picked":["Storm of Steel","All Out Attack"],"picked":"Dagger Throw","floor":12.0},{"not_picked":["Predator","PiercingWail"],"picked":"Slice","floor":13.0},{"not_picked":["PiercingWail","Sucker Punch"],"picked":"Dagger Spray","floor":14.0},{"not_picked":["Doppelganger","Tools of the Trade"],"picked":"Bullet Time","floor":16.0},{"not_picked":["Quick Slash","Finisher"],"picked":"Well Laid Plans","floor":18.0},{"not_picked":["Blade Dance","Acrobatics"],"picked":"Dodge and Roll+1","floor":21.0},{"not_picked":["Quick Slash","Deadly Poison"],"picked":"Setup+1","floor":22.0},{"not_picked":["Quick Slash","Poisoned Stab+1"],"picked":"Deflect","floor":24.0},{"not_picked":["Finisher","Blur"],"picked":"Footwork+1","floor":25.0},{"not_picked":["Acrobatics","Prepared"],"picked":"Leg Sweep","floor":29.0},{"not_picked":["Doppelganger","Venomology"],"picked":"Corpse Explosion","floor":33.0},{"not_picked":["Dagger Throw","Acrobatics"],"picked":"Concentrate","floor":35.0},{"not_picked":["Deadly Poison","Sucker Punch+1"],"picked":"Backflip+1","floor":37.0},{"not_picked":["Outmaneuver","Quick Slash+1"],"picked":"PiercingWail","floor":38.0},{"not_picked":["Deadly Poison","Eviscerate"],"picked":"Malaise","floor":39.0},{"not_picked":["Sucker Punch","Quick Slash+1"],"picked":"Cloak And Dagger+1","floor":45.0},{"not_picked":["Concentrate","Dodge and Roll+1"],"picked":"Caltrops+1","floor":45.0},{"not_picked":["Concentrate+1","Deflect"],"picked":"Wraith Form v2+1","floor":46.0},{"not_picked":["Poisoned Stab","Sucker Punch"],"picked":"Reflex+1","floor":46.0},{"not_picked":["Skewer","Dagger Throw+1"],"picked":"Backflip+1","floor":47.0},{"not_picked":["Dodge and Roll+1","Eviscerate"],"picked":"Prepared+1","floor":47.0},{"not_picked":["Secret Weapon","Finesse"],"picked":"Chrysalis","floor":48.0},{"not_picked":["Flash of Steel","Dark Shackles"],"picked":"Trip","floor":48.0}],"player_experience":630813,"relics_obtained":[{"floor":6.0,"key":"Ornamental Fan"},{"floor":8.0,"key":"Pen Nib"},{"floor":9.0,"key":"Anchor"},{"floor":14.0,"key":"Odd Mushroom"},{"floor":25.0,"key":"Frozen Egg 2"},{"floor":26.0,"key":"Lantern"},{"floor":41.0,"key":"Prayer Wheel"},{"floor":43.0,"key":"Centennial Puzzle"}],"event_choices":[{"event_name":"Golden Idol","player_choice":"Take Damage","floor":2.0,"damage_taken":0.0},{"event_name":"Bonfire Elementals","player_choice":"BASIC","floor":3.0,"damage_taken":0.0},{"event_name":"Living Wall","player_choice":"Grow","floor":4.0,"damage_taken":0.0},{"event_name":"Mushrooms","player_choice":"Fought Mushrooms","floor":14.0,"damage_taken":0.0},{"event_name":"Ghosts","player_choice":"Became a Ghost","floor":19.0,"damage_taken":0.0},{"event_name":"Transmorgrifier","player_choice":"Transform","floor":27.0,"damage_taken":0.0},{"event_name":"Forgotten Altar","player_choice":"Shed Blood","floor":31.0,"damage_taken":0.0},{"event_name":"The Woman in Blue","player_choice":"Bought 0 Potions","floor":36.0,"damage_taken":0.0},{"event_name":"MindBloom","player_choice":"Fight","floor":41.0,"damage_taken":0.0},{"event_name":"The Moai Head","player_choice":"Gave Idol","floor":44.0,"damage_taken":0.0},{"event_name":"SensoryStone","player_choice":"Memory 2","floor":48.0,"damage_taken":0.0}],"is_beta":true,"boss_relics":[{"not_picked":["HoveringKite","Ectoplasm"],"picked":"Cursed Key"},{"not_picked":["Astrolabe","Black Star"],"picked":"Sozu"}],"items_purged_floors":[20,42],"is_endless":false,"potions_floor_spawned":[1,10,12,13,22,24,29,35,37,39,46],"killed_by":"Time Eater","ascension_level":0}