{"path_per_floor":["M","M","M","?","M","R","M","E","T","?","R","?","$","M","R","B",null,"M","M","?","M","?","E","R","E","T","M","$","R","M","M","R","B",null,"M","?","M","M","M","R","$","?","T","R","?","R","M","E","R","B"],"character_chosen":"IRONCLAD","items_purchased":["Blood Vial","Dropkick","Bag of Preparation","Whetstone","Regen Potion"],"gold_per_floor":[116,128,139,139,156,156,167,200,226,226,226,226,37,48,48,144,144,157,174,174,191,116,147,147,180,227,240,17,17,35,53,53,151,151,169,169,189,205,224,224,27,77,77,77,0,0,20,53,53,53],"floor_reached":51,"campfire_rested":0,"playtime":2452,"current_hp_per_floor":[81,72,68,68,74,74,80,55,55,55,55,36,36,33,33,10,93,93,93,93,84,84,75,75,64,64,76,76,76,82,84,84,32,107,98,85,63,71,51,63,63,61,61,73,73,85,91,96,108,105],"items_purged":["Bite"],"gold":53,"score":619,"play_id":"549d1f8d-74e5-4b7b-8046-e245dd0d072e","is_prod":false,"is_daily":false,"is_ascension_mode":false,"campfire_upgraded":6,"path_taken":["M","?","?","?","?","R","M","E","T","?","R","?","$","M","R","BOSS","M","?","?","?","?","E","R","E","T","M","$","R","?","M","R","BOSS","M","?","?","M","?","R","$","?","T","R","?","R","M","E","R","BOSS"],"build_version":"2018-02-08-BETA1","purchased_purges":1,"victory":true,"master_deck":["Defend_R","Defend_R","Defend_R","Bash+1","Thunderclap","Cleave+1","Ghostly Armor","Twin Strike","Flame Barrier","Body Slam+1","Dropkick","Blood for Blood+1","Offering","Shrug It Off","Corruption+1","Bite+1","Bite","Bite","Iron Wave","Metallicize+1","Double Tap+1","Fire Breathing+1","Disarm","Dark Embrace+1","Clash+1","Madness","Madness","Sentinel","Carnage+1","Rupture+1","Iron Wave+1","Shockwave+1"],"max_hp_per_floor":[96,96,96,93,93,93,93,93,93,93,93,93,93,93,93,93,93,93,93,93,93,93,107,107,107,107,107,107,107,107,107,107,107,107,107,107,107,107,107,107,107,107,107,107,107,107,107,109,109,109],"relics":["Burning Blood","Shovel","Happy Flower","Ice Cream","Vajra","Mark of Pain","Mango","Champion Belt","Gremlin Horn","Omamori","Bag of Preparation","Shuriken","Eternal Feather","Whetstone","Calipers","Ginger","Red Mask","Singing Bowl"],"card_choices":[{"not_picked":["Metallicize","Sword Boomerang"],"picked":"Thunderclap"},{"not_picked":["Heavy Blade","Headbutt"],"picked":"Cleave"},{"not_picked":["Twin Strike","Wild Strike"],"picked":"Ghostly Armor"},{"not_picked":["Shrug It Off","Warcry"],"picked":"Twin Strike"},{"not_picked":["True Grit","Pummel"],"picked":"Flame Barrier"},{"not_picked":["Anger","Feel No Pain"],"picked":"Body Slam"},{"not_picked":["Whirlwind","Twin Strike"],"picked":"Blood for Blood"},{"not_picked":["Exhume","Berserk"],"picked":"Offering"},{"not_picked":["Burning Pact","True Grit"],"picked":"Shrug It Off"},{"not_picked":["Warcry","Intimidate"],"picked":"Corruption"},{"not_picked":["Heavy Blade","Pommel Strike"],"picked":"Iron Wave"},{"not_picked":["Blood for Blood","Flex"],"picked":"Metallicize"},{"not_picked":["Combust","Reckless Charge"],"picked":"Double Tap"},{"not_picked":["Feel No Pain","Reckless Charge"],"picked":"Fire Breathing"},{"not_picked":["Wild Strike","True Grit"],"picked":"Disarm"},{"not_picked":["Double Tap","Brutality"],"picked":"Dark Embrace"},{"not_picked":["Wild Strike","Cleave"],"picked":"Clash"},{"not_picked":["Warcry","Body Slam"],"picked":"Sentinel"},{"not_picked":["Clothesline","Body Slam"],"picked":"Carnage"},{"not_picked":["Rampage","Battle Trance"],"picked":"Rupture"},{"not_picked":["Perfected Strike","Power Through"],"picked":"Iron Wave"},{"not_picked":["Thunderclap","Reaper"],"picked":"Shockwave"}],"player_experience":206990,"potions_floor_usage":[5,8,16,16,19,33,33,42,42,50,50],"damage_taken":[{"damage":21,"enemies":"Blue Slaver","floor":1,"turns":6},{"damage":15,"enemies":"Cultist","floor":2,"turns":4},{"damage":10,"enemies":"Jaw Worm","floor":3,"turns":4},{"damage":0,"enemies":"Lots of Slimes","floor":5,"turns":2},{"damage":0,"enemies":"3 Louse","floor":7,"turns":3},{"damage":31,"enemies":"Lagavulin","floor":8,"turns":6},{"damage":11,"enemies":"Gremlin Gang","floor":14,"turns":5},{"damage":31,"enemies":"The Guardian","floor":16,"turns":8},{"damage":6,"enemies":"Shell Parasite","floor":18,"turns":2},{"damage":4,"enemies":"Chosen","floor":19,"turns":2},{"damage":23,"enemies":"Centurion and Healer","floor":21,"turns":5},{"damage":35,"enemies":"Gremlin Leader","floor":23,"turns":5},{"damage":27,"enemies":"Book of Stabbing","floor":25,"turns":5},{"damage":4,"enemies":"3 Cultists","floor":27,"turns":4},{"damage":10,"enemies":"Snecko","floor":30,"turns":5},{"damage":14,"enemies":"Slaver and Parasite","floor":31,"turns":6},{"damage":68,"enemies":"Automaton","floor":33,"turns":8},{"damage":19,"enemies":"Orb Walker","floor":35,"turns":5},{"damage":32,"enemies":"3 Shapes","floor":37,"turns":4},{"damage":4,"enemies":"3 Darklings","floor":38,"turns":3},{"damage":32,"enemies":"Spire Growth","floor":39,"turns":5},{"damage":21,"enemies":"Mysterious Sphere","floor":42,"turns":3},{"damage":10,"enemies":"4 Shapes","floor":47,"turns":4},{"damage":13,"enemies":"Nemesis","floor":48,"turns":6},{"damage":20,"enemies":"Donu and Deca","floor":50,"turns":6}],"event_choices":[{"event_name":"Living Wall","player_choice":"Forget","floor":4,"damage_taken":0},{"event_name":"Purifier","player_choice":"One Purge","floor":10,"damage_taken":0},{"event_name":"Shining Light","player_choice":"Entered Light","floor":12,"damage_taken":0},{"event_name":"Vampires","player_choice":"Became a vampire (Vial)","floor":20,"damage_taken":0},{"event_name":"Beggar","player_choice":"Gave Gold","floor":22,"damage_taken":0},{"event_name":"Winding Halls","player_choice":"Embrace Madness","floor":36,"damage_taken":0},{"event_name":"Mysterious Sphere","player_choice":"Fight","floor":42,"damage_taken":0},{"event_name":"Tomb of Lord Red Mask","player_choice":"Paid","floor":45,"damage_taken":0}],"boss_relics":[{"not_picked":["Pandora\u0027s Box","Runic Cube"],"picked":"Mark of Pain"},{"not_picked":["Tiny House","Sozu"],"picked":"Eternal Feather"}],"potions_floor_spawned":[1,3,8,14,18,27,30,38,39,42,47,48],"seed_played":"-2953596886852437982","ascension_level":0,"is_trial":false}