{"path_per_floor":["M","M","?","?","?","R","T","E","T","$","R","E","?","M","R","B",null,"M","M","?","?","?","R","$","M","T","?","M","E","?","M","R"],"character_chosen":"THE_SILENT","items_purchased":["Juzu Bracelet","Footwork"],"gold_per_floor":[115,132,132,132,132,132,132,175,175,24,24,60,10,34,34,163,163,176,167,90,90,90,90,30,45,95,95,114,141,141,161,161,161],"floor_reached":33,"campfire_rested":1,"playtime":2065,"item_purchase_floors":[10,10],"current_hp_per_floor":[69,69,52,52,45,45,45,45,45,45,45,41,41,41,41,41,70,70,45,45,39,39,39,39,37,37,37,51,33,17,33,55,0],"items_purged":["Regret"],"gold":161,"score":346,"play_id":"c7ab0cbe-3ac6-483b-bda5-3fbd9f7b8422","local_time":"20180614205330","is_prod":false,"is_daily":false,"chose_seed":false,"is_ascension_mode":false,"campfire_upgraded":4,"win_rate":0,"timestamp":1528998810,"campfire_choices":[{"data":"Dash","floor":6,"key":"SMITH"},{"data":"Blur","floor":11,"key":"SMITH"},{"data":"Footwork","floor":15,"key":"SMITH"},{"data":"RitualDagger","floor":23,"key":"SMITH"},{"floor":32,"key":"REST"}],"path_taken":["M","M","?","?","?","R","?","E","T","?","R","E","?","M","R","BOSS","M","M","?","?","?","R","$","M","T","?","M","E","?","M","R","BOSS"],"build_version":"2018-06-13v3","seed_source_timestamp":438400034592654,"purchased_purges":1,"victory":false,"master_deck":["Defend_G","Defend_G","Defend_G","Defend_G","Strike_G+1","Strike_G+1","Strike_G","Survivor","Neutralize","Dash+1","Blur+1","Dagger Spray","Footwork+1","Prepared","Dagger Throw","A Thousand Cuts","Decay","Distraction","Flying Knee","J.A.X.","RitualDagger+1","Deflect","Calculated Gamble"],"max_hp_per_floor":[70,70,70,70,70,70,70,70,70,70,70,70,70,70,70,70,70,70,70,70,70,70,70,70,70,70,70,70,72,72,74,74,74],"relics":["Ring of the Snake","Whetstone","Bloody Idol","The Courier","Pen Nib","Happy Flower","Juzu Bracelet","Mummified Hand","Calling Bell","Oddly Smooth Stone","Meat on the Bone","Ginger","Bag of Marbles","Singing Bowl","Nilry\u0027s Codex"],"card_choices":[{"not_picked":["Cloak And Dagger","Underhanded Strike"],"picked":"Dash","floor":1},{"not_picked":["Deflect","Setup"],"picked":"Blur","floor":2},{"not_picked":["Accuracy","Sucker Punch"],"picked":"Dagger Spray","floor":8},{"not_picked":["Unload","Prepared","Skewer"],"picked":"SKIP","floor":12},{"not_picked":["Unload","Skewer"],"picked":"Prepared","floor":12},{"not_picked":["Finisher","Eviscerate"],"picked":"Dagger Throw","floor":14},{"not_picked":["Storm of Steel","Grand Finale"],"picked":"A Thousand Cuts","floor":16},{"not_picked":["Prepared","Riddle With Holes"],"picked":"Distraction","floor":18},{"not_picked":["Choke","Bane"],"picked":"Flying Knee","floor":19},{"not_picked":["Poisoned Stab","Backflip"],"picked":"Deflect","floor":25},{"not_picked":["Prepared","Flying Knee"],"picked":"Calculated Gamble","floor":28},{"not_picked":["Concentrate+1","Heel Hook","Eviscerate"],"picked":"Singing Bowl","floor":29},{"not_picked":["Setup","Reflex+1","Riddle With Holes"],"picked":"Singing Bowl","floor":31}],"player_experience":516118,"potions_floor_usage":[12,18,19,31,33],"damage_taken":[{"damage":1,"enemies":"2 Louse","floor":1,"turns":2},{"damage":0,"enemies":"Jaw Worm","floor":2,"turns":3},{"damage":0,"enemies":"3 Sentries","floor":8,"turns":11},{"damage":4,"enemies":"Lagavulin","floor":12,"turns":7},{"damage":0,"enemies":"Cultist","floor":14,"turns":2},{"damage":0,"enemies":"The Guardian","floor":16,"turns":14},{"damage":0,"enemies":"Chosen","floor":18,"turns":6},{"damage":25,"enemies":"2 Thieves","floor":19,"turns":4},{"damage":14,"enemies":"Cultist and Chosen","floor":25,"turns":7},{"damage":3,"enemies":"Snake Plant","floor":28,"turns":4},{"damage":37,"enemies":"Book of Stabbing","floor":29,"turns":5},{"damage":3,"enemies":"Chosen and Byrds","floor":31,"turns":6},{"damage":70,"enemies":"Champ","floor":33,"turns":12}],"relics_obtained":[{"floor":7,"key":"The Courier"},{"floor":8,"key":"Pen Nib"},{"floor":9,"key":"Happy Flower"},{"floor":12,"key":"Mummified Hand"},{"floor":17,"key":"Oddly Smooth Stone"},{"floor":17,"key":"Meat on the Bone"},{"floor":17,"key":"Ginger"},{"floor":26,"key":"Bag of Marbles"},{"floor":29,"key":"Singing Bowl"},{"floor":30,"key":"Nilry\u0027s Codex"}],"event_choices":[{"event_name":"Golden Idol","player_choice":"Take Damage","floor":3,"damage_taken":0},{"event_name":"Living Wall","player_choice":"Forget","floor":4,"damage_taken":0},{"event_name":"Golden Wing","player_choice":"Card Removal","floor":5,"damage_taken":0},{"event_name":"The Cleric","player_choice":"Card Removal","floor":13,"damage_taken":0},{"event_name":"Drug Dealer","player_choice":"Got JAXXED","floor":20,"damage_taken":0},{"event_name":"Nest","player_choice":"Joined the Cult","floor":21,"damage_taken":0},{"event_name":"Back to Basics","player_choice":"Elegance","floor":22,"damage_taken":0},{"event_name":"Forgotten Altar","player_choice":"Gave Idol","floor":27,"damage_taken":0},{"event_name":"Cursed Tome","player_choice":"Obtained Book","floor":30,"damage_taken":0}],"boss_relics":[{"not_picked":["Coffee Dripper","Fusion Hammer"],"picked":"Calling Bell"}],"items_purged_floors":[24],"potions_floor_spawned":[8,12,14,18,19,28],"seed_played":"8739497837233795040","killed_by":"Champ","ascension_level":0,"potions_obtained":[{"floor":8,"key":"EssenceOfSteel"},{"floor":12,"key":"Swift Potion"},{"floor":14,"key":"GamblersBrew"},{"floor":18,"key":"Explosive Potion"},{"floor":19,"key":"Block Potion"},{"floor":28,"key":"GamblersBrew"}],"is_trial":false}