{"path_per_floor":["M","?","M","$","?","E","R","M","T","?","M","$","E","M","R","B",null,"M","?","?","?","M","R","E","R","T","M","?","?","?","M","R"],"character_chosen":"IRONCLAD","items_purchased":["Searing Blow"],"gold_per_floor":[111,111,123,45,120,155,155,169,169,169,181,106,131,146,146,249,249,260,175,175,175,195,195,228,228,228,238,263,263,263,280,280,280],"floor_reached":33,"campfire_rested":0,"playtime":1221,"current_hp_per_floor":[80,80,71,71,60,66,66,65,65,65,62,62,36,33,33,27,94,91,91,91,91,73,73,46,46,46,28,28,59,59,46,46,0],"items_purged":["Strike_R"],"gold":280,"score":273,"play_id":"32d56af3-4a05-4071-817f-e4b841f70570","local_time":"20180425213037","is_prod":false,"is_daily":false,"chose_seed":false,"is_ascension_mode":false,"campfire_upgraded":5,"timestamp":1524681037,"path_taken":["M","?","?","?","?","E","R","M","T","?","M","?","E","M","R","BOSS","M","?","?","?","M","R","E","R","T","M","?","?","?","M","R","BOSS"],"build_version":"2018-04-19","seed_source_timestamp":545956635195447,"purchased_purges":3,"victory":false,"master_deck":["Strike_R","Strike_R","Strike_R","Defend_R","Defend_R","Defend_R","Bash","Hemokinesis","Anger","Searing Blow+6","Flex","Intimidate","Impervious","Headbutt","Thunderclap","Ghostly Armor","Pommel Strike","Burning Pact+1","Finesse","Pummel+1"],"max_hp_per_floor":[80,80,80,80,80,94,94,94,94,94,94,94,94,94,94,94,94,94,94,94,94,94,94,94,94,94,94,94,94,94,94,94,94],"relics":["Philosopher\u0027s Stone","Mango","Dead Branch","Juzu Bracelet","Mark of Pain","Omamori","Lantern","Prayer Wheel","Red Mask"],"card_choices":[{"not_picked":["Flex","Wild Strike"],"picked":"Hemokinesis","floor":1},{"not_picked":["Sentinel","Rage"],"picked":"Anger","floor":3},{"not_picked":["Wild Strike","Clothesline"],"picked":"Flex","floor":6},{"not_picked":["Hemokinesis","Sword Boomerang"],"picked":"Intimidate","floor":8},{"not_picked":["Rupture","Whirlwind"],"picked":"Impervious","floor":11},{"not_picked":["Rampage","Wild Strike"],"picked":"Headbutt","floor":13},{"not_picked":["Entrench","Clash"],"picked":"Thunderclap","floor":14},{"not_picked":["Anger","Combust"],"picked":"Ghostly Armor","floor":24},{"not_picked":["Combust","Wild Strike"],"picked":"Pommel Strike","floor":27},{"not_picked":["Warcry","Heavy Blade"],"picked":"Burning Pact","floor":28},{"not_picked":["Body Slam","Flex"],"picked":"Pummel","floor":31}],"player_experience":372182,"potions_floor_usage":[16,16,24,28,33,33],"damage_taken":[{"damage":0,"enemies":"2 Louse","floor":1,"turns":3},{"damage":9,"enemies":"Cultist","floor":3,"turns":3},{"damage":8,"enemies":"Gremlin Nob","floor":6,"turns":3},{"damage":1,"enemies":"Jaw Worm","floor":8,"turns":3},{"damage":3,"enemies":"Gremlin Gang","floor":11,"turns":3},{"damage":26,"enemies":"3 Sentries","floor":13,"turns":7},{"damage":3,"enemies":"Large Slime","floor":14,"turns":2},{"damage":21,"enemies":"Slime Boss","floor":16,"turns":7},{"damage":3,"enemies":"Chosen","floor":18,"turns":2},{"damage":18,"enemies":"Shell Parasite","floor":22,"turns":4},{"damage":27,"enemies":"Slavers","floor":24,"turns":6},{"damage":18,"enemies":"Snecko","floor":27,"turns":3},{"damage":0,"enemies":"Masked Bandits","floor":28,"turns":2},{"damage":13,"enemies":"Centurion and Healer","floor":31,"turns":3},{"damage":53,"enemies":"Collector","floor":33,"turns":6}],"event_choices":[{"event_name":"Living Wall","player_choice":"Forget","floor":2,"damage_taken":0},{"event_name":"World of Goop","player_choice":"Gather Gold","floor":5,"damage_taken":0},{"event_name":"The Lab","player_choice":"Got Potions","floor":10,"damage_taken":0},{"event_name":"Addict","player_choice":"Obtained Relic","floor":19,"damage_taken":0},{"event_name":"Back to Basics","player_choice":"Elegance","floor":20,"damage_taken":0},{"event_name":"Upgrade Shrine","player_choice":"Upgraded","floor":21,"damage_taken":0},{"event_name":"Masked Bandits","player_choice":"Fought over 238 gold","floor":28,"damage_taken":0},{"event_name":"The Library","player_choice":"Heal","floor":29,"damage_taken":0},{"event_name":"Match and Keep!","player_choice":"1 cards matched","floor":30,"damage_taken":0}],"boss_relics":[{"not_picked":["Runic Dome","Snecko Eye"],"picked":"Mark of Pain"}],"potions_floor_spawned":[1,6,11,14,16,22,24,31],"seed_played":"2931741591822558925","killed_by":"Collector","ascension_level":0,"is_trial":false}