{"gold_per_floor":[117,129,129,147,159,159,194,205,205,205,205,240,240,257,257,329,329,346,346,356,145,145,170,182,194],"floor_reached":25,"playtime":804,"items_purged":["Strike_G"],"score":462,"play_id":"5474172b-e8a6-4c0f-8a3b-6e2c51612eda","local_time":"20190803151045","is_ascension_mode":true,"campfire_choices":[{"data":"Neutralize","floor":6.0,"key":"SMITH"},{"data":"Bouncing Flask","floor":11.0,"key":"SMITH"},{"floor":13.0,"key":"REST"},{"data":"Dash","floor":15.0,"key":"SMITH"},{"data":"Ghostly","floor":24,"key":"SMITH"}],"neow_cost":"NONE","seed_source_timestamp":75745742682440,"circlet_count":0,"master_deck":["AscendersBane","Strike_G","Strike_G","Strike_G","Defend_G","Defend_G","Defend_G","Defend_G","Defend_G","Survivor","Neutralize+1","Bouncing Flask+1","Dash+1","Poisoned Stab","Dodge and Roll","Dagger Throw","Dagger Spray+1","Ghostly+1","Ghostly","Ghostly","Well Laid Plans","Deadly Poison","Leg Sweep"],"special_seed":0,"relics":["Ring of the Snake","Omamori","Pear","Molten Egg 2","Singing Bowl","Coffee Dripper","MawBank"],"potions_floor_usage":[25],"damage_taken":[{"damage":7.0,"enemies":"Small Slimes","floor":1.0,"turns":4.0},{"damage":0.0,"enemies":"Jaw Worm","floor":2.0,"turns":4.0},{"damage":0.0,"enemies":"Cultist","floor":4.0,"turns":3.0},{"damage":8.0,"enemies":"Large Slime","floor":5.0,"turns":5.0},{"damage":3.0,"enemies":"Gremlin Nob","floor":7.0,"turns":3.0},{"damage":7.0,"enemies":"Exordium Thugs","floor":8.0,"turns":5.0},{"damage":16.0,"enemies":"Lagavulin","floor":12.0,"turns":6.0},{"damage":6.0,"enemies":"Red Slaver","floor":14.0,"turns":3.0},{"damage":14.0,"enemies":"Slime Boss","floor":16.0,"turns":7.0},{"damage":2.0,"enemies":"Chosen","floor":18.0,"turns":4.0},{"damage":11,"enemies":"3 Byrds","floor":20,"turns":6},{"damage":21,"enemies":"Slavers","floor":23,"turns":7},{"damage":26,"enemies":"3 Cultists","floor":25,"turns":6}],"seed_played":"9056623611502975093","potions_obtained":[{"floor":1.0,"key":"EssenceOfSteel"},{"floor":4.0,"key":"Poison Potion"},{"floor":7.0,"key":"SkillPotion"},{"floor":8.0,"key":"FearPotion"},{"floor":23,"key":"Explosive Potion"}],"is_trial":false,"path_per_floor":["M","M","?","M","M","R","E","M","T","?","R","E","R","M","R","B",null,"M","?","M","$","?","E","R","M"],"character_chosen":"THE_SILENT","items_purchased":["Well Laid Plans","Deadly Poison"],"campfire_rested":1,"item_purchase_floors":[21,21],"current_hp_per_floor":[58,58,47,47,39,39,46,39,39,32,32,16,40,36,36,24,71,71,44,35,35,46,25,25,0],"gold":194,"neow_bonus":"TEN_PERCENT_HP_BONUS","is_prod":false,"is_daily":false,"chose_seed":false,"campfire_upgraded":4,"win_rate":0,"timestamp":1564870245,"path_taken":["M","M","?","M","M","R","E","M","T","?","R","E","R","M","R","BOSS","M","?","M","$","?","E","R","M"],"build_version":"2019-07-17","purchased_purges":1,"victory":false,"max_hp_per_floor":[72,72,72,72,72,72,82,82,82,82,82,82,82,84,84,86,86,88,44,46,46,46,46,46,46],"card_choices":[{"not_picked":["Escape Plan","Cloak And Dagger"],"picked":"Bouncing Flask","floor":1.0},{"not_picked":["Backflip","Expertise"],"picked":"Dash","floor":2.0},{"not_picked":["Backflip","Outmaneuver"],"picked":"Poisoned Stab","floor":4.0},{"not_picked":["Riddle With Holes","Sucker Punch"],"picked":"All Out Attack","floor":5.0},{"not_picked":["Night Terror","Caltrops"],"picked":"Dodge and Roll","floor":7.0},{"not_picked":["Backflip","Bane"],"picked":"Dagger Throw","floor":8.0},{"not_picked":["Skewer+1","Deflect"],"picked":"Dagger Spray+1","floor":12.0},{"not_picked":["Calculated Gamble","Riddle With Holes+1","Dodge and Roll"],"picked":"Singing Bowl","floor":14.0},{"not_picked":["Grand Finale+1","Storm of Steel","Doppelganger"],"picked":"Singing Bowl","floor":16.0},{"not_picked":["Dodge and Roll","Acrobatics","Outmaneuver"],"picked":"Singing Bowl","floor":18.0},{"not_picked":["Deflect","Quick Slash+1","Endless Agony+1"],"picked":"Singing Bowl","floor":20},{"not_picked":["Dodge and Roll","Slice+1"],"picked":"Leg Sweep","floor":23}],"player_experience":856186,"relics_obtained":[{"floor":7.0,"key":"Pear"},{"floor":9.0,"key":"Molten Egg 2"},{"floor":12.0,"key":"Singing Bowl"},{"floor":23,"key":"MawBank"}],"event_choices":[{"damage_healed":0.0,"max_hp_gain":0.0,"max_hp_loss":0.0,"gold_gain":0.0,"event_name":"Scrap Ooze","player_choice":"Success","floor":3.0,"gold_loss":0.0,"damage_taken":11.0,"relics_obtained":["Omamori"]},{"cards_removed":["Strike_G"],"damage_healed":0.0,"max_hp_gain":0.0,"max_hp_loss":0.0,"gold_gain":0.0,"event_name":"Golden Wing","player_choice":"Card Removal","floor":10.0,"gold_loss":0.0,"damage_taken":7.0},{"damage_healed":0.0,"max_hp_gain":0.0,"max_hp_loss":44.0,"gold_gain":0.0,"event_name":"Ghosts","player_choice":"Became a Ghost","floor":19.0,"gold_loss":0.0,"damage_taken":0.0,"cards_obtained":["Ghostly","Ghostly","Ghostly"]},{"cards_removed":["All Out Attack"],"damage_healed":11,"gold_gain":0,"player_choice":"Offered Uncommon","damage_taken":0,"max_hp_gain":0,"max_hp_loss":0,"event_name":"Bonfire Elementals","floor":22,"gold_loss":0}],"is_beta":false,"boss_relics":[{"not_picked":["Calling Bell","Black Star"],"picked":"Coffee Dripper"}],"items_purged_floors":[21],"is_endless":false,"potions_floor_spawned":[1,4,7,8,23],"killed_by":"3 Cultists","ascension_level":20}