{"gold_per_floor":[115,133,133,133,145,175,175,175,202,202,222,248,264,339,339,443,443,460,473,473,59,69,69,69,85,85,35,35,50,50,64,64,64],"floor_reached":33,"playtime":1409,"items_purged":["Normality","Regret"],"score":257,"play_id":"2a68d80f-64a0-4054-a673-d0ace8a8fcaf","local_time":"20180918120225","is_ascension_mode":false,"campfire_choices":[{"data":"Defragment","floor":8,"key":"SMITH"},{"data":"Zap","floor":10,"key":"SMITH"},{"floor":15,"key":"REST"},{"data":"White Noise","floor":24,"key":"SMITH"},{"data":"Redo","floor":28,"key":"SMITH"},{"data":"Mayhem","floor":30,"key":"SMITH"},{"floor":32,"key":"REST"}],"neow_cost":"NONE","seed_source_timestamp":410134573986782,"circlet_count":0,"master_deck":["Strike_B","Strike_B","Strike_B","Defend_B","Defend_B+1","Defend_B+1","Defend_B+1","Zap+1","Dualcast+1","Ball Lightning","Steam Power","Ball Lightning","Defragment+1","Cold Snap","Leap","Conserve Battery","Turbo","Electrodynamics","Parasite","Chill","Streamline+1","Mayhem+1","Loop","Redo+1","Streamline","White Noise+1","Beam Cell","Steam","Leap"],"relics":["Cracked Core","War Paint","Smiling Mask","DataDisk","Calling Bell","Lantern","Symbiotic Virus","Nunchaku","Dodecahedron","Mercury Hourglass"],"potions_floor_usage":[6,18,25,31,33],"damage_taken":[{"damage":6,"enemies":"Jaw Worm","floor":1,"turns":2},{"damage":0,"enemies":"2 Louse","floor":2,"turns":2},{"damage":3,"enemies":"Small Slimes","floor":5,"turns":2},{"damage":14,"enemies":"Gremlin Nob","floor":6,"turns":3},{"damage":0,"enemies":"Blue Slaver","floor":11,"turns":2},{"damage":3,"enemies":"3 Sentries","floor":12,"turns":6},{"damage":0,"enemies":"Looter","floor":13,"turns":2},{"damage":8,"enemies":"Slime Boss","floor":16,"turns":6},{"damage":19,"enemies":"2 Thieves","floor":18,"turns":3},{"damage":5,"enemies":"3 Byrds","floor":19,"turns":3},{"damage":30,"enemies":"Snake Plant","floor":22,"turns":4},{"damage":0,"enemies":"Chosen and Byrds","floor":25,"turns":4},{"damage":0,"enemies":"Snecko","floor":29,"turns":3},{"damage":16,"enemies":"Snake Plant","floor":31,"turns":3},{"damage":46,"enemies":"Collector","floor":33,"turns":7}],"seed_played":"1082944341722850204","potions_obtained":[{"floor":1,"key":"Ancient Potion"},{"floor":2,"key":"SteroidPotion"},{"floor":16,"key":"SkillPotion"},{"floor":23,"key":"SkillPotion"},{"floor":23,"key":"Fire Potion"},{"floor":23,"key":"GamblersBrew"},{"floor":31,"key":"Ancient Potion"}],"is_trial":false,"path_per_floor":["M","M","?","?","M","E","?","R","T","R","M","E","M","?","R","B",null,"M","M","?","$","M","?","R","M","T","$","R","M","R","M","R"],"character_chosen":"DEFECT","items_purchased":["Mayhem","Loop","Redo","Streamline"],"campfire_rested":2,"item_purchase_floors":[21,21,21,21],"current_hp_per_floor":[69,69,74,58,55,41,34,34,34,34,34,31,31,20,44,36,80,61,56,56,56,26,26,26,26,26,26,26,26,26,10,34,0],"gold":64,"neow_bonus":"THREE_CARDS","is_prod":false,"is_daily":false,"chose_seed":false,"campfire_upgraded":5,"win_rate":0,"timestamp":1537261345,"path_taken":["M","M","?","?","M","E","?","R","T","R","M","E","M","?","R","BOSS","M","M","?","$","M","?","R","M","T","$","R","M","R","M","R","BOSS"],"build_version":"2018-09-17","purchased_purges":2,"victory":false,"max_hp_per_floor":[75,75,80,80,80,80,80,80,80,80,80,80,80,80,80,80,80,80,80,80,80,80,80,80,80,80,80,80,80,80,80,80,80],"card_choices":[{"not_picked":["Compile Driver","Redo"],"picked":"Ball Lightning","floor":0},{"not_picked":["Fusion","Skim"],"picked":"Steam Power","floor":1},{"not_picked":["Sweeping Beam","Rebound"],"picked":"Ball Lightning","floor":2},{"not_picked":["Beam Cell","Consume"],"picked":"Defragment","floor":5},{"not_picked":["Ball Lightning","Coolheaded"],"picked":"Cold Snap","floor":6},{"not_picked":["Barrage","Compile Driver"],"picked":"Leap","floor":11},{"not_picked":["Reboot","Rebound"],"picked":"Conserve Battery","floor":12},{"not_picked":["Reinforced Body","Skim"],"picked":"Turbo","floor":13},{"not_picked":["Meteor Strike","Reboot"],"picked":"Electrodynamics","floor":16},{"not_picked":["Compile Driver","Cold Snap"],"picked":"Chill","floor":18},{"not_picked":["Reinforced Body","Sweeping Beam+1"],"picked":"Streamline+1","floor":19},{"not_picked":["Reinforced Body","Gash"],"picked":"White Noise","floor":22},{"not_picked":["Ball Lightning","Stack+1"],"picked":"Beam Cell","floor":25},{"not_picked":["Sweeping Beam","Coolheaded"],"picked":"Steam","floor":29},{"not_picked":["Turbo","Compile Driver"],"picked":"Leap","floor":31}],"player_experience":697636,"relics_obtained":[{"floor":6,"key":"War Paint"},{"floor":9,"key":"Smiling Mask"},{"floor":12,"key":"DataDisk"},{"floor":17,"key":"Lantern"},{"floor":17,"key":"Symbiotic Virus"},{"floor":17,"key":"Nunchaku"},{"floor":26,"key":"Mercury Hourglass"}],"event_choices":[{"event_name":"Big Fish","player_choice":"Donut","floor":3,"damage_taken":0},{"event_name":"Shining Light","player_choice":"Entered Light","floor":4,"damage_taken":0},{"event_name":"Golden Wing","player_choice":"Card Removal","floor":7,"damage_taken":0},{"event_name":"World of Goop","player_choice":"Gather Gold","floor":14,"damage_taken":0},{"event_name":"The Mausoleum","player_choice":"Yes","floor":20,"damage_taken":0},{"event_name":"The Lab","player_choice":"Got Potions","floor":23,"damage_taken":0}],"is_beta":true,"boss_relics":[{"not_picked":["Orrery","Astrolabe"],"picked":"Calling Bell"}],"items_purged_floors":[21,27],"is_endless":false,"potions_floor_spawned":[1,2,16,31],"killed_by":"Collector","ascension_level":0}