{"gold_per_floor":[109,125,140,156,171,201,376,376,449,449,466,500,500,529,529,627,627,646,561,561,12,24,24,54,74,74,87,87,87,12,23,23,122,122,138,190,208,208,221,246,246,266,290,290,290,290,290,26,26,26],"floor_reached":51,"playtime":3346,"items_purged":["Defend_R"],"score":785,"play_id":"c3510f95-930c-45c8-b926-060bc0a2979a","local_time":"20180731023950","is_ascension_mode":false,"campfire_choices":[{"data":"Shrug It Off","floor":8,"key":"SMITH"},{"data":"Demon Form","floor":13,"key":"SMITH"},{"data":"Armaments","floor":15,"key":"SMITH"},{"data":"Disarm","floor":23,"key":"SMITH"},{"data":"Seeing Red","floor":29,"key":"SMITH"},{"data":"Whirlwind","floor":32,"key":"SMITH"},{"data":"Double Tap","floor":41,"key":"SMITH"},{"data":"Inflame","floor":46,"key":"SMITH"},{"data":"Dual Wield","floor":49,"key":"SMITH"}],"neow_cost":"NONE","seed_source_timestamp":521790746962689,"circlet_count":0,"master_deck":["Bash","Demon Form+1","Rage","Shrug It Off+1","Offering","Wild Strike","Offering","Shrug It Off","Disarm+1","Carnage","Armaments+1","Immolate","Clothesline+1","Whirlwind+1","Master of Strategy","Master of Strategy","Bandage Up","Seeing Red+1","Cleave","Reckless Charge","Shockwave","Thunderclap","Heavy Blade+1","Bite","Bite","Bite","Bite","Bite","Twin Strike","Double Tap+1","Bloodletting","Inflame+1","Uppercut+1","Bash","Brutality","Warcry+1","Clash","Headbutt+1","Dual Wield+1"],"relics":["Burning Blood","Self Forming Clay","Kunai","StoneCalendar","Odd Mushroom","Philosopher\u0027s Stone","Happy Flower","DollysMirror","Art of War","Magic Flower","Runic Dome","Bird Faced Urn","Oddly Smooth Stone","Bag of Marbles","Vajra"],"potions_floor_usage":[12,14,16,18,24,45,50,50],"damage_taken":[{"damage":1,"enemies":"Cultist","floor":1,"turns":3},{"damage":11,"enemies":"Jaw Worm","floor":2,"turns":4},{"damage":10,"enemies":"2 Louse","floor":3,"turns":3},{"damage":27,"enemies":"Exordium Thugs","floor":4,"turns":4},{"damage":10,"enemies":"Lots of Slimes","floor":5,"turns":5},{"damage":12,"enemies":"Lagavulin","floor":6,"turns":5},{"damage":11,"enemies":"Looter","floor":11,"turns":2},{"damage":20,"enemies":"3 Sentries","floor":12,"turns":11},{"damage":13,"floor":14,"turns":3},{"damage":12,"enemies":"The Guardian","floor":16,"turns":8},{"damage":10,"enemies":"3 Byrds","floor":18,"turns":3},{"damage":19,"enemies":"Shell Parasite","floor":22,"turns":4},{"damage":12,"enemies":"Slavers","floor":24,"turns":3},{"damage":10,"enemies":"Snake Plant","floor":25,"turns":2},{"damage":16,"enemies":"Centurion and Healer","floor":27,"turns":4},{"damage":22,"enemies":"Sentry and Sphere","floor":31,"turns":3},{"damage":25,"enemies":"Champ","floor":33,"turns":9},{"damage":21,"enemies":"3 Darklings","floor":35,"turns":2},{"damage":42,"floor":36,"turns":3},{"damage":4,"enemies":"Orb Walker","floor":37,"turns":2},{"damage":31,"enemies":"3 Darklings","floor":39,"turns":3},{"damage":14,"enemies":"Giant Head","floor":40,"turns":4},{"damage":24,"enemies":"4 Shapes","floor":42,"turns":4},{"damage":0,"enemies":"Nemesis","floor":45,"turns":1},{"damage":58,"enemies":"Donu and Deca","floor":50,"turns":5}],"seed_played":"1139810817826379363","potions_obtained":[{"floor":1,"key":"LiquidBronze"},{"floor":4,"key":"SkillPotion"},{"floor":6,"key":"EssenceOfSteel"},{"floor":14,"key":"Block Potion"},{"floor":16,"key":"Energy Potion"},{"floor":25,"key":"SmokeBomb"},{"floor":31,"key":"AttackPotion"},{"floor":36,"key":"Regen Potion"},{"floor":42,"key":"EssenceOfSteel"}],"is_trial":false,"path_per_floor":["M","M","M","M","M","E","?","R","T","?","M","E","R","?","R","B",null,"M","?","?","$","M","R","E","M","T","M","?","R","?","M","R","B",null,"M","?","M","?","M","E","R","M","T","?","E","R","?","$","R","B"],"character_chosen":"IRONCLAD","items_purchased":["Master of Strategy","DollysMirror","Bandage Up","Seeing Red","Cleave","Vajra","Dual Wield"],"campfire_rested":0,"item_purchase_floors":[21,21,21,21,21,48,48],"current_hp_per_floor":[80,75,71,50,46,40,40,40,40,40,35,21,21,14,14,8,80,76,76,76,76,67,67,61,61,61,60,56,56,56,55,55,56,56,56,35,52,52,43,56,56,56,56,56,56,56,56,56,56,22],"gold":26,"neow_bonus":"TRANSFORM_CARD","is_prod":false,"is_daily":false,"chose_seed":false,"campfire_upgraded":9,"win_rate":0,"timestamp":1532993990,"path_taken":["M","M","M","M","?","E","?","R","T","?","M","E","R","?","R","BOSS","M","?","?","?","M","R","E","M","T","M","?","R","?","M","R","BOSS","M","?","M","?","M","E","R","M","T","?","E","R","?","$","R","BOSS"],"build_version":"2018-07-26","purchased_purges":1,"victory":true,"max_hp_per_floor":[80,80,80,80,80,80,80,80,80,80,80,80,80,80,80,80,80,80,80,80,80,80,80,80,80,80,80,56,56,56,56,56,56,56,56,56,56,56,56,56,56,56,56,56,56,56,56,56,56,56],"card_choices":[{"not_picked":["Feel No Pain","Rupture"],"picked":"Rage","floor":1},{"not_picked":["Flex","Wild Strike"],"picked":"Shrug It Off","floor":2},{"not_picked":["Anger","Perfected Strike"],"picked":"Offering","floor":3},{"not_picked":["Rupture","Entrench"],"picked":"Wild Strike","floor":4},{"not_picked":["Clash","Heavy Blade"],"picked":"Offering","floor":5},{"not_picked":["Corruption","Rupture"],"picked":"Shrug It Off","floor":6},{"not_picked":["Second Wind","Sword Boomerang"],"picked":"Disarm","floor":11},{"not_picked":["True Grit","Clash"],"picked":"Carnage","floor":12},{"not_picked":["Perfected Strike","Burning Pact"],"picked":"Armaments","floor":14},{"not_picked":["Feed","Juggernaut"],"picked":"Immolate","floor":16},{"not_picked":["Blood for Blood","Perfected Strike"],"picked":"Clothesline+1","floor":18},{"not_picked":["True Grit","Flame Barrier+1"],"picked":"Reckless Charge","floor":22},{"not_picked":["Wild Strike","Warcry"],"picked":"Shockwave","floor":24},{"not_picked":["Pommel Strike","Wild Strike"],"picked":"Thunderclap","floor":25},{"not_picked":["Carnage","True Grit"],"picked":"Heavy Blade+1","floor":27},{"not_picked":["Burning Pact","Immolate"],"picked":"Twin Strike","floor":31},{"not_picked":["Barricade","Dark Embrace"],"picked":"Double Tap","floor":33},{"not_picked":["Hemokinesis","Perfected Strike"],"picked":"Bloodletting","floor":35},{"not_picked":["Armaments+1","Body Slam"],"picked":"Inflame","floor":36},{"not_picked":["Perfected Strike","Shrug It Off"],"picked":"Uppercut+1","floor":37},{"not_picked":["Armaments","Sentinel+1"],"picked":"Warcry+1","floor":39},{"not_picked":["Pommel Strike+1","Barricade"],"picked":"Clash","floor":40},{"not_picked":["Flex","Clash"],"picked":"Headbutt+1","floor":42}],"player_experience":574214,"relics_obtained":[{"floor":6,"key":"Self Forming Clay"},{"floor":9,"key":"Kunai"},{"floor":12,"key":"StoneCalendar"},{"floor":14,"key":"Odd Mushroom"},{"floor":24,"key":"Art of War"},{"floor":26,"key":"Magic Flower"},{"floor":36,"key":"Bird Faced Urn"},{"floor":40,"key":"Oddly Smooth Stone"},{"floor":43,"key":"Bag of Marbles"}],"event_choices":[{"event_name":"Liars Game","player_choice":"agreed","floor":7,"damage_taken":0},{"event_name":"Purifier","player_choice":"One Purge","floor":10,"damage_taken":0},{"event_name":"Mushrooms","player_choice":"Fought Mushrooms","floor":14,"damage_taken":0},{"event_name":"Addict","player_choice":"Obtained Relic","floor":19,"damage_taken":0},{"event_name":"The Library","player_choice":"Read","floor":20,"damage_taken":0},{"event_name":"Vampires","player_choice":"Became a vampire","floor":28,"damage_taken":0},{"event_name":"Beggar","player_choice":"Gave Gold","floor":30,"damage_taken":0},{"event_name":"Mysterious Sphere","player_choice":"Fight","floor":36,"damage_taken":0},{"event_name":"Match and Keep!","player_choice":"2 cards matched","floor":38,"damage_taken":0},{"event_name":"Purifier","player_choice":"One Purge","floor":44,"damage_taken":0},{"event_name":"Tomb of Lord Red Mask","player_choice":"Ignored","floor":47,"damage_taken":0}],"is_beta":true,"boss_relics":[{"not_picked":["Astrolabe","Black Star"],"picked":"Philosopher\u0027s Stone"},{"not_picked":["Snecko Eye","Pandora\u0027s Box"],"picked":"Runic Dome"}],"items_purged_floors":[48],"is_endless":false,"potions_floor_spawned":[1,4,6,14,16,25,31,36,39,42],"ascension_level":0}