{"path_per_floor":["M","T","?","M","?","R","M","M","T","R","E","$","M","M","R","B",null,"M","?","M","?","$","R","M","M","T","M","?","M","?","$","R","B",null,"M","?","T","$","?","?","R","M","T","R","?","M","$","?","R"],"character_chosen":"IRONCLAD","items_purchased":["Ice Cream","Pen Nib","True Grit","Oddly Smooth Stone","Toolbox","Anchor","Strength Potion"],"gold_per_floor":[362,414,414,432,432,432,448,462,462,462,495,36,50,70,70,167,167,187,187,206,206,131,131,142,162,217,237,237,250,520,24,24,125,125,140,140,166,15,65,0,0,18,71,71,71,83,31,31,31],"floor_reached":50,"campfire_rested":1,"playtime":3724,"current_hp_per_floor":[61,61,66,59,52,52,53,49,49,49,47,47,45,47,47,38,85,84,84,84,84,84,84,76,68,68,69,69,71,23,23,48,10,85,62,83,83,83,72,72,84,55,62,74,92,63,63,63,75],"items_purged":["Bash","Writhe"],"gold":31,"score":440,"play_id":"d9e9c3e8-b872-4d43-9235-0dd29bba91ea","is_prod":false,"is_daily":false,"is_ascension_mode":false,"campfire_upgraded":7,"path_taken":["M","?","?","?","?","R","M","?","T","R","E","$","?","M","R","BOSS","M","?","?","?","$","R","M","M","T","M","?","?","?","$","R","BOSS","M","?","?","?","?","?","R","M","T","R","?","M","?","?","R","BOSS"],"build_version":"2018-02-08-BETA1","purchased_purges":2,"victory":false,"master_deck":["Strike_R+1","Strike_R+1","Strike_R+1","Strike_R+1","Defend_R+1","Defend_R+1","Defend_R+1","Defend_R+1","Sever Soul","Uppercut+1","Warcry+1","Rampage+1","Bloodletting","True Grit","Disarm","Iron Wave+1","Berserk","Fire Breathing+1","Blood for Blood+1","Hemokinesis+1","Metallicize","Entrench+1","Flex","Jack Of All Trades","Barricade+1","Shrug It Off","Writhe","Reckless Charge","Pummel+1","Infernal Blade+1"],"max_hp_per_floor":[80,80,85,85,85,85,85,85,85,85,85,85,85,85,85,85,85,85,85,85,85,85,85,85,85,85,85,85,85,85,85,85,85,85,85,85,85,85,85,85,85,85,92,92,92,92,92,92,92],"relics":["Burning Blood","Bag of Marbles","Orichalcum","Blood Vial","Ice Cream","Pen Nib","Mark of Pain","Tiny Chest","Vajra","Oddly Smooth Stone","Toolbox","Eternal Feather","Juzu Bracelet","Anchor","Red Skull","Red Mask","Strawberry"],"card_choices":[{"not_picked":["Clash","Dual Wield"],"picked":"Sever Soul"},{"not_picked":["Blood for Blood","Clash"],"picked":"Uppercut"},{"not_picked":["Thunderclap","Dual Wield"],"picked":"Warcry"},{"not_picked":["Pommel Strike","Feel No Pain"],"picked":"Rampage"},{"not_picked":["Wild Strike","Carnage"],"picked":"Bloodletting"},{"not_picked":["Sentinel","Evolve"],"picked":"Disarm"},{"not_picked":["Rampage","Rage"],"picked":"Iron Wave"},{"not_picked":["Bludgeon","Reaper"],"picked":"Berserk"},{"not_picked":["Body Slam","Rage"],"picked":"Fire Breathing"},{"not_picked":["Sentinel","Fire Breathing"],"picked":"Blood for Blood"},{"not_picked":["Second Wind","Body Slam"],"picked":"Hemokinesis"},{"not_picked":["Wild Strike","Headbutt"],"picked":"Metallicize"},{"not_picked":["Sever Soul","Perfected Strike"],"picked":"Entrench"},{"not_picked":["Body Slam","Rage"],"picked":"Flex"},{"not_picked":["Bludgeon","Brutality"],"picked":"Barricade"},{"not_picked":["Blood for Blood","Combust"],"picked":"Shrug It Off"},{"not_picked":["Corruption","Perfected Strike"],"picked":"Reckless Charge"},{"not_picked":["Clothesline","Shrug It Off"],"picked":"Pummel"},{"not_picked":["Sword Boomerang","Havoc"],"picked":"Infernal Blade"}],"player_experience":191675,"potions_floor_usage":[11,13,16,20,33,33,33,50,50],"damage_taken":[{"damage":25,"enemies":"Blue Slaver","floor":1,"turns":6},{"damage":13,"enemies":"Jaw Worm","floor":4,"turns":2},{"damage":5,"enemies":"2 Louse","floor":7,"turns":3},{"damage":10,"enemies":"2 Fungi Beasts","floor":8,"turns":3},{"damage":8,"enemies":"Gremlin Nob","floor":11,"turns":3},{"damage":10,"enemies":"Exordium Thugs","floor":13,"turns":5},{"damage":6,"enemies":"Looter","floor":14,"turns":2},{"damage":17,"enemies":"Hexaghost","floor":16,"turns":8},{"damage":7,"enemies":"Chosen","floor":18,"turns":4},{"damage":7,"enemies":"Shell Parasite","floor":20,"turns":5},{"damage":15,"enemies":"3 Cultists","floor":24,"turns":6},{"damage":16,"enemies":"Snake Plant","floor":25,"turns":3},{"damage":7,"enemies":"Centurion and Healer","floor":27,"turns":6},{"damage":6,"enemies":"Cultist and Chosen","floor":29,"turns":5},{"damage":46,"enemies":"Automaton","floor":33,"turns":11},{"damage":29,"enemies":"Flame Bruiser 1 Orb","floor":35,"turns":8},{"damage":19,"enemies":"Mysterious Sphere","floor":39,"turns":6},{"damage":36,"enemies":"3 Darklings","floor":42,"turns":8},{"damage":35,"enemies":"4 Shapes","floor":46,"turns":10},{"damage":102,"enemies":"Awakened One","floor":50,"turns":7}],"event_choices":[{"event_name":"Big Fish","player_choice":"Donut","floor":3,"damage_taken":0},{"event_name":"Golden Wing","player_choice":"Card Removal","floor":5,"damage_taken":0},{"event_name":"The Lab","player_choice":"Got Potions","floor":19,"damage_taken":0},{"event_name":"Back to Basics","player_choice":"Simplicity","floor":21,"damage_taken":0},{"event_name":"The Mausoleum","player_choice":"Yes","floor":28,"damage_taken":0},{"event_name":"Knowing Skull","player_choice":"GOLD GOLD GOLD CARD CARD ","floor":30,"damage_taken":0},{"event_name":"Winding Halls","player_choice":"Writhe","floor":36,"damage_taken":0},{"event_name":"Mysterious Sphere","player_choice":"Fight","floor":39,"damage_taken":0},{"event_name":"Tomb of Lord Red Mask","player_choice":"Paid","floor":40,"damage_taken":0},{"event_name":"Bonfire Elementals","player_choice":"UNCOMMON","floor":45,"damage_taken":0}],"boss_relics":[{"not_picked":["Runic Cube","Cursed Key"],"picked":"Mark of Pain"},{"not_picked":["Astrolabe","Runic Pyramid"],"picked":"Eternal Feather"}],"potions_floor_spawned":[4,8,13,20,24,27,46],"seed_played":"6411799235823366659","killed_by":"Awakened One","ascension_level":0,"is_trial":false}