{"path_per_floor":["M","M","?","?","?","E","$","M","T","?","R","M","R","M","R"],"character_chosen":"DEFECT","items_purchased":["Reinforced Body"],"gold_per_floor":[113,124,124,124,124,149,38,57,82,157,157,169,169,189,189,189],"floor_reached":16,"campfire_rested":1,"playtime":801,"current_hp_per_floor":[63,63,56,61,54,25,25,25,25,14,38,34,34,39,39,0],"items_purged":["Strike_B"],"gold":189,"score":100,"play_id":"62767edc-3ecc-4c91-9594-eca15a3968d4","local_time":"20180427215549","is_prod":false,"is_daily":false,"chose_seed":false,"is_ascension_mode":false,"campfire_upgraded":2,"timestamp":1524855349,"path_taken":["M","M","?","?","?","E","?","?","T","?","R","M","R","M","R","BOSS"],"build_version":"2018-04-26v2","seed_source_timestamp":720594321709435,"purchased_purges":1,"victory":false,"master_deck":["Strike_B","Strike_B","Defend_B","Defend_B","Defend_B","Defend_B","Zap","Dualcast","Multi-Cast","Cold Snap","Impulse","White Noise","Reinforced Body","Leap","Rebound","Defragment+1","Chaos+1"],"max_hp_per_floor":[75,75,75,80,80,80,80,80,80,80,80,80,80,80,80,80],"relics":["Cracked Core","Pen Nib","Dead Branch","Dream Catcher"],"card_choices":[{"not_picked":["Reprogram","Melter"],"picked":"Cold Snap","floor":1},{"not_picked":["Beam Cell","Stack"],"picked":"Impulse","floor":2},{"not_picked":["Fusion","Stack"],"picked":"White Noise","floor":6},{"not_picked":["Sweeping Beam","Go for the Eyes"],"picked":"Leap","floor":8},{"not_picked":["Ball Lightning","Axe Kick"],"picked":"Rebound","floor":11},{"not_picked":["Leap","Doom and Gloom"],"picked":"Defragment","floor":12},{"not_picked":["Conserve Battery","Gash"],"picked":"Chaos","floor":14}],"player_experience":381764,"potions_floor_usage":[16,16,16],"damage_taken":[{"damage":12,"enemies":"2 Louse","floor":1,"turns":2},{"damage":0,"enemies":"Jaw Worm","floor":2,"turns":4},{"damage":29,"enemies":"Lagavulin","floor":6,"turns":9},{"damage":0,"enemies":"Small Slimes","floor":8,"turns":3},{"damage":4,"enemies":"Red Slaver","floor":12,"turns":4},{"damage":2,"enemies":"Blue Slaver","floor":14,"turns":3},{"damage":40,"enemies":"The Guardian","floor":16,"turns":12}],"event_choices":[{"event_name":"Scrap Ooze","player_choice":"success","floor":3,"damage_taken":7},{"event_name":"Big Fish","player_choice":"Donut","floor":4,"damage_taken":0},{"event_name":"Golden Wing","player_choice":"Card Removal","floor":5,"damage_taken":0},{"event_name":"World of Goop","player_choice":"Gather Gold","floor":10,"damage_taken":0}],"boss_relics":[],"potions_floor_spawned":[1,6,14],"seed_played":"8309473713427920710","killed_by":"The Guardian","ascension_level":0,"is_trial":false}