{"gold_per_floor":[116,126,143,218,233,233,267,285,309,324,324,10,10],"floor_reached":13,"playtime":360,"items_purged":["Strike_R"],"score":174,"play_id":"ec0f0d03-dd53-4e3c-b41a-4c6bcaf95ae4","local_time":"20190720151459","is_ascension_mode":true,"campfire_choices":[{"data":"Bash","floor":6,"key":"SMITH"},{"floor":11,"key":"REST"}],"neow_cost":"NONE","seed_source_timestamp":908371063449692,"circlet_count":0,"master_deck":["AscendersBane","Strike_R","Strike_R","Strike_R","Strike_R","Defend_R","Defend_R","Defend_R","Defend_R","Bash+1","Pommel Strike","Battle Trance","Carnage","Disarm","Disarm","Inflame","Metallicize","Offering"],"relics":["Burning Blood","Boot","Juzu Bracelet"],"potions_floor_usage":[7],"damage_taken":[{"damage":7,"enemies":"Jaw Worm","floor":1,"turns":5},{"damage":6,"enemies":"Cultist","floor":2,"turns":3},{"damage":14,"enemies":"Small Slimes","floor":3,"turns":3},{"damage":7,"enemies":"Looter","floor":5,"turns":3},{"damage":35,"enemies":"Lagavulin","floor":7,"turns":4},{"damage":5,"enemies":"2 Fungi Beasts","floor":8,"turns":4},{"damage":5,"enemies":"Blue Slaver","floor":10,"turns":7},{"damage":34,"enemies":"3 Sentries","floor":13,"turns":7}],"seed_played":"5459377885007747109","potions_obtained":[{"floor":1,"key":"FearPotion"},{"floor":2,"key":"Dexterity Potion"},{"floor":7,"key":"Strength Potion"}],"is_trial":false,"path_per_floor":["M","M","M","?","M","R","E","M","T","M","R","$","E"],"character_chosen":"IRONCLAD","items_purchased":["Metallicize","Offering"],"campfire_rested":1,"item_purchase_floors":[12,12],"current_hp_per_floor":[74,74,66,55,54,54,25,26,26,27,51,51,17],"gold":10,"neow_bonus":"TEN_PERCENT_HP_BONUS","is_prod":false,"is_daily":false,"chose_seed":false,"campfire_upgraded":1,"win_rate":0,"timestamp":1563660899,"path_taken":["M","M","M","?","M","R","E","M","T","M","R","$","E"],"build_version":"2019-07-17","purchased_purges":1,"victory":false,"max_hp_per_floor":[82,82,82,82,82,82,82,82,82,82,82,82,82],"card_choices":[{"not_picked":["Shockwave","Flame Barrier"],"picked":"Pommel Strike","floor":1},{"not_picked":["Twin Strike","Sword Boomerang"],"picked":"Battle Trance","floor":2},{"not_picked":["Warcry","Whirlwind"],"picked":"Carnage","floor":3},{"not_picked":["Body Slam","Clash","Warcry"],"picked":"SKIP","floor":5},{"not_picked":["Warcry","Sword Boomerang"],"picked":"Disarm","floor":7},{"not_picked":["Carnage","Cleave"],"picked":"Disarm","floor":8},{"not_picked":["Havoc","Twin Strike"],"picked":"Inflame","floor":10}],"player_experience":852541,"relics_obtained":[{"floor":7,"key":"Boot"},{"floor":9,"key":"Juzu Bracelet"}],"event_choices":[{"damage_healed":0,"gold_gain":75,"player_choice":"Gather Gold","damage_taken":11,"max_hp_gain":0,"max_hp_loss":0,"event_name":"World of Goop","floor":4,"gold_loss":0}],"is_beta":false,"boss_relics":[],"items_purged_floors":[12],"is_endless":false,"potions_floor_spawned":[1,2,7],"killed_by":"3 Sentries","ascension_level":20}