{"gold_per_floor":[112,132,132,132,153,197,197,232,232,232],"floor_reached":10,"playtime":378,"items_purged":[],"score":80,"play_id":"90239227-f589-4043-9520-782c6f97f409","local_time":"20181120083420","is_ascension_mode":true,"campfire_choices":[{"data":"Zap","floor":7,"key":"SMITH"}],"neow_cost":"NONE","seed_source_timestamp":2508529124760,"circlet_count":0,"master_deck":["Strike_B","Strike_B","Strike_B","Strike_B","Defend_B","Defend_B","Defend_B","Defend_B","Zap+1","Dualcast","Cold Snap","Go for the Eyes","Steam","Gash","Gash","Turbo"],"relics":["Cracked Core","Golden Idol","Art of War","StoneCalendar","Bottled Flame"],"potions_floor_usage":[8],"damage_taken":[{"damage":6,"enemies":"Jaw Worm","floor":1,"turns":3},{"damage":9,"enemies":"2 Louse","floor":2,"turns":2},{"damage":0,"enemies":"Cultist","floor":5,"turns":3},{"damage":26,"enemies":"Lagavulin","floor":6,"turns":7},{"damage":35,"enemies":"Gremlin Nob","floor":8,"turns":5},{"damage":15,"enemies":"3 Sentries","floor":10,"turns":4}],"seed_played":"3205318477116534029","potions_obtained":[{"floor":2,"key":"Regen Potion"},{"floor":6,"key":"FairyPotion"}],"is_trial":false,"path_per_floor":["M","M","?","?","M","E","R","E","T","E"],"character_chosen":"DEFECT","items_purchased":[],"campfire_rested":0,"item_purchase_floors":[],"current_hp_per_floor":[69,60,60,53,53,27,27,6,6,0],"gold":232,"neow_bonus":"THREE_CARDS","is_prod":false,"is_daily":false,"chose_seed":false,"campfire_upgraded":1,"win_rate":0,"timestamp":1542692060,"path_taken":["M","M","?","?","M","E","R","E","T","E"],"build_version":"2018-11-15","purchased_purges":0,"victory":false,"max_hp_per_floor":[75,75,75,75,75,75,75,75,75,75],"card_choices":[{"not_picked":["Coolheaded","Turbo"],"picked":"Cold Snap","floor":0},{"not_picked":["Leap","Sweeping Beam"],"picked":"Go for the Eyes","floor":1},{"not_picked":["Turbo","Hello World"],"picked":"Steam","floor":2},{"not_picked":["Coolheaded","Turbo"],"picked":"Gash","floor":5},{"not_picked":["Capacitor","Redo"],"picked":"Gash","floor":6},{"not_picked":["Meteor Strike","Coolheaded"],"picked":"Turbo","floor":8}],"player_experience":926221,"relics_obtained":[{"floor":6,"key":"Art of War"},{"floor":8,"key":"StoneCalendar"},{"floor":9,"key":"Bottled Flame"}],"event_choices":[{"damage_healed":0,"gold_gain":0,"player_choice":"Take Wound","damage_taken":0,"relics_obtained":["Golden Idol"],"max_hp_gain":0,"max_hp_loss":0,"event_name":"Golden Idol","floor":3,"gold_loss":0,"cards_obtained":["Injury"]},{"cards_removed":["Injury"],"damage_healed":0,"gold_gain":0,"player_choice":"Card Removal","damage_taken":7,"max_hp_gain":0,"max_hp_loss":0,"event_name":"Golden Wing","floor":4,"gold_loss":0}],"is_beta":true,"boss_relics":[],"items_purged_floors":[],"is_endless":false,"potions_floor_spawned":[2,6],"killed_by":"3 Sentries","ascension_level":1}