{"path_per_floor":["M","$","?","E","R","M","T","R","M","M","R","T","R","B",null,"M","?","M","?","?","R","M","E","T","R","E","R","T","M","R","B",null,"M","M","M","?","M","R","E","R","T","M","M","?","R","M","R"],"character_chosen":"THE_SILENT","items_purchased":["Dash"],"gold_per_floor":[110,42,42,134,134,153,153,153,163,175,175,199,199,300,300,317,317,331,256,256,256,274,308,308,308,339,339,366,383,383,479,479,492,508,524,572,592,592,620,620,620,633,633,633,633,643,643,643],"floor_reached":48,"campfire_rested":2,"playtime":2760,"current_hp_per_floor":[63,63,63,26,26,26,26,26,26,26,26,26,26,32,63,50,34,36,36,36,36,24,34,34,34,38,38,38,35,68,53,68,67,65,60,47,38,38,25,60,60,55,55,55,55,55,55,0],"items_purged":[],"gold":643,"score":569,"play_id":"9e8a18d2-bfa8-400c-bc87-d772d1b1bbf3","local_time":"20180509073215","is_prod":false,"is_daily":false,"chose_seed":false,"is_ascension_mode":false,"campfire_upgraded":10,"timestamp":1525840335,"path_taken":["M","$","?","?","?","E","R","M","T","R","M","?","R","?","R","BOSS","M","?","?","?","?","R","M","E","T","R","E","R","?","M","R","BOSS","M","M","M","?","M","R","E","R","T","M","M","?","R","M","R","BOSS"],"build_version":"2018-05-07","seed_source_timestamp":0,"purchased_purges":0,"victory":false,"master_deck":["Defend_G","Defend_G","Defend_G+1","Survivor","Neutralize+1","Flying Knee","Dash+1","Endless Agony+1","Noxious Fumes+1","Dodge and Roll+1","Dagger Throw","Venomology+1","A Thousand Cuts+1","Wraith Form v2+1","A Thousand Cuts+1","Choke+1","Flying Knee+1","Backstab+1","Backstab+1","Sucker Punch+1","Infinite Blades+1","Well Laid Plans","Concentrate","Cloak And Dagger","Burst+1","PiercingWail","Backflip","All Out Attack+1","Backstab+1","Backflip+1","After Image","Slice+1","Acrobatics+1"],"max_hp_per_floor":[63,63,63,63,63,63,63,63,63,63,63,63,63,63,63,63,63,68,68,68,68,68,68,68,68,68,68,68,68,68,68,68,68,68,68,68,68,68,68,68,68,68,68,68,68,68,68,68],"relics":["Ring of the Snake","Matryoshka","Bottled Flame","Dream Catcher","War Paint","Regal Pillow","Astrolabe","Enchiridion","Toolbox","Gremlin Horn","Shovel","Pen Nib","Runic Dome","Calipers","Molten Egg 2","Pantograph"],"card_choices":[{"not_picked":["PiercingWail","Underhanded Strike"],"picked":"Flying Knee","floor":1.0},{"not_picked":["Endless Agony","Deadly Poison"],"picked":"Noxious Fumes","floor":4},{"not_picked":["Catalyst","Bane"],"picked":"Dodge and Roll","floor":6},{"not_picked":["Poisoned Stab","Flying Knee"],"picked":"Dagger Throw","floor":9},{"not_picked":["Flechettes","Predator"],"picked":"Venomology","floor":10},{"not_picked":["Corpse Explosion","Doppelganger"],"picked":"A Thousand Cuts","floor":14},{"not_picked":["Prepared","Setup"],"picked":"Flying Knee","floor":16},{"not_picked":["Prepared","Poisoned Stab"],"picked":"Backstab","floor":18},{"not_picked":["Distraction","Deadly Poison"],"picked":"Sucker Punch","floor":22},{"not_picked":["Acrobatics","PiercingWail"],"picked":"Infinite Blades","floor":23},{"not_picked":["Venomology","Flying Knee"],"picked":"Well Laid Plans","floor":26},{"not_picked":["Bane","Acrobatics"],"picked":"Concentrate","floor":29},{"not_picked":["Dodge and Roll","Noxious Fumes"],"picked":"Cloak And Dagger","floor":30},{"not_picked":["Venomology","After Image"],"picked":"Burst","floor":31},{"not_picked":["Cloak And Dagger","Underhanded Strike"],"picked":"PiercingWail","floor":33},{"not_picked":["Dagger Spray","PiercingWail"],"picked":"Backflip","floor":34},{"not_picked":["Well Laid Plans","Dagger Spray"],"picked":"All Out Attack","floor":35},{"not_picked":["Dagger Spray","Cloak And Dagger"],"picked":"Backstab","floor":36},{"not_picked":["Dagger Throw","Malaise"],"picked":"Backflip","floor":37},{"not_picked":["PiercingWail","Terror"],"picked":"After Image","floor":39},{"not_picked":["Sucker Punch","Blade Dance"],"picked":"Slice","floor":40},{"not_picked":["PiercingWail","All Out Attack"],"picked":"Acrobatics","floor":46}],"player_experience":408896,"potions_floor_usage":[14,14,14,16,18,23,23,23,23,26,26,26,26,29,31,35,35,36,39,39,42,43,48,48,48,48],"damage_taken":[{"damage":0.0,"enemies":"Small Slimes","floor":1.0,"turns":3.0},{"damage":0.0,"enemies":"Cultist","floor":4.0,"turns":3.0},{"damage":26,"enemies":"Lagavulin","floor":4,"turns":9},{"damage":0,"enemies":"2 Louse","floor":6,"turns":2},{"damage":0,"enemies":"Red Slaver","floor":9,"turns":3},{"damage":0,"enemies":"Exordium Wildlife","floor":10,"turns":3},{"damage":0,"enemies":"The Guardian","floor":14,"turns":11},{"damage":13,"enemies":"Shell Parasite","floor":16,"turns":5},{"damage":3,"enemies":"Chosen","floor":18,"turns":4},{"damage":12,"enemies":"Snake Plant","floor":22,"turns":3},{"damage":5,"enemies":"Book of Stabbing","floor":23,"turns":6},{"damage":0,"enemies":"Gremlin Leader","floor":26,"turns":6},{"damage":3,"enemies":"Centurion and Healer","floor":29,"turns":3},{"damage":15,"enemies":"Collector","floor":31,"turns":7},{"damage":1,"enemies":"Orb Walker","floor":33,"turns":4},{"damage":2,"enemies":"3 Darklings","floor":34,"turns":5},{"damage":5,"enemies":"Flame Bruiser 2 Orb","floor":35,"turns":3},{"damage":17,"enemies":"Mysterious Sphere","floor":36,"turns":3},{"damage":9,"enemies":"4 Shapes","floor":37,"turns":4},{"damage":13,"enemies":"Giant Head","floor":39,"turns":7},{"damage":9,"enemies":"Maw","floor":42,"turns":6},{"damage":0,"enemies":"3 Darklings","floor":43,"turns":1},{"damage":0,"enemies":"4 Shapes","floor":46,"turns":3},{"damage":80,"enemies":"Donu and Deca","floor":48,"turns":5}],"event_choices":[{"event_name":"Transmorgrifier","player_choice":"Transform","floor":3.0,"damage_taken":0.0},{"event_name":"World of Goop","player_choice":"Gather Gold","floor":4,"damage_taken":0},{"event_name":"Cursed Tome","player_choice":"Obtained Book","floor":17,"damage_taken":0},{"event_name":"Beggar","player_choice":"Gave Gold","floor":19,"damage_taken":0},{"event_name":"Duplicator","player_choice":"One dupe","floor":20,"damage_taken":0},{"event_name":"Mysterious Sphere","player_choice":"Fight","floor":36,"damage_taken":0},{"event_name":"Tomb of Lord Red Mask","player_choice":"Ignored","floor":44,"damage_taken":0}],"boss_relics":[{"not_picked":["Eternal Feather","Tiny House"],"picked":"Astrolabe"},{"not_picked":["Velvet Choker","White Beast Statue"],"picked":"Runic Dome"}],"potions_floor_spawned":[6,10,14,18,29,31,35,36,42,43],"seed_played":"-5014229978255223881","killed_by":"Donu and Deca","ascension_level":0,"is_trial":false}