{"path_per_floor":["M","?","?","M","?","R","?","R","T","T","M","E","M","M","R","B",null,"M","$","?","M","?","R","E","$","T","R","T","M","?","M","R","B",null,"M","M","?","?","?","R","E","R","T","R","?","M","M","$","R","B"],"character_chosen":"THE_SILENT","items_purchased":["Tough Bandages","Finesse","Well Laid Plans+1","LiquidBronze","Transmutation"],"gold_per_floor":[109,109,109,124,124,124,148,148,148,223,240,271,289,307,307,406,406,424,66,66,80,80,80,107,28,28,28,28,38,138,153,153,248,248,262,272,324,324,324,324,349,349,349,349,349,362,362,2,2,2],"floor_reached":51,"campfire_rested":2,"playtime":2292,"item_purchase_floors":[],"current_hp_per_floor":[63,49,49,49,46,46,25,25,25,25,25,28,28,28,28,24,75,57,57,57,40,40,40,35,35,35,35,35,43,43,49,49,39,52,34,27,34,34,27,27,24,41,41,41,31,34,34,34,51,41],"items_purged":["Bite"],"gold":2,"score":791,"play_id":"8654a4ea-fcf7-4502-aa32-59cc6eaae80c","local_time":"20180521191546","is_prod":false,"is_daily":false,"chose_seed":false,"is_ascension_mode":false,"campfire_upgraded":8,"timestamp":1526919346,"campfire_choices":[{"data":"Sucker Punch","floor":6.0,"key":"SMITH"},{"data":"Flying Knee","floor":8.0,"key":"SMITH"},{"data":"Neutralize","floor":15.0,"key":"SMITH"},{"data":"Finesse","floor":23.0,"key":"SMITH"},{"data":"Venomology","floor":27.0,"key":"SMITH"},{"data":"Cloak And Dagger","floor":32.0,"key":"SMITH"},{"data":"Madness","floor":40.0,"key":"SMITH"},{"floor":42.0,"key":"REST"},{"data":"Venomology","floor":44.0,"key":"SMITH"},{"floor":49,"key":"REST"}],"path_taken":["M","?","?","M","?","R","?","R","T","?","?","E","M","M","R","BOSS","M","?","?","?","?","R","E","$","T","R","?","M","?","?","R","BOSS","M","M","?","?","?","R","E","R","T","R","?","M","M","$","R","BOSS"],"build_version":"2018-05-18","seed_source_timestamp":0,"purchased_purges":1,"victory":true,"master_deck":["Defend_G","Defend_G","Defend_G+1","Defend_G","Defend_G+1","Survivor","Neutralize+1","Slice","Sucker Punch+1","Flying Knee+1","Dagger Throw","Bouncing Flask","Quick Slash","Footwork+1","Envenom+1","Noxious Fumes+1","Finesse+1","Cloak And Dagger+1","Bite","Bite","Bite","Bite","Venomology+1","Well Laid Plans+1","Backstab","Cloak And Dagger+1","Venomology+1","Dash+1","Cloak And Dagger+1","Dodge and Roll","Madness","Madness+1","Malaise+1","Cloak And Dagger+1","Normality","Panache+1","Sadistic Nature+1","Magnetism+1","Calculated Gamble+1","Transmutation","Backflip+1"],"max_hp_per_floor":[70,70,70,70,70,70,70,70,70,70,70,75,75,75,75,75,75,75,75,75,75,52,52,52,52,52,52,52,52,52,52,52,52,52,52,52,52,52,52,52,59,59,59,59,59,59,59,59,59,59],"relics":["Ring of the Snake","Torii","Dream Catcher","Odd Mushroom","Gremlin Horn","Frozen Egg 2","Ginger","Lizard Tail","Tough Bandages","Blue Candle","Pantograph","Mercury Hourglass","Cursed Key","Calipers","Strawberry","Dodecahedron"],"card_choices":[{"not_picked":["PiercingWail","Acrobatics"],"picked":"Slice","floor":1.0},{"not_picked":["Eviscerate","Dodge and Roll"],"picked":"Sucker Punch","floor":4.0},{"not_picked":["Noxious Fumes","Underhanded Strike"],"picked":"Flying Knee","floor":7.0},{"not_picked":["Envenom+1","Acrobatics"],"picked":"Dagger Throw","floor":11.0},{"not_picked":["Dagger Spray","Flechettes"],"picked":"Bouncing Flask","floor":12.0},{"not_picked":["Bane","Slice"],"picked":"Quick Slash","floor":13.0},{"not_picked":["Backflip","Dagger Spray"],"picked":"Footwork+1","floor":14.0},{"not_picked":["Venomology","A Thousand Cuts+1"],"picked":"Envenom+1","floor":16.0},{"not_picked":["Quick Slash+1","Calculated Gamble"],"picked":"Noxious Fumes+1","floor":18.0},{"not_picked":["Predator","Concentrate"],"picked":"Cloak And Dagger+1","floor":21.0},{"not_picked":["Accuracy+1","Bane"],"picked":"Venomology","floor":24.0},{"not_picked":["Slice","Bane"],"picked":"Backstab","floor":29.0},{"not_picked":["Deadly Poison","Crippling Poison"],"picked":"Cloak And Dagger","floor":31.0},{"not_picked":["Doppelganger","Grand Finale"],"picked":"Venomology","floor":33.0},{"not_picked":["Poisoned Stab","Outmaneuver"],"picked":"Dash+1","floor":35.0},{"not_picked":["Deflect+1","Dagger Spray+1"],"picked":"Cloak And Dagger","floor":36.0},{"not_picked":["Accuracy+1","Reflex+1"],"picked":"Dodge and Roll","floor":37.0},{"not_picked":["Choke+1","Blade Dance"],"picked":"Malaise+1","floor":41.0},{"not_picked":["PiercingWail","Acrobatics"],"picked":"Cloak And Dagger+1","floor":42.0},{"not_picked":["Dark Shackles","Blind"],"picked":"Panache","floor":45.0},{"not_picked":["Jack Of All Trades","Swift Strike"],"picked":"Sadistic Nature","floor":45.0},{"not_picked":["Mind Blast","Madness"],"picked":"Magnetism","floor":45.0},{"not_picked":["Masterful Stab+1","Deflect"],"picked":"Calculated Gamble+1","floor":46},{"not_picked":["Underhanded Strike","Deadly Poison"],"picked":"Backflip+1","floor":49}],"player_experience":443334,"potions_floor_usage":[46,46,47,50,50,50],"damage_taken":[{"damage":7.0,"enemies":"Small Slimes","floor":1.0,"turns":5.0},{"damage":0.0,"enemies":"2 Louse","floor":4.0,"turns":3.0},{"damage":21.0,"enemies":"The Mushroom Lair","floor":7.0,"turns":7.0},{"damage":0.0,"enemies":"Jaw Worm","floor":11.0,"turns":3.0},{"damage":2.0,"enemies":"3 Sentries","floor":12.0,"turns":6.0},{"damage":0.0,"enemies":"Large Slime","floor":13.0,"turns":4.0},{"damage":0.0,"enemies":"2 Fungi Beasts","floor":14.0,"turns":3.0},{"damage":4.0,"enemies":"The Guardian","floor":16.0,"turns":12.0},{"damage":18.0,"enemies":"2 Thieves","floor":18.0,"turns":4.0},{"damage":17.0,"enemies":"3 Byrds","floor":21.0,"turns":5.0},{"damage":9.0,"enemies":"Book of Stabbing","floor":24.0,"turns":8.0},{"damage":0.0,"enemies":"Centurion and Healer","floor":29.0,"turns":5.0},{"damage":0.0,"enemies":"3 Cultists","floor":31.0,"turns":5.0},{"damage":24.0,"enemies":"Champ","floor":33.0,"turns":11.0},{"damage":27.0,"enemies":"3 Darklings","floor":35.0,"turns":6.0},{"damage":13.0,"enemies":"Orb Walker","floor":36.0,"turns":3.0},{"damage":1.0,"enemies":"Mysterious Sphere","floor":37.0,"turns":4.0},{"damage":28.0,"enemies":"Giant Head","floor":41.0,"turns":10.0},{"damage":1,"enemies":"Spire Growth","floor":46,"turns":5},{"damage":0,"enemies":"4 Shapes","floor":47,"turns":1},{"damage":29,"enemies":"Time Eater","floor":50,"turns":11}],"relics_obtained":[{"floor":7.0,"key":"Odd Mushroom"},{"floor":9.0,"key":"Gremlin Horn"},{"floor":10.0,"key":"Frozen Egg 2"},{"floor":12.0,"key":"Ginger"},{"floor":24.0,"key":"Blue Candle"},{"floor":26.0,"key":"Pantograph"},{"floor":28.0,"key":"Mercury Hourglass"},{"floor":37.0,"key":"Calipers"},{"floor":41.0,"key":"Strawberry"},{"floor":43.0,"key":"Dodecahedron"}],"event_choices":[{"event_name":"Shining Light","player_choice":"Entered Light","floor":2.0,"damage_taken":0.0},{"event_name":"Living Wall","player_choice":"Forget","floor":3.0,"damage_taken":0.0},{"event_name":"Scrap Ooze","player_choice":"success","floor":5.0,"damage_taken":3.0},{"event_name":"Mushrooms","player_choice":"Fought Mushrooms","floor":7.0,"damage_taken":0.0},{"event_name":"Addict","player_choice":"Ignored","floor":20.0,"damage_taken":0.0},{"event_name":"Vampires","player_choice":"Became a vampire","floor":22.0,"damage_taken":0.0},{"event_name":"Golden Shrine","player_choice":"Pray","floor":30.0,"damage_taken":0.0},{"event_name":"Mysterious Sphere","player_choice":"Fight","floor":37.0,"damage_taken":0.0},{"event_name":"Accursed Blacksmith","player_choice":"Forge","floor":38.0,"damage_taken":0.0},{"event_name":"Winding Halls","player_choice":"Embrace Madness","floor":39.0,"damage_taken":0.0},{"event_name":"SensoryStone","player_choice":"Memory 3","floor":45.0,"damage_taken":0.0}],"boss_relics":[],"items_purged_floors":[48],"potions_floor_spawned":[1,11,14,31,36,41,46],"seed_played":"6710939365626517404","ascension_level":0,"potions_obtained":[{"floor":1.0,"key":"GhostInAJar"},{"floor":11.0,"key":"Fruit Juice"},{"floor":14.0,"key":"Explosive Potion"},{"floor":31.0,"key":"LiquidBronze"},{"floor":41.0,"key":"Block Potion"},{"floor":46,"key":"AttackPotion"}],"is_trial":false}