{"gold_per_floor":[16,28,41,41,54,54,88,88,115,145,157,187,217,239,251,365,377,408,420,452,464,476,513,525,549,561,593,605,617,643,18,18,123,123,135,135,135,150,165,165,194,194,194,205,205,1,12,12,12,12],"floor_reached":51,"playtime":2575,"items_purged":["Writhe"],"score":809,"play_id":"eff5d1eb-0b36-457e-87dc-92076c459b04","local_time":"20181018221234","is_ascension_mode":false,"campfire_choices":[{"data":"Zap","floor":6,"key":"SMITH"},{"data":"Hologram","floor":8,"key":"SMITH"},{"data":"Dualcast","floor":11,"key":"SMITH"},{"data":"Creative AI","floor":15,"key":"SMITH"},{"data":"Turbo","floor":24,"key":"SMITH"},{"floor":29,"key":"REST"},{"floor":32,"key":"REST"},{"floor":40,"key":"REST"},{"floor":42,"key":"REST"},{"floor":49,"key":"REST"}],"neow_cost":"NO_GOLD","seed_source_timestamp":396125062867457,"circlet_count":0,"master_deck":["Strike_B","Strike_B","Strike_B","Strike_B","Defend_B","Defend_B","Defend_B","Defend_B","Zap+1","Dualcast+1","Genetic Algorithm","Cold Snap","Cold Snap","Gash","Hologram+1","Doom and Gloom","Turbo+1","Creative AI+1","Buffer","Ball Lightning","Echo Form","Rebound","Necronomicurse","Echo Form","Turbo+1","Defragment","Gash+1","Magnetism","Fission","Turbo","Genetic Algorithm","Coolheaded+1","Parasite","Streamline","Auto Shields"],"relics":["FrozenCore","Strawberry","PreservedInsect","MawBank","Necronomicon","Smiling Mask","Question Card","DataDisk","Gremlin Horn","ClockworkSouvenir","Cursed Key","Centennial Puzzle","Pear"],"potions_floor_usage":[7,18,23,23,23,27,39,44,47,50,50],"damage_taken":[{"damage":8,"enemies":"Jaw Worm","floor":1,"turns":3},{"damage":6,"enemies":"Cultist","floor":2,"turns":4},{"damage":12,"enemies":"Small Slimes","floor":3,"turns":4},{"damage":6,"enemies":"Looter","floor":5,"turns":3},{"damage":4,"enemies":"Gremlin Nob","floor":7,"turns":5},{"damage":13,"enemies":"Lagavulin","floor":10,"turns":5},{"damage":0,"enemies":"2 Fungi Beasts","floor":12,"turns":3},{"damage":9,"enemies":"3 Louse","floor":13,"turns":2},{"damage":0,"enemies":"Blue Slaver","floor":14,"turns":4},{"damage":20,"enemies":"Slime Boss","floor":16,"turns":5},{"damage":5,"enemies":"Chosen","floor":18,"turns":9},{"damage":3,"enemies":"Shell Parasite","floor":20,"turns":7},{"damage":35,"enemies":"Slavers","floor":23,"turns":3},{"damage":16,"enemies":"Snecko","floor":25,"turns":7},{"damage":0,"enemies":"Cultist and Chosen","floor":27,"turns":7},{"damage":3,"enemies":"Sentry and Sphere","floor":30,"turns":6},{"damage":21,"enemies":"Automaton","floor":33,"turns":8},{"damage":39,"enemies":"3 Darklings","floor":35,"turns":8},{"damage":16,"enemies":"3 Shapes","floor":38,"turns":5},{"damage":23,"enemies":"Writhing Mass","floor":39,"turns":7},{"damage":31,"enemies":"Reptomancer","floor":41,"turns":7},{"damage":16,"enemies":"Jaw Worm Horde","floor":44,"turns":4},{"damage":22,"enemies":"3 Darklings","floor":47,"turns":2},{"damage":28,"enemies":"Time Eater","floor":50,"turns":18}],"seed_played":"-6725197348172407948","potions_obtained":[{"floor":2,"key":"LiquidBronze"},{"floor":5,"key":"SkillPotion"},{"floor":7,"key":"EssenceOfSteel"},{"floor":10,"key":"GamblersBrew"},{"floor":20,"key":"Regen Potion"},{"floor":23,"key":"Block Potion"},{"floor":33,"key":"Weak Potion"},{"floor":41,"key":"EssenceOfSteel"}],"is_trial":false,"path_per_floor":["M","M","M","?","M","R","E","R","T","E","R","M","M","M","R","B",null,"M","?","M","?","?","E","R","M","T","M","?","R","M","$","R","B",null,"M","?","?","M","M","R","E","R","T","M","?","$","M","?","R","B"],"character_chosen":"DEFECT","items_purchased":["Gremlin Horn","ClockworkSouvenir","Magnetism","Block Potion","SteroidPotion","Weak Potion"],"campfire_rested":5,"item_purchase_floors":[31,31,31,46,46,46],"current_hp_per_floor":[81,75,63,89,83,83,86,86,86,73,73,73,64,64,64,44,96,91,91,88,72,72,46,46,30,30,30,11,41,38,38,68,47,101,62,62,62,46,23,53,22,52,62,46,74,74,52,52,85,57],"gold":12,"neow_bonus":"TWENTY_PERCENT_HP_BONUS","is_prod":false,"is_daily":false,"chose_seed":false,"campfire_upgraded":5,"win_rate":0,"timestamp":1539889954,"path_taken":["M","M","M","?","?","R","E","R","T","E","R","M","M","M","R","BOSS","M","?","M","?","?","E","R","M","T","M","?","R","?","?","R","BOSS","M","?","?","M","M","R","E","R","T","?","?","$","M","?","R","BOSS"],"build_version":"2018-10-17v3","purchased_purges":1,"victory":true,"max_hp_per_floor":[89,89,89,89,89,89,96,96,96,96,96,96,96,96,96,96,96,96,96,96,96,96,96,96,96,96,96,101,101,101,101,101,101,101,101,101,101,101,101,101,101,101,111,111,111,111,111,111,111,111],"card_choices":[{"not_picked":["Redo","Barrage"],"picked":"Genetic Algorithm","floor":1},{"not_picked":["Skim","Compile Driver"],"picked":"Cold Snap","floor":2},{"not_picked":["Self Repair","Blizzard"],"picked":"Cold Snap","floor":3},{"not_picked":["Barrage","Cold Snap"],"picked":"Gash","floor":5},{"not_picked":["Coolheaded","Undo"],"picked":"Hologram","floor":7},{"not_picked":["Chill","Static Discharge"],"picked":"Doom and Gloom","floor":10},{"not_picked":["Darkness","Conserve Battery"],"picked":"Turbo","floor":12},{"not_picked":["FTL","Ball Lightning"],"picked":"Creative AI","floor":13},{"not_picked":["Go for the Eyes","Double Energy"],"picked":"FTL","floor":14},{"not_picked":["Seek","Multi-Cast"],"picked":"Buffer","floor":16},{"not_picked":["Beam Cell","Turbo"],"picked":"Ball Lightning","floor":18},{"not_picked":["Doom and Gloom","Leap"],"picked":"Rebound","floor":20},{"not_picked":["Go for the Eyes","Stack"],"picked":"Echo Form","floor":23},{"not_picked":["Stack","Self Repair","Coolheaded"],"picked":"Turbo+1","floor":25},{"not_picked":["Gash","Cold Snap","Coolheaded"],"picked":"Defragment","floor":27},{"not_picked":["FTL","Sweeping Beam","Ball Lightning"],"picked":"Gash+1","floor":30},{"not_picked":["Biased Cognition","Seek","Rainbow"],"picked":"Fission","floor":33},{"not_picked":["Melter","Conserve Battery","Leap+1"],"picked":"Turbo","floor":35},{"not_picked":["Rebound+1","Reinforced Body","Stack+1"],"picked":"Coolheaded+1","floor":38},{"not_picked":["Leap","Gash+1","Ball Lightning","Darkness+1"],"picked":"SKIP","floor":39},{"not_picked":["Gash","FTL+1","Hello World","Rip and Tear+1"],"picked":"SKIP","floor":41},{"not_picked":["Gash","Double Energy+1","Melter"],"picked":"Streamline","floor":44},{"not_picked":["Thunder Strike","Reinforced Body","Coolheaded"],"picked":"Auto Shields","floor":47}],"player_experience":803977,"relics_obtained":[{"floor":7,"key":"Strawberry"},{"floor":9,"key":"PreservedInsect"},{"floor":10,"key":"MawBank"},{"floor":21,"key":"Necronomicon"},{"floor":23,"key":"Question Card"},{"floor":26,"key":"DataDisk"},{"floor":41,"key":"Centennial Puzzle"},{"floor":43,"key":"Pear"}],"event_choices":[{"damage_healed":26,"gold_gain":0,"player_choice":"Full Heal","damage_taken":0,"max_hp_gain":0,"max_hp_loss":0,"event_name":"Wheel of Change","floor":4,"gold_loss":0},{"damage_healed":0,"gold_gain":0,"player_choice":"Read","damage_taken":0,"max_hp_gain":0,"max_hp_loss":0,"event_name":"The Library","floor":19,"gold_loss":0,"cards_obtained":["Echo Form"]},{"damage_healed":0,"gold_gain":0,"player_choice":"Obtained Book","damage_taken":16,"max_hp_gain":0,"max_hp_loss":0,"event_name":"Cursed Tome","floor":21,"gold_loss":0},{"damage_healed":0,"gold_gain":0,"player_choice":"Opened","damage_taken":0,"relics_obtained":["Smiling Mask"],"max_hp_gain":0,"max_hp_loss":0,"event_name":"The Mausoleum","floor":22,"gold_loss":0},{"damage_healed":0,"gold_gain":0,"player_choice":"Shed Blood","damage_taken":24,"max_hp_gain":5,"max_hp_loss":0,"event_name":"Forgotten Altar","floor":28,"gold_loss":0},{"damage_healed":0,"gold_gain":0,"player_choice":"Ignored","damage_taken":0,"max_hp_gain":0,"max_hp_loss":0,"event_name":"Tomb of Lord Red Mask","floor":36,"gold_loss":0},{"damage_healed":0,"gold_gain":0,"player_choice":"Copied","damage_taken":0,"max_hp_gain":0,"max_hp_loss":0,"event_name":"Duplicator","floor":37,"gold_loss":0,"cards_obtained":["Genetic Algorithm"]},{"damage_healed":28,"gold_gain":0,"player_choice":"Writhe","damage_taken":0,"max_hp_gain":0,"max_hp_loss":0,"event_name":"Winding Halls","floor":45,"gold_loss":0,"cards_obtained":["Writhe"]},{"cards_removed":["FTL"],"damage_healed":0,"gold_gain":0,"player_choice":"Removed Attack","damage_taken":0,"max_hp_gain":0,"max_hp_loss":0,"event_name":"Falling","floor":48,"gold_loss":0}],"is_beta":true,"boss_relics":[{"not_picked":["Tiny House","Snecko Eye"],"picked":"FrozenCore"},{"not_picked":["Nuclear Battery","Orrery"],"picked":"Cursed Key"}],"items_purged_floors":[46],"is_endless":false,"potions_floor_spawned":[2,5,7,10,20,23,33,41],"ascension_level":0}