{"path_per_floor":["M","$","?","M","M","R","M","E","T","?","M","M","R","M","R","B",null,"M","M","?","M","?","R","E","M","T","T","$","R","M","T","R","B",null,"M","M","$","M","M","E","M","R","T","R","?","M","?","M","R","B"],"character_chosen":"IRONCLAD","items_purchased":["Torii","Bandage Up","Singing Bowl"],"gold_per_floor":[117,42,42,55,70,70,88,122,122,122,137,151,151,166,166,269,269,287,306,306,326,326,326,356,376,458,458,43,43,62,141,141,240,240,256,266,16,26,38,69,79,79,79,79,134,146,146,164,164,164],"floor_reached":51,"campfire_rested":1,"playtime":3079,"current_hp_per_floor":[80,80,85,85,63,63,30,28,28,28,24,30,30,13,38,35,85,61,62,62,39,39,39,42,33,33,33,33,33,46,46,46,54,59,59,59,59,61,42,49,67,67,67,67,35,69,69,71,71,71],"items_purged":["Strike_R","Normality"],"gold":164,"score":579,"play_id":"1cc36ced-7bd7-46b8-83d0-e303b0710dff","is_prod":false,"is_daily":false,"is_ascension_mode":false,"campfire_upgraded":8,"path_taken":["M","$","?","?","?","R","M","E","T","?","M","M","R","M","R","BOSS","M","M","?","M","?","R","E","?","T","?","?","R","?","?","R","BOSS","M","M","$","M","M","E","?","R","T","R","?","M","?","M","R","BOSS"],"build_version":"2018-02-08-BETA1","purchased_purges":2,"victory":true,"master_deck":["Defend_R","Defend_R","Defend_R","Defend_R","Bash","Clumsy","Demon Form+1","Limit Break","Corruption+1","Sword Boomerang+1","Double Tap+1","Flex+1","Thunderclap","Power Through","Dark Embrace+1","Inflame+1","Armaments+1","Bite","Bite","Bite","Bite","Bite","Heavy Blade+1","Intimidate","Bandage Up+1","Ghostly Armor+1","Offering+1","Clumsy","Writhe","Infernal Blade+1","Sentinel+1","Shockwave+1"],"max_hp_per_floor":[80,80,85,85,85,85,85,85,85,85,85,85,85,85,85,85,85,85,85,85,85,59,59,59,59,59,59,59,59,59,59,59,59,59,59,59,59,61,63,65,67,67,67,67,67,69,69,71,71,71],"relics":["Burning Blood","Gremlin Horn","Du-Vu Doll","Lizard Tail","Ice Cream","Tiny Chest","Magic Flower","Torii","Bottled Lightning","Calling Bell","Happy Flower","Bronze Scales","Toxic Egg 2","Singing Bowl","Orichalcum","Lantern","Red Skull"],"card_choices":[{"not_picked":["Immolate","Dark Embrace"],"picked":"Demon Form"},{"not_picked":["Armaments","Headbutt"],"picked":"Limit Break"},{"not_picked":["True Grit","Wild Strike"],"picked":"Pummel"},{"not_picked":["Sever Soul","Evolve"],"picked":"Corruption"},{"not_picked":["Dual Wield","Burning Pact"],"picked":"Sword Boomerang"},{"not_picked":["Shrug It Off","Evolve"],"picked":"Double Tap"},{"not_picked":["Rage","Cleave"],"picked":"Flex"},{"not_picked":["Warcry","Flex"],"picked":"Thunderclap"},{"not_picked":["Flex","Cleave"],"picked":"Power Through"},{"not_picked":["Juggernaut","Demon Form"],"picked":"Dark Embrace"},{"not_picked":["Sword Boomerang","Rage"],"picked":"Inflame"},{"not_picked":["Flex","Body Slam"],"picked":"Armaments"},{"not_picked":["Clothesline","Hemokinesis"],"picked":"Heavy Blade"},{"not_picked":["Twin Strike","Bludgeon"],"picked":"Intimidate"},{"not_picked":["Heavy Blade","Clothesline"],"picked":"Ghostly Armor"},{"not_picked":["Bludgeon","Dark Embrace"],"picked":"Offering"},{"not_picked":["Clash","Hemokinesis"],"picked":"Infernal Blade"},{"not_picked":["Sword Boomerang","Hemokinesis"],"picked":"Sentinel"},{"not_picked":["Cleave","Rage"],"picked":"Shockwave"}],"player_experience":198567,"potions_floor_usage":[14,16,16,18,21,24,24,25,30,33,35,50,50,50],"damage_taken":[{"damage":5,"enemies":"Small Slimes","floor":1,"turns":4},{"damage":2,"enemies":"2 Louse","floor":4,"turns":4},{"damage":28,"enemies":"Blue Slaver","floor":5,"turns":5},{"damage":39,"enemies":"Gremlin Gang","floor":7,"turns":6},{"damage":8,"enemies":"Lagavulin","floor":8,"turns":5},{"damage":10,"enemies":"Looter","floor":11,"turns":3},{"damage":0,"enemies":"Exordium Wildlife","floor":12,"turns":2},{"damage":23,"enemies":"Gremlin Gang","floor":14,"turns":3},{"damage":9,"enemies":"Hexaghost","floor":16,"turns":4},{"damage":30,"enemies":"3 Byrds","floor":18,"turns":6},{"damage":5,"enemies":"Spheric Guardian","floor":19,"turns":3},{"damage":29,"enemies":"Centurion and Healer","floor":21,"turns":7},{"damage":44,"enemies":"Gremlin Leader","floor":24,"turns":7},{"damage":21,"enemies":"Snake Plant","floor":25,"turns":4},{"damage":29,"enemies":"Cultist and Chosen","floor":30,"turns":4},{"damage":36,"enemies":"Champ","floor":33,"turns":7},{"damage":11,"enemies":"Flame Bruiser 1 Orb","floor":35,"turns":3},{"damage":14,"enemies":"Orb Walker","floor":36,"turns":3},{"damage":20,"enemies":"Maw","floor":38,"turns":5},{"damage":42,"enemies":"4 Shapes","floor":39,"turns":4},{"damage":31,"enemies":"Giant Head","floor":40,"turns":6},{"damage":4,"enemies":"3 Darklings","floor":41,"turns":2},{"damage":56,"enemies":"Mysterious Sphere","floor":45,"turns":5},{"damage":10,"enemies":"Maw","floor":46,"turns":5},{"damage":26,"enemies":"Flame Bruiser 2 Orb","floor":48,"turns":3},{"damage":29,"enemies":"Donu and Deca","floor":50,"turns":5}],"event_choices":[{"event_name":"Big Fish","player_choice":"Donut","floor":3,"damage_taken":0},{"event_name":"Living Wall","player_choice":"Forget","floor":10,"damage_taken":0},{"event_name":"The Lab","player_choice":"Got Potions","floor":20,"damage_taken":0},{"event_name":"Vampires","player_choice":"Became a vampire","floor":22,"damage_taken":0},{"event_name":"Mysterious Sphere","player_choice":"Fight","floor":45,"damage_taken":0}],"boss_relics":[{"not_picked":["Runic Dome","Philosopher\u0027s Stone"],"picked":"Lizard Tail"},{"not_picked":["Pandora\u0027s Box","Velvet Choker"],"picked":"Calling Bell"}],"potions_floor_spawned":[4,7,11,16,24,25,30,33,35,39,45,46],"seed_played":"-772699183841974946","ascension_level":0,"is_trial":false}