{"gold_per_floor":[118,193,45,65,65,65,95,95,95,120,140,174,209,222,222,322,272,288,113,113,113,125,159,159,159,159,159,175,192,292,325,325,425,425,445,15,15,33,43,43,75,0,0,0,25,25,59,59,59,59],"floor_reached":51,"playtime":2462,"items_purged":["Strike_G","Pain"],"score":1095,"play_id":"545cf888-2063-45a7-9b57-13d584a3de8c","local_time":"20190222133349","is_ascension_mode":true,"campfire_choices":[{"data":"Blade Dance","floor":6.0,"key":"SMITH"},{"data":"Panache","floor":8.0,"key":"SMITH"},{"data":"Escape Plan","floor":15.0,"key":"SMITH"},{"data":"Blade Dance","floor":24.0,"key":"SMITH"},{"data":"Bullet Time","floor":27.0,"key":"SMITH"},{"data":"Cloak And Dagger","floor":32.0,"key":"SMITH"},{"data":"Bouncing Flask","floor":40,"key":"SMITH"},{"data":"Adrenaline","floor":44,"key":"SMITH"},{"data":"Accuracy","floor":46,"key":"SMITH"},{"data":"Leg Sweep","floor":49,"key":"SMITH"}],"neow_cost":"","seed_source_timestamp":0,"circlet_count":0,"master_deck":["Defend_G","Defend_G","Defend_G","Defend_G","Defend_G","Strike_G","Survivor","Neutralize","Backstab","Panache+1","PiercingWail","Backflip","Blade Dance+1","Slice","Sucker Punch","Escape Plan+1","Leg Sweep+1","Infinite Blades","Endless Agony+1","Flying Knee+1","Well Laid Plans","Corpse Explosion","Adrenaline+1","Acrobatics","Accuracy+1","Choke+1","Blade Dance+1","Cloak And Dagger+1","Blade Dance+1","Finisher+1","Venomology","Deadly Poison+1","Endless Agony+1","Well Laid Plans","Corruption+1","Noxious Fumes+1","Bouncing Flask+1","Cloak And Dagger+1","Glass Knife+1","Calculated Gamble+1","Writhe"],"special_seed":0,"relics":["Ring of the Snake","Paper Crane","Lee\u0027s Waffle","Blood Vial","Molten Egg 2","WingedGreaves","Prayer Wheel","Mummified Hand","energizedSpire:HugeHouse","theJungle:ShellPeas","theJungle:SpiritDisease","Dodecahedron","Spirit Poop","Letter Opener","energizedSpire:HighHeels","Regal Pillow","Medical Kit","Pantograph","Red Mask","Bottled Flame","Darkstone Periapt","Pen Nib"],"potions_floor_usage":[39,41,45,50,50,50],"damage_taken":[{"damage":5.0,"enemies":"Jaw Worm","floor":1.0,"turns":4.0},{"damage":0.0,"enemies":"Small Slimes","floor":4.0,"turns":3.0},{"damage":5.0,"enemies":"3 Sentries","floor":7.0,"turns":4.0},{"damage":10.0,"enemies":"Lagavulin","floor":10.0,"turns":4.0},{"damage":0.0,"enemies":"2 Louse","floor":11.0,"turns":3.0},{"damage":7.0,"enemies":"3 Sentries","floor":12.0,"turns":7.0},{"damage":15.0,"enemies":"Lagavulin","floor":13.0,"turns":7.0},{"damage":0.0,"enemies":"2 Fungi Beasts","floor":14.0,"turns":3.0},{"damage":9.0,"enemies":"Hexaghost","floor":16.0,"turns":7.0},{"damage":0.0,"enemies":"theJungle:5_Spyders","floor":18.0,"turns":5.0},{"damage":2.0,"enemies":"theJungle:MUSHROOMGANG","floor":22.0,"turns":2.0},{"damage":15.0,"enemies":"theJungle:MamaSnecko","floor":23.0,"turns":4.0},{"damage":0.0,"enemies":"theJungle:2_Snecko_Cultists","floor":28.0,"turns":2.0},{"damage":0.0,"enemies":"theJungle:Lyon","floor":29.0,"turns":2.0},{"damage":0.0,"enemies":"theJungle:2_Phrogs","floor":31.0,"turns":5.0},{"damage":2.0,"enemies":"theJungle:FunGuy","floor":33.0,"turns":6.0},{"damage":0,"enemies":"3 Darklings","floor":35,"turns":1},{"damage":5,"enemies":"3 Shapes","floor":38,"turns":4},{"damage":0,"enemies":"3 Darklings","floor":39,"turns":1},{"damage":4,"enemies":"Reptomancer","floor":41,"turns":4},{"damage":6,"enemies":"Nemesis","floor":45,"turns":5},{"damage":14,"enemies":"Reptomancer","floor":47,"turns":5},{"damage":31,"enemies":"Time Eater","floor":50,"turns":9}],"seed_played":"5048051956560472652","potions_obtained":[{"floor":10.0,"key":"Ancient Potion"},{"floor":12.0,"key":"SkillPotion"},{"floor":14.0,"key":"Fire Potion"},{"floor":16.0,"key":"EssenceOfSteel"},{"floor":28.0,"key":"PowerPotion"},{"floor":31.0,"key":"Weak Potion"},{"floor":35,"key":"AttackPotion"},{"floor":39,"key":"Block Potion"},{"floor":45,"key":"GamblersBrew"},{"floor":47,"key":"Dexterity Potion"}],"is_trial":false,"path_per_floor":["M","?","$","M","?","R","E","R","T","E","M","E","E","M","R","B",null,"M","?","?","?","M","E","R","?","T","R","M","M","?","E","R","B",null,"M","$","?","M","M","R","E","?","T","R","E","R","E","?","R","B",null],"character_chosen":"THE_SILENT","items_purchased":["Backstab","Infinite Blades","Paper Crane","Panache","PiercingWail","Backflip","Lee\u0027s Waffle","SkillPotion","AttackPotion","Weak Potion","Slice","Regal Pillow","Medical Kit","Well Laid Plans"],"campfire_rested":0,"item_purchase_floors":[0,0,0,0,0,0,0,0,0,0,3,36,36,36],"current_hp_per_floor":[72,61,61,61,66,66,61,61,61,53,55,50,37,39,39,32,77,77,77,77,77,75,62,62,52,52,52,54,56,51,53,53,53,77,77,77,77,72,74,74,72,72,72,72,68,68,56,81,81,52],"gold":59,"neow_bonus":"","is_prod":false,"is_daily":false,"chose_seed":false,"campfire_upgraded":10,"win_rate":0,"timestamp":1550831629,"path_taken":["M","?","$","M","?","R","E","R","T","E","M","E","E","M","R","BOSS","M","?","?","?","M","E","R","?","T","R","M","M","?","E","R","BOSS","M","$","?","M","?","R","E","?","T","R","E","R","E","?","R","BOSS"],"build_version":"2019-02-06","purchased_purges":2,"victory":true,"max_hp_per_floor":[77,77,77,77,82,82,82,82,82,82,82,82,82,82,82,82,77,77,77,77,77,77,77,77,77,77,77,77,77,77,77,77,77,77,77,77,77,77,77,77,77,77,77,77,77,77,77,83,83,83],"card_choices":[{"not_picked":["Deadly Poison","Flying Knee"],"picked":"Blade Dance","floor":1.0},{"not_picked":["Catalyst","Acrobatics"],"picked":"Sucker Punch","floor":4.0},{"not_picked":["Expertise","Acrobatics"],"picked":"Escape Plan","floor":7.0},{"not_picked":["Bane+1","Masterful Stab+1"],"picked":"Leg Sweep","floor":10.0},{"not_picked":["Tactician","PiercingWail"],"picked":"Bullet Time","floor":11.0},{"not_picked":["Bouncing Flask","Flying Knee+1"],"picked":"Infinite Blades","floor":12.0},{"not_picked":["PiercingWail","Backstab+1"],"picked":"Endless Agony+1","floor":13.0},{"not_picked":["Quick Slash+1","Sucker Punch+1"],"picked":"Flying Knee+1","floor":14.0},{"not_picked":["Dodge and Roll","Outmaneuver"],"picked":"Well Laid Plans","floor":14.0},{"not_picked":["Malaise","Wraith Form v2"],"picked":"Corpse Explosion","floor":16.0},{"not_picked":["Masterful Stab+1","Endless Agony+1"],"picked":"Acrobatics","floor":18.0},{"not_picked":["Terror","Expertise"],"picked":"Accuracy","floor":18.0},{"not_picked":["Bouncing Flask","Skewer+1"],"picked":"Choke+1","floor":22.0},{"not_picked":["Reflex","Poisoned Stab+1","Eviscerate+1"],"picked":"SKIP","floor":22.0},{"not_picked":["Outmaneuver","All Out Attack+1"],"picked":"Blade Dance","floor":23.0},{"not_picked":["PiercingWail+1","Sucker Punch+1"],"picked":"Cloak And Dagger","floor":28.0},{"not_picked":["Acrobatics+1","Expertise","Flying Knee+1"],"picked":"SKIP","floor":28.0},{"not_picked":["Sucker Punch+1","Bane+1"],"picked":"Blade Dance+1","floor":29.0},{"not_picked":["All Out Attack+1","Poisoned Stab+1","Phantasmal Killer"],"picked":"SKIP","floor":29.0},{"not_picked":["Infinite Blades","Outmaneuver"],"picked":"Finisher+1","floor":31.0},{"not_picked":["Wraith Form v2","Tools of the Trade"],"picked":"Venomology","floor":33.0},{"not_picked":["Blade Dance","Prepared"],"picked":"Deadly Poison+1","floor":35},{"not_picked":["Choke+1","Slice+1"],"picked":"Endless Agony+1","floor":35},{"not_picked":["Adrenaline","Outmaneuver"],"picked":"Noxious Fumes+1","floor":38},{"not_picked":["Sucker Punch+1","PiercingWail","Bane+1"],"picked":"SKIP","floor":38},{"not_picked":["Deflect+1","Deadly Poison+1"],"picked":"Bouncing Flask","floor":39},{"not_picked":["Noxious Fumes+1","Skewer+1","Outmaneuver+1"],"picked":"SKIP","floor":39},{"not_picked":["Sucker Punch+1","Catalyst"],"picked":"Cloak And Dagger+1","floor":41},{"not_picked":["Dagger Spray+1","Dagger Throw+1"],"picked":"Glass Knife+1","floor":45},{"not_picked":["Deadly Poison+1","Eviscerate+1"],"picked":"Calculated Gamble+1","floor":47}],"player_experience":1158797,"relics_obtained":[{"floor":7.0,"key":"Blood Vial"},{"floor":9.0,"key":"Molten Egg 2"},{"floor":10.0,"key":"WingedGreaves"},{"floor":12.0,"key":"Prayer Wheel"},{"floor":13.0,"key":"Mummified Hand"},{"floor":23.0,"key":"Dodecahedron"},{"floor":26.0,"key":"Spirit Poop"},{"floor":31.0,"key":"Letter Opener"},{"floor":41,"key":"Pantograph"},{"floor":43,"key":"Bottled Flame"},{"floor":45,"key":"Darkstone Periapt"},{"floor":47,"key":"Pen Nib"}],"event_choices":[{"damage_healed":0.0,"max_hp_gain":0.0,"max_hp_loss":0.0,"gold_gain":75.0,"event_name":"World of Goop","player_choice":"Gather Gold","floor":2.0,"gold_loss":0.0,"damage_taken":11.0},{"damage_healed":0.0,"max_hp_gain":5.0,"max_hp_loss":0.0,"gold_gain":0.0,"event_name":"Big Fish","player_choice":"Donut","floor":5.0,"gold_loss":0.0,"damage_taken":0.0},{"cards_removed":["Bullet Time"],"damage_healed":0,"gold_gain":0,"player_choice":"Took Card","damage_taken":0,"max_hp_gain":0,"max_hp_loss":0,"event_name":"NoteForYourself","floor":37,"gold_loss":0,"cards_obtained":["Corruption"]},{"damage_healed":0,"gold_gain":0,"player_choice":"Paid","damage_taken":0,"relics_obtained":["Red Mask"],"max_hp_gain":0,"max_hp_loss":0,"event_name":"Tomb of Lord Red Mask","floor":42,"gold_loss":75},{"damage_healed":19,"gold_gain":0,"player_choice":"Writhe","damage_taken":0,"max_hp_gain":0,"max_hp_loss":0,"event_name":"Winding Halls","floor":48,"gold_loss":0,"cards_obtained":["Writhe"]}],"is_beta":true,"boss_relics":[{"not_picked":["Ectoplasm","Busted Crown"],"picked":"energizedSpire:HugeHouse"},{"not_picked":["Runic Dome","Sozu"],"picked":"energizedSpire:HighHeels"}],"items_purged_floors":[0,3],"is_endless":false,"potions_floor_spawned":[10,12,14,16,22,28,31,35,39,45,47],"ascension_level":1}