{"path_per_floor":["M","M","?","M","?","E","R","M","T","R","M","M","E","M","R","B",null,"M","$","?","M","M","$","E","R","T","?","M","E","R","M","R"],"character_chosen":"THE_SILENT","items_purchased":["Pen Nib","Bronze Scales","Poison Potion"],"gold_per_floor":[119,131,131,147,147,177,177,195,219,219,237,256,287,307,307,402,402,415,34,34,44,57,8,33,33,33,33,49,78,78,90,90],"floor_reached":33,"campfire_rested":3,"playtime":1676,"current_hp_per_floor":[69,67,67,67,49,42,42,35,35,35,31,29,13,13,34,12,70,61,61,61,41,41,41,34,55,55,55,50,47,47,23,44],"items_purged":["Strike_G"],"gold":90,"score":299,"play_id":"9f1cb8d7-bf6d-4c1d-b954-b918af5e24bc","is_prod":false,"is_daily":false,"is_ascension_mode":false,"campfire_upgraded":3,"path_taken":["M","M","?","?","?","E","R","M","T","R","M","M","E","?","R","BOSS","M","$","?","M","M","?","E","R","T","?","M","E","R","M","R","BOSS"],"build_version":"2018-02-21-BETA2","purchased_purges":1,"victory":false,"master_deck":["Defend_G","Defend_G","Defend_G","Strike_G","Strike_G","Strike_G","Strike_G","Survivor","Neutralize+1","Quick Slash","Dash+1","PiercingWail","Poisoned Stab","Tools of the Trade","Cloak And Dagger","Cloak And Dagger","Flying Knee","Terror","Tactician","Backflip","Eviscerate","Bullet Time","Endless Agony","Leg Sweep+1","Setup+1","Deflect+1"],"max_hp_per_floor":[70,70,70,70,70,70,70,70,70,70,70,70,70,70,70,70,70,70,70,70,70,70,70,70,70,70,70,70,70,70,70,70],"relics":["Ring of the Snake","Mummified Hand","Centennial Puzzle","Orichalcum","Omamori","Black Star","Pen Nib","Bronze Scales","Bottled Lightning","The Courier","Calipers","Toxic Egg 2","Tough Bandages"],"card_choices":[{"not_picked":["PiercingWail","Caltrops"],"picked":"Quick Slash"},{"not_picked":["Prepared","Setup"],"picked":"Dash"},{"not_picked":["Deflect","Sucker Punch"],"picked":"PiercingWail"},{"not_picked":["Expertise","All Out Attack"],"picked":"Poisoned Stab"},{"not_picked":["Crippling Poison","Quick Slash"],"picked":"Tools of the Trade"},{"not_picked":["Deflect","Predator"],"picked":"Cloak And Dagger"},{"not_picked":["Dodge and Roll","Tools of the Trade"],"picked":"Cloak And Dagger"},{"not_picked":["Riddle With Holes","Burst"],"picked":"Flying Knee"},{"not_picked":["Dagger Spray","Underhanded Strike"],"picked":"Terror"},{"not_picked":["Night Terror","Tools of the Trade"],"picked":"Tactician"},{"not_picked":["Outmaneuver","Dodge and Roll"],"picked":"Backflip"},{"not_picked":["Deadly Poison","Poisoned Stab"],"picked":"Eviscerate"},{"not_picked":["PiercingWail","Deadly Poison"],"picked":"Bullet Time"},{"not_picked":["Sucker Punch","Acrobatics"],"picked":"Endless Agony"},{"not_picked":["Sucker Punch","All Out Attack"],"picked":"Leg Sweep"},{"not_picked":["Eviscerate","Dash"],"picked":"Setup"},{"not_picked":["Sucker Punch","Catalyst"],"picked":"Deflect"}],"player_experience":230376,"potions_floor_usage":[6,16,21,22,24,28,29,31],"damage_taken":[{"damage":1,"enemies":"Jaw Worm","floor":1,"turns":7},{"damage":2,"enemies":"Small Slimes","floor":2,"turns":4},{"damage":0,"enemies":"2 Louse","floor":4,"turns":3},{"damage":7,"enemies":"3 Sentries","floor":6,"turns":9},{"damage":7,"enemies":"Red Slaver","floor":8,"turns":4},{"damage":4,"enemies":"3 Louse","floor":11,"turns":3},{"damage":2,"enemies":"Looter","floor":12,"turns":3},{"damage":16,"enemies":"Gremlin Nob","floor":13,"turns":5},{"damage":0,"enemies":"Blue Slaver","floor":14,"turns":3},{"damage":22,"enemies":"Slime Boss","floor":16,"turns":13},{"damage":9,"enemies":"Spheric Guardian","floor":18,"turns":6},{"damage":20,"enemies":"2 Thieves","floor":21,"turns":4},{"damage":0,"enemies":"Snake Plant","floor":22,"turns":5},{"damage":7,"enemies":"Book of Stabbing","floor":24,"turns":4},{"damage":5,"enemies":"Cultist and Chosen","floor":28,"turns":5},{"damage":3,"enemies":"Slavers","floor":29,"turns":5},{"damage":24,"enemies":"Chosen and Byrds","floor":31,"turns":8},{"damage":59,"enemies":"Champ","floor":33,"turns":16}],"event_choices":[{"event_name":"Living Wall","player_choice":"Forget","floor":3,"damage_taken":0},{"event_name":"Scrap Ooze","player_choice":"success","floor":5,"damage_taken":18},{"event_name":"Drug Dealer","player_choice":"Ignored","floor":20,"damage_taken":0},{"event_name":"Back to Basics","player_choice":"Elegance","floor":27,"damage_taken":0}],"boss_relics":[{"not_picked":["Ectoplasm","Orrery"],"picked":"Black Star"}],"potions_floor_spawned":[2,6,11,13,16,21,24,28],"seed_played":"5488817174565335873","killed_by":"Champ","ascension_level":0,"is_trial":false}