{"gold_per_floor":[419,429,443,454,454,487,504,533,614,630,659,659,64,77,77,177,177,196,186,186,212,231,231],"floor_reached":23,"playtime":979,"items_purged":[],"score":226,"play_id":"08f34118-95fe-41c1-9200-e111d07c6c5e","local_time":"20181206204631","is_ascension_mode":true,"campfire_choices":[{"floor":12,"key":"REST"},{"data":"Hologram","floor":15,"key":"SMITH"}],"neow_cost":"PERCENT_DAMAGE","seed_source_timestamp":122100280621154,"circlet_count":0,"master_deck":["Strike_B","Strike_B","Strike_B","Strike_B","Defend_B+1","Defend_B","Defend_B","Defend_B","Zap","Dualcast+1","Melter","Sweeping Beam","Ball Lightning","Ball Lightning","Sunder","Go for the Eyes","Glacier","Ball Lightning","Stack","Mayhem","Flash of Steel","Conserve Battery","Hologram+1","Beam Cell","Streamline","Steam","Machine Learning","Cold Snap+1","Compile Driver","Rebound","Conserve Battery"],"relics":["Cracked Core","Old Coin","Ancient Tea Set","Strawberry","FossilizedHelix","War Paint","Inserter","Ice Cream","Red Mask"],"potions_floor_usage":[6,7,8,16,21,22],"damage_taken":[{"damage":1,"enemies":"Small Slimes","floor":1,"turns":3},{"damage":1,"enemies":"Cultist","floor":2,"turns":3},{"damage":0,"enemies":"2 Louse","floor":3,"turns":1},{"damage":0,"enemies":"Exordium Wildlife","floor":4,"turns":3},{"damage":11,"enemies":"3 Sentries","floor":6,"turns":4},{"damage":10,"enemies":"Looter","floor":7,"turns":3},{"damage":10,"enemies":"Gremlin Nob","floor":8,"turns":3},{"damage":5,"enemies":"3 Louse","floor":10,"turns":3},{"damage":14,"enemies":"3 Sentries","floor":11,"turns":6},{"damage":0,"enemies":"Large Slime","floor":14,"turns":3},{"damage":6,"enemies":"Hexaghost","floor":16,"turns":8},{"damage":6,"enemies":"Spheric Guardian","floor":18,"turns":4},{"damage":13,"enemies":"2 Thieves","floor":19,"turns":4},{"damage":15,"enemies":"Masked Bandits","floor":21,"turns":4},{"damage":12,"enemies":"Shelled Parasite and Fungi","floor":22,"turns":8},{"damage":39,"enemies":"Slavers","floor":23,"turns":2}],"seed_played":"-6723375277118026137","potions_obtained":[{"floor":1,"key":"SkillPotion"},{"floor":2,"key":"Weak Potion"},{"floor":4,"key":"AttackPotion"},{"floor":7,"key":"AttackPotion"},{"floor":14,"key":"Strength Potion"},{"floor":21,"key":"LiquidBronze"}],"is_trial":false,"path_per_floor":["M","M","M","M","?","E","M","E","T","M","E","R","$","M","R","B",null,"M","M","T","?","M","E"],"character_chosen":"DEFECT","items_purchased":["Mayhem","Flash of Steel","Conserve Battery","War Paint","Hologram","Beam Cell","Streamline"],"campfire_rested":1,"item_purchase_floors":[13,13,13,13,13,13,13],"current_hp_per_floor":[53,52,52,52,52,41,31,28,28,23,9,33,33,33,33,27,82,76,63,63,48,36,0],"gold":231,"neow_bonus":"ONE_RARE_RELIC","is_prod":false,"is_daily":false,"chose_seed":false,"campfire_upgraded":1,"win_rate":0,"timestamp":1544118391,"path_taken":["M","M","M","M","?","E","M","E","T","M","E","R","$","?","R","BOSS","M","M","?","?","M","E"],"build_version":"2018-12-06","purchased_purges":0,"victory":false,"max_hp_per_floor":[75,75,75,75,75,75,75,82,82,82,82,82,82,82,82,82,82,82,82,82,82,82,82],"card_choices":[{"not_picked":["Steam","Blizzard"],"picked":"Melter","floor":1},{"not_picked":["Force Field","Aggregate"],"picked":"Sweeping Beam","floor":2},{"not_picked":["Storm","Darkness"],"picked":"Ball Lightning","floor":3},{"not_picked":["Gash","Cold Snap"],"picked":"Ball Lightning","floor":4},{"not_picked":["Coolheaded","Undo"],"picked":"Sunder","floor":6},{"not_picked":["Sweeping Beam","Gash"],"picked":"Go for the Eyes","floor":7},{"not_picked":["Coolheaded","Genetic Algorithm"],"picked":"Glacier","floor":8},{"not_picked":["Coolheaded","Redo"],"picked":"Ball Lightning","floor":10},{"not_picked":["Steam","Cold Snap"],"picked":"Stack","floor":11},{"not_picked":["Scrape","Thunder Strike"],"picked":"Steam","floor":14},{"not_picked":["Thunder Strike","Reboot"],"picked":"Machine Learning","floor":16},{"not_picked":["Go for the Eyes+1","Hello World"],"picked":"Cold Snap+1","floor":18},{"not_picked":["Redo","Capacitor"],"picked":"Compile Driver","floor":19},{"not_picked":["Blizzard","Leap"],"picked":"Rebound","floor":21},{"not_picked":["Recycle","Barrage"],"picked":"Conserve Battery","floor":22}],"player_experience":963097,"relics_obtained":[{"floor":6,"key":"Ancient Tea Set"},{"floor":8,"key":"Strawberry"},{"floor":11,"key":"FossilizedHelix"},{"floor":20,"key":"Ice Cream"},{"floor":21,"key":"Red Mask"}],"event_choices":[{"damage_healed":0,"gold_gain":0,"player_choice":"Bought 0 Potions","damage_taken":0,"max_hp_gain":0,"max_hp_loss":0,"event_name":"The Woman in Blue","floor":5,"gold_loss":0},{"damage_healed":0,"gold_gain":0,"player_choice":"Fought Bandits","damage_taken":0,"max_hp_gain":0,"max_hp_loss":0,"event_name":"Masked Bandits","floor":21,"gold_loss":0}],"is_beta":true,"boss_relics":[{"not_picked":["Busted Crown","Lizard Tail"],"picked":"Inserter"}],"items_purged_floors":[],"is_endless":false,"potions_floor_spawned":[1,2,4,7,14,21],"killed_by":"Slavers","ascension_level":1}