{"path_per_floor":["M","?","M","?","M","R","M","R","T","$","?","M","E","M","R","B",null,"M","M","M","T","?","M","M","R","T","?","R","E","M","M","R","B",null,"M","?","?","M","?","R","M","$","T","M","R","T","?","?","R","B"],"character_chosen":"THE_SILENT","items_purchased":["Whetstone","Gremlin Horn","Secret Weapon"],"gold_per_floor":[20,20,38,38,52,52,69,69,120,45,45,59,100,124,124,244,244,257,276,295,345,345,365,383,383,406,406,406,447,472,497,497,627,627,642,642,642,663,663,663,681,1,28,42,42,69,169,169,169,169],"floor_reached":51,"campfire_rested":1,"playtime":5104,"current_hp_per_floor":[70,70,68,61,61,61,61,61,61,61,44,29,23,13,34,26,70,70,67,62,62,49,43,42,42,42,42,42,44,49,49,49,36,49,35,35,35,36,36,36,42,42,42,38,38,38,38,39,39,32],"items_purged":["Defend_G","Bite_G"],"gold":169,"play_id":"13205058-fb14-4421-a51f-b2f00b7b4661","is_prod":false,"is_daily":false,"is_ascension_mode":true,"campfire_upgraded":8,"path_taken":["M","?","?","?","M","R","M","R","T","?","?","M","E","M","R","BOSS","M","?","M","?","?","M","M","R","T","?","R","E","M","M","R","BOSS","M","?","?","M","?","R","M","$","T","M","R","?","?","?","R","BOSS"],"build_version":"2018-01-24-BETA2","purchased_purges":2,"victory":true,"master_deck":["Defend_G","Defend_G","Defend_G","Survivor","Neutralize","Dash","Acrobatics","Well Laid Plans","Tools of the Trade","Footwork","Noxious Fumes","Cloak And Dagger","Bite_G","Bite_G","Bite_G","Adrenaline","Malaise","Prepared","A Thousand Cuts","Catalyst","Secret Weapon"],"max_hp_per_floor":[70,70,70,70,70,70,70,70,70,70,70,70,70,70,70,70,70,70,70,70,70,49,49,49,49,49,49,49,49,49,49,49,49,49,49,49,49,49,49,49,49,49,49,49,49,49,49,39,39,39],"relics":["Ring of the Snake","Lantern","War Paint","Golden Idol","Snake Skull","Sozu","Juzu Bracelet","Blood Vial","Omamori","The Specimen","Whetstone","Gremlin Horn","Orichalcum","Bronze Scales"],"card_choices":[{"not_picked":["Underhanded Strike","Dagger Throw"],"picked":"Dash"},{"not_picked":["Outmaneuver","Bane"],"picked":"Acrobatics"},{"not_picked":["Flying Knee","Masterful Stab"],"picked":"Well Laid Plans"},{"not_picked":["Infinite Blades","Backflip"],"picked":"Tools of the Trade"},{"not_picked":["Infinite Blades","Reflex"],"picked":"Footwork"},{"not_picked":["Bane","Underhanded Strike"],"picked":"Noxious Fumes"},{"not_picked":["Dagger Throw","Slice"],"picked":"Cloak And Dagger"},{"not_picked":["Riddle With Holes","Endless Agony"],"picked":"Adrenaline"},{"not_picked":["Dagger Throw","Leg Sweep"],"picked":"Prepared"},{"not_picked":["Phantasmal Killer","Burst"],"picked":"A Thousand Cuts"},{"not_picked":["Cloak And Dagger","Bouncing Flask"],"picked":"Catalyst"}],"player_experience":149252,"potions_floor_usage":[12,13,13,16],"damage_taken":[{"damage":0,"enemies":"2 Louse","floor":1,"turns":3},{"damage":2,"enemies":"Cultist","floor":3,"turns":4},{"damage":0,"enemies":"Blue Slaver","floor":5,"turns":4},{"damage":0,"enemies":"2 Fungi Beasts","floor":7,"turns":4},{"damage":15,"enemies":"Exordium Thugs","floor":12,"turns":4},{"damage":6,"enemies":"Lagavulin","floor":13,"turns":7},{"damage":10,"enemies":"Lots of Slimes","floor":14,"turns":5},{"damage":8,"enemies":"The Guardian","floor":16,"turns":10},{"damage":0,"enemies":"Shell Parasite","floor":18,"turns":7},{"damage":3,"enemies":"Chosen","floor":19,"turns":5},{"damage":5,"enemies":"Snake Plant","floor":20,"turns":7},{"damage":24,"enemies":"Slaver and Parasite","floor":23,"turns":8},{"damage":21,"enemies":"3 Cultists","floor":24,"turns":7},{"damage":14,"enemies":"Slavers","floor":29,"turns":5},{"damage":13,"enemies":"Centurion and Healer","floor":30,"turns":6},{"damage":0,"enemies":"Snake Plant","floor":31,"turns":5},{"damage":33,"enemies":"Champ","floor":33,"turns":14},{"damage":24,"enemies":"3 Darklings","floor":35,"turns":5},{"damage":11,"enemies":"Orb Walker","floor":38,"turns":5},{"damage":12,"enemies":"4 Shapes","floor":41,"turns":6},{"damage":27,"enemies":"Sphere and 2 Shapes","floor":44,"turns":6},{"damage":42,"enemies":"Awakened One","floor":50,"turns":16}],"event_choices":[{"event_name":"Living Wall","player_choice":"Forget","floor":2,"damage_taken":0},{"event_name":"Scrap Ooze","player_choice":"success","floor":4,"damage_taken":7},{"event_name":"Golden Idol","player_choice":"Take Damage","floor":11,"damage_taken":0},{"event_name":"Vampires","player_choice":"Became a vampire","floor":22,"damage_taken":0},{"event_name":"The Library","player_choice":"Read","floor":27,"damage_taken":0},{"event_name":"The Lab","player_choice":"Got Potions","floor":36,"damage_taken":0},{"event_name":"Purifier","player_choice":"One Purge","floor":37,"damage_taken":0},{"event_name":"Tomb of Lord Red Mask","player_choice":"Ignored","floor":39,"damage_taken":0},{"event_name":"Golden Shrine","player_choice":"Pray","floor":47,"damage_taken":0},{"event_name":"The Moai Head","player_choice":"Heal","floor":48,"damage_taken":0}],"boss_relics":[{"not_picked":["Velvet Choker","Tiny House"],"picked":"Sozu"},{"not_picked":["Runic Pyramid","Black Star"],"picked":"The Specimen"}],"potions_floor_spawned":[3,5,7,12,19,23,24,33,35,44],"seed_played":"2632416554557884557","ascension_level":2,"is_trial":false}