{"gold_per_floor":[364,383,23,23,43,74,74,87,112,129,146,146,72,72,72,72],"floor_reached":16,"playtime":2538,"items_purged":["Strike_G"],"score":107,"play_id":"5826cba9-3fd5-4eba-8e12-5d52c0e8e3f0","local_time":"20190804183402","is_ascension_mode":true,"campfire_choices":[{"data":"Footwork","floor":7,"key":"SMITH"},{"data":"Neutralize","floor":12,"key":"SMITH"},{"data":"Footwork","floor":15,"key":"SMITH"}],"neow_cost":"TEN_PERCENT_HP_LOSS","seed_source_timestamp":266337234275400,"circlet_count":0,"master_deck":["Strike_G","Strike_G","Strike_G","Strike_G","Defend_G","Defend_G","Defend_G","Defend_G","Defend_G","Survivor","Neutralize+1","Dagger Spray","Flying Knee","Footwork+1","Sadistic Nature","Acrobatics","Expertise","After Image","Footwork+1","Escape Plan","Blade Dance","Well Laid Plans"],"relics":["Ring of the Snake","Strawberry"],"potions_floor_usage":[16,16,16],"damage_taken":[{"damage":5,"enemies":"Small Slimes","floor":1,"turns":4},{"damage":0,"enemies":"Jaw Worm","floor":2,"turns":4},{"damage":0,"enemies":"Cultist","floor":5,"turns":4},{"damage":14,"enemies":"Lagavulin","floor":6,"turns":12},{"damage":0,"enemies":"Blue Slaver","floor":8,"turns":6},{"damage":0,"enemies":"Lots of Slimes","floor":10,"turns":2},{"damage":0,"enemies":"Looter","floor":11,"turns":4},{"damage":86,"enemies":"Hexaghost","floor":16,"turns":25}],"seed_played":"-7378161119038091666","potions_obtained":[{"floor":2,"key":"Regen Potion"},{"floor":5,"key":"Regen Potion"},{"floor":11,"key":"Block Potion"}],"is_trial":false,"path_per_floor":["M","M","$","?","M","E","R","M","T","M","M","R","$","?","R","B"],"character_chosen":"THE_SILENT","items_purchased":["Footwork","Sadistic Nature","Acrobatics","Well Laid Plans"],"campfire_rested":0,"item_purchase_floors":[3,3,3,13],"current_hp_per_floor":[58,58,58,58,58,51,51,51,51,51,51,51,51,56,56,0],"gold":72,"neow_bonus":"TWO_FIFTY_GOLD","is_prod":false,"is_daily":false,"chose_seed":false,"campfire_upgraded":3,"win_rate":0,"timestamp":1564911242,"path_taken":["M","M","$","?","M","E","R","M","T","M","M","R","?","?","R","BOSS"],"build_version":"2019-07-17","purchased_purges":1,"victory":false,"max_hp_per_floor":[63,63,63,63,63,70,70,70,70,70,70,70,70,75,75,75],"card_choices":[{"not_picked":["Underhanded Strike","Predator"],"picked":"Dagger Spray","floor":1},{"not_picked":["Accuracy","Choke"],"picked":"Flying Knee","floor":2},{"not_picked":["All Out Attack","Flying Knee"],"picked":"Expertise","floor":5},{"not_picked":["Tactician","Dagger Throw"],"picked":"After Image","floor":6},{"not_picked":["Acrobatics","Flying Knee"],"picked":"Footwork","floor":8},{"not_picked":["Finisher","Dagger Throw"],"picked":"Escape Plan","floor":10},{"not_picked":["Endless Agony","Underhanded Strike"],"picked":"Blade Dance","floor":11}],"player_experience":118145,"relics_obtained":[{"floor":6,"key":"Strawberry"}],"event_choices":[{"damage_healed":0,"gold_gain":0,"player_choice":"Ignored","damage_taken":0,"max_hp_gain":0,"max_hp_loss":0,"event_name":"Liars Game","floor":4,"gold_loss":0},{"damage_healed":0,"gold_gain":0,"player_choice":"Donut","damage_taken":0,"max_hp_gain":5,"max_hp_loss":0,"event_name":"Big Fish","floor":14,"gold_loss":0}],"is_beta":false,"boss_relics":[],"items_purged_floors":[3],"is_endless":false,"potions_floor_spawned":[2,5,11],"killed_by":"Hexaghost","ascension_level":1}