{"gold_per_floor":[130,155,184,212,174,186,231,243,280,292,319,18,49,66,66,163,163,180,180,198,198,288,288,298,298,298,397,430,430,37,54,54,149,149,167,167,167,222,222,242,242,242,242,242,242,242,24,39,39,39],"floor_reached":50,"playtime":2262,"items_purged":["Strike_R"],"score":540,"play_id":"a2e6bf10-5045-4d41-ab1d-8b7e98c18436","local_time":"20180906214417","is_ascension_mode":false,"campfire_choices":[{"data":"Iron Wave","floor":6,"key":"SMITH"},{"data":"Shrug It Off","floor":8,"key":"SMITH"},{"data":"Body Slam","floor":15,"key":"SMITH"},{"data":"Mind Blast","floor":23,"key":"SMITH"},{"data":"Double Tap","floor":25,"key":"SMITH"},{"data":"Inflame","floor":32,"key":"SMITH"},{"data":"Rampage","floor":41,"key":"SMITH"},{"data":"Magnetism","floor":44,"key":"SMITH"},{"data":"Jack Of All Trades","floor":49,"key":"SMITH"}],"neow_cost":"NONE","seed_source_timestamp":126246206352633,"circlet_count":0,"master_deck":["Defend_R+1","Defend_R+1","Defend_R+1","Defend_R","Bash","Twin Strike","Cleave","Iron Wave+1","Flex","Shrug It Off+1","Pummel","Pummel","Body Slam+1","Double Tap+1","Shrug It Off","Inflame+1","Bite","Bite","Bite","Bite","Bite","Finesse","Mind Blast+1","Purity","Rampage+1","Fiend Fire","Berserk","Infernal Blade","Shockwave+1","Metamorphosis","Jack Of All Trades+1","Magnetism+1","Pain","Writhe","Shrug It Off","Jack Of All Trades+1","Metallicize"],"relics":["Burning Blood","MawBank","Juzu Bracelet","Ancient Tea Set","Meat on the Bone","War Paint","Cursed Key","Happy Flower","StoneCalendar","Singing Bowl","Bag of Preparation","Sozu","Spirit Poop","Dead Branch","Du-Vu Doll","Paper Frog"],"potions_floor_usage":[16,28,28,28,33],"damage_taken":[{"damage":3,"enemies":"Jaw Worm","floor":1,"turns":4},{"damage":0,"enemies":"2 Louse","floor":2,"turns":2},{"damage":0,"enemies":"Small Slimes","floor":3,"turns":3},{"damage":7,"enemies":"Exordium Wildlife","floor":4,"turns":4},{"damage":18,"enemies":"3 Sentries","floor":7,"turns":8},{"damage":3,"enemies":"Blue Slaver","floor":11,"turns":4},{"damage":21,"enemies":"Gremlin Nob","floor":13,"turns":4},{"damage":12,"enemies":"Looter","floor":14,"turns":3},{"damage":33,"enemies":"Slime Boss","floor":16,"turns":10},{"damage":10,"enemies":"Chosen","floor":18,"turns":2},{"damage":8,"enemies":"Spheric Guardian","floor":20,"turns":4},{"damage":14,"enemies":"Centurion and Healer","floor":24,"turns":6},{"damage":24,"enemies":"Slavers","floor":28,"turns":5},{"damage":21,"enemies":"Snake Plant","floor":31,"turns":2},{"damage":28,"enemies":"Champ","floor":33,"turns":10},{"damage":43,"enemies":"3 Darklings","floor":35,"turns":7},{"damage":21,"enemies":"Mind Bloom Boss Battle","floor":37,"turns":7},{"damage":11,"enemies":"Mysterious Sphere","floor":38,"turns":4},{"damage":7,"enemies":"Orb Walker","floor":40,"turns":2},{"damage":20,"enemies":"4 Shapes","floor":48,"turns":3},{"damage":72,"enemies":"Awakened One","floor":50,"turns":8}],"seed_played":"4135991477270927592","potions_obtained":[{"floor":2,"key":"Dexterity Potion"},{"floor":4,"key":"SkillPotion"},{"floor":13,"key":"Weak Potion"},{"floor":18,"key":"LiquidBronze"},{"floor":20,"key":"FearPotion"},{"floor":31,"key":"AttackPotion"}],"is_trial":false,"path_per_floor":["M","M","M","M","?","R","E","R","T","?","M","$","E","M","R","B",null,"M","?","M","?","?","R","M","R","T","?","E","?","$","M","R","B",null,"M","?","?","?","?","M","R","?","T","R","?","?","$","M","R"],"character_chosen":"IRONCLAD","items_purchased":["Meat on the Bone","Singing Bowl","Bag of Preparation","Shrug It Off","Jack Of All Trades","Metallicize"],"campfire_rested":0,"item_purchase_floors":[12,30,30,47,47,47],"current_hp_per_floor":[80,80,80,79,79,79,67,67,67,51,54,54,51,57,57,42,80,76,61,59,59,23,23,37,37,37,37,43,43,43,44,44,46,61,38,38,37,42,42,47,47,37,37,37,37,53,53,51,51,0],"gold":39,"neow_bonus":"RANDOM_COMMON_RELIC","is_prod":false,"is_daily":false,"chose_seed":false,"campfire_upgraded":9,"win_rate":0,"timestamp":1536259457,"path_taken":["M","M","M","M","?","R","E","R","T","?","M","?","E","M","R","BOSS","M","?","M","?","?","R","M","R","T","?","E","?","?","M","R","BOSS","M","?","?","?","?","M","R","?","T","R","?","?","$","M","R","BOSS"],"build_version":"2018-09-05","purchased_purges":1,"victory":false,"max_hp_per_floor":[80,80,80,80,80,80,80,80,80,80,80,80,80,80,80,80,80,80,85,85,59,59,59,59,59,59,59,59,59,59,61,61,61,61,61,61,61,63,63,65,65,65,65,65,65,65,65,67,67,67],"card_choices":[{"not_picked":["Rage","Sword Boomerang"],"picked":"Twin Strike","floor":1},{"not_picked":["Entrench","Thunderclap"],"picked":"Cleave","floor":2},{"not_picked":["Twin Strike","Reckless Charge"],"picked":"Iron Wave","floor":3},{"not_picked":["Thunderclap","Exhume"],"picked":"Flex","floor":4},{"not_picked":["Battle Trance","Barricade"],"picked":"Shrug It Off","floor":7},{"not_picked":["Thunderclap","Anger"],"picked":"Pummel","floor":11},{"not_picked":["Bloodletting","Juggernaut"],"picked":"Pummel","floor":13},{"not_picked":["Clash","Heavy Blade"],"picked":"Body Slam","floor":14},{"not_picked":["Reaper","Brutality"],"picked":"Double Tap","floor":16},{"not_picked":["Intimidate","Feel No Pain"],"picked":"Shrug It Off","floor":18},{"not_picked":["Wild Strike+1","Heavy Blade"],"picked":"Inflame","floor":20},{"not_picked":["Body Slam","Rupture"],"picked":"Rampage","floor":24},{"not_picked":["Twin Strike","Fiend Fire","Pummel"],"picked":"SKIP","floor":28},{"not_picked":["Twin Strike","Pummel"],"picked":"Fiend Fire","floor":28},{"not_picked":["Iron Wave","Second Wind","Sword Boomerang"],"picked":"Singing Bowl","floor":31},{"not_picked":["Brutality","Dark Embrace"],"picked":"Berserk","floor":33},{"not_picked":["Body Slam+1","Bloodletting+1"],"picked":"Infernal Blade","floor":35},{"not_picked":["Anger+1","Heavy Blade"],"picked":"Shockwave+1","floor":37},{"not_picked":["True Grit","Inflame","Cleave"],"picked":"Singing Bowl","floor":38},{"not_picked":["Dropkick+1","Clothesline","Entrench"],"picked":"Singing Bowl","floor":40},{"not_picked":["Panacea","Madness"],"picked":"Metamorphosis","floor":42},{"not_picked":["Panache","Purity"],"picked":"Jack Of All Trades","floor":42},{"not_picked":["Violence","Blind"],"picked":"Magnetism","floor":42},{"not_picked":["Warcry","Hemokinesis","Inflame"],"picked":"Singing Bowl","floor":48}],"player_experience":676027,"relics_obtained":[{"floor":7,"key":"Juzu Bracelet"},{"floor":9,"key":"Ancient Tea Set"},{"floor":13,"key":"War Paint"},{"floor":26,"key":"Happy Flower"},{"floor":28,"key":"StoneCalendar"},{"floor":37,"key":"Dead Branch"},{"floor":38,"key":"Du-Vu Doll"},{"floor":43,"key":"Paper Frog"}],"event_choices":[{"event_name":"The Cleric","player_choice":"Card Removal","floor":5,"damage_taken":0},{"event_name":"Shining Light","player_choice":"Entered Light","floor":10,"damage_taken":0},{"event_name":"Forgotten Altar","player_choice":"Shed Blood","floor":19,"damage_taken":0},{"event_name":"Vampires","player_choice":"Became a vampire","floor":21,"damage_taken":0},{"event_name":"Knowing Skull","player_choice":"CARD CARD CARD CARD GOLD ","floor":22,"damage_taken":0},{"event_name":"Nest","player_choice":"Stole From Cult","floor":27,"damage_taken":0},{"event_name":"Purifier","player_choice":"One Purge","floor":29,"damage_taken":0},{"event_name":"Bonfire Elementals","player_choice":"CURSE","floor":36,"damage_taken":0},{"event_name":"MindBloom","player_choice":"Fight","floor":37,"damage_taken":0},{"event_name":"Mysterious Sphere","player_choice":"Fight","floor":38,"damage_taken":0},{"event_name":"Tomb of Lord Red Mask","player_choice":"Ignored","floor":39,"damage_taken":0},{"event_name":"SensoryStone","player_choice":"Memory 3","floor":42,"damage_taken":0},{"event_name":"Accursed Blacksmith","player_choice":"Forge","floor":45,"damage_taken":0},{"event_name":"Winding Halls","player_choice":"Writhe","floor":46,"damage_taken":0}],"is_beta":true,"boss_relics":[{"not_picked":["Empty Cage","Eternal Feather"],"picked":"Cursed Key"},{"not_picked":["Astrolabe","Mark of Pain"],"picked":"Sozu"}],"items_purged_floors":[12],"is_endless":false,"potions_floor_spawned":[2,4,13,18,20,31,38,48],"killed_by":"Awakened One","ascension_level":0}