{"path_per_floor":["M","?","?","M","$","R","?","M","T","?","R","M","M","M","R","B",null,"M","M","?","$","M","R","?","?","T","M","E","M","$","M","R","B",null,"M","?","M","$","M","R","$","E","T","M","M","M","R","?","R"],"character_chosen":"IRONCLAD","items_purchased":["Armaments","Strawberry","Energy Potion","Purity"],"gold_per_floor":[115,115,115,128,2,2,63,75,75,75,75,89,103,127,127,251,251,267,285,318,71,85,85,10,10,10,29,70,83,31,56,56,177,177,192,192,215,90,114,114,26,66,137,151,175,196,196,196,196],"floor_reached":50,"campfire_rested":5,"playtime":1934,"current_hp_per_floor":[80,62,62,68,68,68,49,40,40,20,44,49,48,48,48,50,80,80,66,65,72,51,51,51,51,51,55,20,20,20,18,47,10,95,61,61,55,55,40,71,71,82,82,48,17,24,58,64,100],"items_purged":["Strike_R","Strike_R","Normality"],"gold":196,"score":511,"play_id":"dd38091e-136f-4bde-ac77-dfd55f3cab58","is_prod":false,"is_daily":false,"is_ascension_mode":false,"campfire_upgraded":3,"path_taken":["M","?","?","M","$","R","?","M","T","?","R","M","M","M","R","BOSS","M","M","?","$","?","R","?","?","T","M","E","M","$","M","R","BOSS","M","?","?","$","M","R","$","E","T","M","M","M","R","?","R","BOSS"],"build_version":"2018-02-23-BETA1","purchased_purges":3,"victory":false,"master_deck":["Strike_R","Strike_R","Defend_R","Defend_R","Defend_R+1","Defend_R+1","Bash","Demon Form+1","Sword Boomerang","Heavy Blade+1","Armaments+1","Headbutt","Twin Strike","Iron Wave","Pommel Strike","Double Tap","Seeing Red+1","Ghostly Armor+1","Flame Barrier","Limit Break","Parasite","Second Wind+1","Shockwave","Purity","Doubt"],"max_hp_per_floor":[80,80,80,80,80,80,80,80,80,80,80,80,80,80,80,80,80,80,80,80,87,87,87,87,87,87,89,91,93,93,93,95,95,95,95,95,95,95,97,99,99,101,101,103,105,107,109,115,117],"relics":["Burning Blood","Ancient Tea Set","Bottled Tornado","Frozen Eye","Golden Idol","Velvet Choker","Red Mask","Strawberry","Singing Bowl","Dream Catcher","War Paint","Calling Bell","Darkstone Periapt","Du-Vu Doll","Gremlin Horn","Bottled Flame","Kunai"],"card_choices":[{"not_picked":["Sever Soul","Warcry"],"picked":"Sword Boomerang"},{"not_picked":["Wild Strike","Barricade"],"picked":"Heavy Blade"},{"not_picked":["Clash","Flex"],"picked":"Headbutt"},{"not_picked":["Flex","Warcry"],"picked":"Twin Strike"},{"not_picked":["Warcry","Searing Blow"],"picked":"Iron Wave"},{"not_picked":["Limit Break","Sentinel"],"picked":"Pommel Strike"},{"not_picked":["Exhume","Dark Embrace"],"picked":"Double Tap"},{"not_picked":["Intimidate","Clothesline"],"picked":"Seeing Red"},{"not_picked":["Inflame","Body Slam"],"picked":"Ghostly Armor"},{"not_picked":["Havoc","Blood for Blood"],"picked":"Shrug It Off"},{"not_picked":["Pommel Strike","Warcry"],"picked":"Flame Barrier"},{"not_picked":["Berserk","Double Tap"],"picked":"Limit Break"},{"not_picked":["Rampage","Shrug It Off"],"picked":"Second Wind"},{"not_picked":["Wild Strike","Clash"],"picked":"Shockwave"}],"player_experience":245690,"potions_floor_usage":[20,20,28,28,29,33,42,44,46,46],"damage_taken":[{"damage":1,"enemies":"Cultist","floor":1,"turns":4},{"damage":0,"enemies":"2 Louse","floor":4,"turns":3},{"damage":25,"enemies":"Gremlin Nob","floor":7,"turns":4},{"damage":15,"enemies":"Small Slimes","floor":8,"turns":3},{"damage":1,"enemies":"Exordium Thugs","floor":12,"turns":3},{"damage":7,"enemies":"3 Louse","floor":13,"turns":3},{"damage":6,"enemies":"Large Slime","floor":14,"turns":3},{"damage":4,"enemies":"Slime Boss","floor":16,"turns":3},{"damage":5,"enemies":"Chosen","floor":18,"turns":3},{"damage":20,"enemies":"2 Thieves","floor":19,"turns":3},{"damage":7,"enemies":"Masked Bandits","floor":20,"turns":3},{"damage":27,"enemies":"3 Cultists","floor":22,"turns":5},{"damage":4,"enemies":"Centurion and Healer","floor":27,"turns":5},{"damage":43,"enemies":"Slavers","floor":28,"turns":4},{"damage":8,"enemies":"Snake Plant","floor":29,"turns":4},{"damage":8,"enemies":"Cultist and Chosen","floor":31,"turns":5},{"damage":43,"enemies":"Automaton","floor":33,"turns":7},{"damage":40,"enemies":"Flame Bruiser 1 Orb","floor":35,"turns":4},{"damage":12,"enemies":"3 Darklings","floor":37,"turns":6},{"damage":23,"enemies":"Maw","floor":39,"turns":5},{"damage":6,"enemies":"2 Orb Walkers","floor":42,"turns":4},{"damage":42,"enemies":"Flame Bruiser 2 Orb","floor":44,"turns":4},{"damage":39,"enemies":"Sphere and 2 Shapes","floor":45,"turns":6},{"damage":16,"enemies":"Maw","floor":46,"turns":6},{"damage":113,"enemies":"Donu and Deca","floor":50,"turns":6}],"event_choices":[{"event_name":"Scrap Ooze","player_choice":"success","floor":2,"damage_taken":18},{"event_name":"Living Wall","player_choice":"Grow","floor":3,"damage_taken":0},{"event_name":"Dead Adventurer","player_choice":"Searched \u00272\u0027 times","floor":7,"damage_taken":0},{"event_name":"Golden Idol","player_choice":"Take Damage","floor":10,"damage_taken":0},{"event_name":"Masked Bandits","player_choice":"Fought over 285 gold","floor":20,"damage_taken":0},{"event_name":"Beggar","player_choice":"Gave Gold","floor":24,"damage_taken":0},{"event_name":"The Mausoleum","player_choice":"Yes","floor":25,"damage_taken":0},{"event_name":"Transmorgrifier","player_choice":"Transform","floor":48,"damage_taken":0}],"boss_relics":[{"not_picked":["Tiny House","Eternal Feather"],"picked":"Velvet Choker"},{"not_picked":["Snecko Eye","Black Blood"],"picked":"Calling Bell"}],"potions_floor_spawned":[7,8,16,19,20,22,27,33,37,42,44],"seed_played":"7855101759032576657","killed_by":"Donu and Deca","ascension_level":0,"is_trial":false}