{"gold_per_floor":[109,109,2,77,89,89,114,114,114,114,133,157,11,26,26,146,146,146,146,146,146,146,146,146,146,146,146],"floor_reached":27,"playtime":2093,"items_purged":[],"score":273,"play_id":"d11d9b18-c20d-450d-8d3d-3b5568350673","local_time":"20190101055650","is_ascension_mode":true,"campfire_choices":[{"data":"Zap","floor":6.0,"key":"SMITH"},{"data":"Dualcast","floor":10.0,"key":"SMITH"},{"data":"Sunder","floor":15.0,"key":"SMITH"},{"data":"Finesse","floor":23.0,"key":"SMITH"}],"neow_cost":"NONE","seed_source_timestamp":0,"circlet_count":0,"master_deck":["Strike_B","Strike_B","Strike_B","Strike_B","Defend_B","Defend_B","Defend_B","Defend_B+1","Zap+1","Dualcast+1","Conserve Battery+1","Ball Lightning","Finesse+1","Cold Snap","Steam","Undo+1","Sunder+1","Consume+1","Echo Form+1","Conserve Battery+1","Hologram+1","Coolheaded+1","Fission+1","Auto Shields+1","Reinforced Body+1","Force Field+1"],"special_seed":0,"relics":["Cracked Core","NeowsBlessing","Boot","War Paint","Golden Idol","Toxic Egg 2","DataDisk","Ectoplasm","Prayer Wheel","Shuriken"],"potions_floor_usage":[],"damage_taken":[{"damage":0.0,"enemies":"Jaw Worm","floor":1.0,"turns":1.0},{"damage":0.0,"enemies":"Small Slimes","floor":5.0,"turns":1.0},{"damage":0.0,"enemies":"Gremlin Nob","floor":7.0,"turns":1.0},{"damage":0.0,"enemies":"2 Louse","floor":11.0,"turns":3.0},{"damage":0.0,"enemies":"Red Slaver","floor":12.0,"turns":4.0},{"damage":0.0,"enemies":"Exordium Thugs","floor":14.0,"turns":5.0},{"damage":17.0,"enemies":"The Guardian","floor":16.0,"turns":11.0},{"damage":10.0,"enemies":"Shell Parasite","floor":18.0,"turns":5.0},{"damage":0.0,"enemies":"Spheric Guardian","floor":19.0,"turns":4.0},{"damage":5.0,"enemies":"Centurion and Healer","floor":21.0,"turns":4.0},{"damage":16.0,"enemies":"Snake Plant","floor":22.0,"turns":3.0},{"damage":12.0,"enemies":"Gremlin Leader","floor":24.0,"turns":6.0},{"damage":2.0,"enemies":"Snecko","floor":25.0,"turns":5.0},{"damage":0,"enemies":"Slavers","floor":27,"turns":1}],"seed_played":"8727754131568220891","potions_obtained":[{"floor":5.0,"key":"LiquidBronze"},{"floor":12.0,"key":"Swift Potion"},{"floor":14.0,"key":"Explosive Potion"},{"floor":16.0,"key":"Energy Potion"},{"floor":21.0,"key":"Swift Potion"}],"is_trial":false,"path_per_floor":["M","?","$","?","M","R","E","?","T","R","M","M","$","M","R","B",null,"M","M","?","M","M","R","E","M","T"],"character_chosen":"DEFECT","items_purchased":["Ball Lightning","Finesse","DataDisk"],"campfire_rested":0,"item_purchase_floors":[3,3,13],"current_hp_per_floor":[75,63,63,52,52,52,52,34,34,34,34,34,34,34,34,17,75,65,65,65,60,44,44,32,30,30,30],"gold":146,"neow_bonus":"THREE_ENEMY_KILL","is_prod":false,"is_daily":false,"chose_seed":false,"campfire_upgraded":4,"win_rate":0,"timestamp":1546311410,"path_taken":["M","?","$","?","M","R","E","?","T","R","M","M","?","M","R","BOSS","M","M","?","?","M","R","E","M","T","E"],"build_version":"2018-12-25","purchased_purges":0,"victory":false,"max_hp_per_floor":[75,75,75,75,75,75,75,75,75,75,75,75,75,75,75,75,75,75,75,75,75,75,75,75,75,75,75],"card_choices":[{"not_picked":["Hologram","Compile Driver"],"picked":"Conserve Battery","floor":1.0},{"not_picked":["Skim","Leap"],"picked":"Cold Snap","floor":5.0},{"not_picked":["Steam Power","Heatsinks"],"picked":"Steam","floor":7.0},{"not_picked":["Conserve Battery+1","Steam Power+1"],"picked":"Undo+1","floor":11.0},{"not_picked":["Sweeping Beam","Lockon"],"picked":"Sunder","floor":12.0},{"not_picked":["Self Repair","Sunder"],"picked":"Consume+1","floor":14.0},{"not_picked":["Machine Learning","Buffer"],"picked":"Echo Form","floor":16.0},{"not_picked":["Compile Driver","Ball Lightning"],"picked":"Conserve Battery+1","floor":18.0},{"not_picked":["Sweeping Beam","Auto Shields+1"],"picked":"Hologram+1","floor":19.0},{"not_picked":["Barrage","Cold Snap"],"picked":"Coolheaded+1","floor":21.0},{"not_picked":["Hologram+1","Go for the Eyes+1"],"picked":"Fission+1","floor":22.0},{"not_picked":["Reboot+1","Gash"],"picked":"Auto Shields+1","floor":24.0},{"not_picked":["Gash+1","Reprogram+1"],"picked":"Reinforced Body+1","floor":25.0},{"not_picked":["Streamline+1","Sweeping Beam"],"picked":"Force Field+1","floor":25.0}],"player_experience":1026744,"relics_obtained":[{"floor":7.0,"key":"War Paint"},{"floor":9.0,"key":"Toxic Egg 2"},{"floor":24.0,"key":"Prayer Wheel"},{"floor":26.0,"key":"Shuriken"}],"event_choices":[{"damage_healed":0.0,"max_hp_gain":0.0,"max_hp_loss":0.0,"gold_gain":0.0,"event_name":"Scrap Ooze","player_choice":"Success","floor":2.0,"gold_loss":0.0,"damage_taken":12.0,"relics_obtained":["Boot"]},{"damage_healed":0.0,"max_hp_gain":0.0,"max_hp_loss":0.0,"gold_gain":75.0,"event_name":"World of Goop","player_choice":"Gather Gold","floor":4.0,"gold_loss":0.0,"damage_taken":11.0},{"damage_healed":0.0,"max_hp_gain":0.0,"max_hp_loss":0.0,"gold_gain":0.0,"event_name":"Golden Idol","player_choice":"Take Damage","floor":8.0,"gold_loss":0.0,"damage_taken":18.0,"relics_obtained":["Golden Idol"]},{"damage_healed":0.0,"max_hp_gain":0.0,"max_hp_loss":0.0,"gold_gain":0.0,"event_name":"Upgrade Shrine","player_choice":"Upgraded","floor":20.0,"gold_loss":0.0,"damage_taken":0.0,"cards_upgraded":["Echo Form"]}],"is_beta":true,"boss_relics":[{"not_picked":["Astrolabe","Black Star"],"picked":"Ectoplasm"}],"items_purged_floors":[],"is_endless":false,"potions_floor_spawned":[5,12,14,16,21,22],"killed_by":"Slavers","ascension_level":1}