{"gold_per_floor":[111,286,298,316,331,360,360,374,397,397,427,427,17,34,34,34],"floor_reached":16,"playtime":583,"items_purged":["Doubt"],"score":137,"play_id":"fdc96b6c-c54d-496f-9a15-5b5508810dd3","local_time":"20181101101739","is_ascension_mode":false,"campfire_choices":[{"data":"Riddle With Holes","floor":10,"key":"SMITH"},{"data":"After Image","floor":12,"key":"SMITH"},{"data":"Backstab","floor":15,"key":"SMITH"}],"neow_cost":"NONE","seed_source_timestamp":0,"circlet_count":0,"master_deck":["Defend_G","Defend_G","Defend_G","Defend_G","Defend_G","Strike_G","Strike_G","Strike_G","Strike_G","Strike_G","Survivor","Neutralize","Unload","Quick Slash","Riddle With Holes+1","Backstab+1","Deflect","Escape Plan","Flying Knee","After Image+1","Escape Plan","Backflip"],"special_seed":0,"relics":["Ring of the Snake","Lantern","Bag of Preparation","Blood Vial","Singing Bowl"],"potions_floor_usage":[6,8,11,16],"damage_taken":[{"damage":0,"enemies":"Jaw Worm","floor":1,"turns":3},{"damage":0,"enemies":"Small Slimes","floor":3,"turns":3},{"damage":0,"enemies":"Cultist","floor":4,"turns":3},{"damage":10,"enemies":"Looter","floor":5,"turns":2},{"damage":0,"enemies":"Gremlin Nob","floor":6,"turns":2},{"damage":12,"enemies":"Exordium Thugs","floor":8,"turns":3},{"damage":23,"enemies":"Lagavulin","floor":11,"turns":6},{"damage":0,"enemies":"2 Fungi Beasts","floor":14,"turns":2},{"damage":45,"enemies":"The Guardian","floor":16,"turns":15}],"seed_played":"-7335869092961772022","potions_obtained":[{"floor":3,"key":"SteroidPotion"},{"floor":4,"key":"Swift Potion"},{"floor":7,"key":"SmokeBomb"},{"floor":7,"key":"SneckoOil"},{"floor":7,"key":"Regen Potion"},{"floor":8,"key":"LiquidBronze"},{"floor":14,"key":"Poison Potion"}],"is_trial":false,"path_per_floor":["M","?","M","M","M","E","?","M","T","R","E","R","$","M","R","B"],"character_chosen":"THE_SILENT","items_purchased":["Singing Bowl","Escape Plan"],"campfire_rested":0,"item_purchase_floors":[13,13],"current_hp_per_floor":[70,70,70,70,60,60,60,48,48,48,40,40,40,42,42,0],"gold":34,"neow_bonus":"ONE_RANDOM_RARE_CARD","is_prod":false,"is_daily":false,"chose_seed":false,"campfire_upgraded":3,"win_rate":0,"timestamp":1541056659,"path_taken":["M","?","M","M","M","E","?","M","T","R","E","R","$","M","R","BOSS"],"build_version":"2018-10-30","purchased_purges":1,"victory":false,"max_hp_per_floor":[70,70,70,70,70,70,70,70,70,70,70,70,70,70,70,70],"card_choices":[{"not_picked":["Outmaneuver","Flechettes"],"picked":"Quick Slash","floor":1},{"not_picked":["Dagger Throw","Prepared"],"picked":"Riddle With Holes","floor":3},{"not_picked":["Flying Knee","Distraction"],"picked":"Backstab","floor":4},{"not_picked":["Blade Dance","Dagger Throw"],"picked":"Deflect","floor":5},{"not_picked":["Phantasmal Killer","Heel Hook"],"picked":"Escape Plan","floor":6},{"not_picked":["Prepared","Expertise"],"picked":"Flying Knee","floor":8},{"not_picked":["Riddle With Holes","Endless Agony"],"picked":"After Image","floor":11},{"not_picked":["Setup","Quick Slash"],"picked":"Backflip","floor":14}],"player_experience":858083,"relics_obtained":[{"floor":6,"key":"Lantern"},{"floor":9,"key":"Bag of Preparation"},{"floor":11,"key":"Blood Vial"}],"event_choices":[{"damage_healed":0,"gold_gain":175,"player_choice":"AGREE","damage_taken":0,"max_hp_gain":0,"max_hp_loss":0,"event_name":"Liars Game","floor":2,"gold_loss":0,"cards_obtained":["Doubt"]},{"damage_healed":0,"gold_gain":0,"player_choice":"Got Potions","damage_taken":0,"max_hp_gain":0,"max_hp_loss":0,"event_name":"Lab","floor":7,"gold_loss":0}],"is_beta":true,"boss_relics":[],"items_purged_floors":[13],"is_endless":false,"potions_floor_spawned":[3,4,8,14],"killed_by":"The Guardian","ascension_level":0}