{"gold_per_floor":[113,133,133,144,144,179,179,195,247,259,259,14,14,343,343,438,438,455,455,554,479,495,520,520,520,520,520,530,540,555,555,555,652,652,670,670,682,697,697,732,732,732,759,759,769,39,39,39,39,39],"floor_reached":51,"playtime":2067,"items_purged":["Crippling Poison"],"score":803,"play_id":"842970e2-c8f8-48bf-97da-a4657c7d2cc6","local_time":"20181029190836","is_ascension_mode":false,"campfire_choices":[{"data":"Dash","floor":11,"key":"SMITH"},{"data":"Cloak And Dagger","floor":13,"key":"SMITH"},{"data":"Noxious Fumes","floor":15,"key":"SMITH"},{"data":"Malaise","floor":25,"key":"SMITH"},{"data":"Neutralize","floor":27,"key":"SMITH"},{"data":"Deadly Poison","floor":32,"key":"SMITH"},{"data":"Footwork","floor":42,"key":"SMITH"},{"data":"Skewer","floor":44,"key":"SMITH"},{"floor":47,"key":"REST"},{"floor":49,"key":"REST"}],"neow_cost":"NONE","seed_source_timestamp":36445645677905,"circlet_count":0,"master_deck":["Survivor","Neutralize+1","Dagger Spray","Dash+1","Leg Sweep","Cloak And Dagger+1","Noxious Fumes+1","Backstab+1","Deadly Poison+1","Malaise+1","Blur","Skewer+1","Cloak And Dagger","PiercingWail","Blade Dance","Bane","Blade Dance","Dodge and Roll+1","Deflect","Endless Agony","Dodge and Roll+1","Blade Dance+1","Backflip","Noxious Fumes+1","Necronomicurse","Glass Knife+1","Sucker Punch+1","Flying Knee+1","PiercingWail+1","Backstab","Finisher+1","Madness","Finesse","Dramatic Entrance","Footwork+1","Backstab","All Out Attack+1","Footwork","Metamorphosis"],"relics":["Ring of the Snake","NeowsBlessing","Sundial","Strawberry","Happy Flower","Gremlin Horn","Old Coin","Pandora\u0027s Box","Anchor","Bag of Preparation","Prayer Wheel","Necronomicon","WristBlade","Pantograph","Smiling Mask","Art of War","War Paint","HandDrill","Whetstone"],"potions_floor_usage":[6,6,6,8,14,23,28,33,40,40],"damage_taken":[{"damage":0,"enemies":"Cultist","floor":1,"turns":1},{"damage":0,"enemies":"2 Louse","floor":2,"turns":1},{"damage":0,"enemies":"Jaw Worm","floor":4,"turns":1},{"damage":14,"enemies":"Gremlin Nob","floor":6,"turns":5},{"damage":0,"enemies":"Large Slime","floor":8,"turns":5},{"damage":1,"enemies":"Exordium Thugs","floor":10,"turns":4},{"damage":0,"enemies":"3 Sentries","floor":14,"turns":5},{"damage":0,"enemies":"Hexaghost","floor":16,"turns":9},{"damage":2,"enemies":"Spheric Guardian","floor":18,"turns":5},{"damage":0,"enemies":"Shell Parasite","floor":22,"turns":6},{"damage":7,"enemies":"Slavers","floor":23,"turns":4},{"damage":3,"enemies":"Snecko","floor":28,"turns":6},{"damage":0,"enemies":"Centurion and Healer","floor":29,"turns":7},{"damage":1,"enemies":"Cultist and Chosen","floor":30,"turns":6},{"damage":8,"enemies":"Champ","floor":33,"turns":11},{"damage":2,"enemies":"3 Shapes","floor":35,"turns":3},{"damage":6,"enemies":"3 Darklings","floor":37,"turns":5},{"damage":0,"enemies":"Sphere and 2 Shapes","floor":38,"turns":4},{"damage":25,"enemies":"Giant Head","floor":40,"turns":9},{"damage":21,"enemies":"Transient","floor":45,"turns":5},{"damage":48,"enemies":"Time Eater","floor":50,"turns":14}],"seed_played":"4729350399585557813","potions_obtained":[{"floor":2,"key":"Poison Potion"},{"floor":5,"key":"Block Potion"},{"floor":5,"key":"Weak Potion"},{"floor":6,"key":"FearPotion"},{"floor":8,"key":"Block Potion"},{"floor":10,"key":"SteroidPotion"},{"floor":16,"key":"Poison Potion"},{"floor":18,"key":"GhostInAJar"},{"floor":23,"key":"Ancient Potion"},{"floor":29,"key":"SkillPotion"},{"floor":37,"key":"GamblersBrew"},{"floor":38,"key":"Swift Potion"}],"is_trial":false,"path_per_floor":["M","M","?","M","?","E","?","M","T","M","R","$","R","E","R","B",null,"M","?","?","?","M","E","?","R","T","R","M","M","M","?","R","B",null,"M","?","M","M","?","E","?","R","T","R","M","$","R","T","R","B"],"character_chosen":"THE_SILENT","items_purchased":["Gremlin Horn","Footwork","War Paint","HandDrill","Metamorphosis","GhostInAJar"],"campfire_rested":2,"item_purchase_floors":[12,46,46,46,46,46],"current_hp_per_floor":[70,70,67,67,67,60,60,60,60,59,59,59,59,59,59,59,77,75,75,75,75,75,68,68,68,68,68,65,65,64,48,48,40,77,75,73,67,67,57,32,32,32,32,32,11,11,32,32,53,25],"gold":39,"neow_bonus":"THREE_ENEMY_KILL","is_prod":false,"is_daily":false,"chose_seed":false,"campfire_upgraded":8,"win_rate":0,"timestamp":1540829316,"path_taken":["M","?","?","M","?","E","?","M","T","M","R","$","R","E","R","BOSS","M","?","?","?","?","E","?","R","T","R","M","M","M","?","R","BOSS","M","?","M","M","?","E","?","R","T","R","M","$","R","?","R","BOSS"],"build_version":"2018-10-25v2","purchased_purges":1,"victory":true,"max_hp_per_floor":[70,70,70,70,70,77,77,77,77,77,77,77,77,77,77,77,77,77,77,77,77,77,77,77,77,77,77,77,77,77,77,77,77,77,77,73,73,73,73,73,73,73,73,73,73,73,73,73,73,73],"card_choices":[{"not_picked":["Dagger Throw","Riddle With Holes"],"picked":"Dagger Spray","floor":1},{"not_picked":["Blur","Acrobatics"],"picked":"Dash","floor":2},{"not_picked":["Bouncing Flask","Acrobatics","Leg Sweep"],"picked":"SKIP","floor":4},{"not_picked":["Bouncing Flask","Acrobatics"],"picked":"Leg Sweep","floor":4},{"not_picked":["Slice","Reflex"],"picked":"Cloak And Dagger","floor":6},{"not_picked":["Finisher","Envenom"],"picked":"Noxious Fumes","floor":8},{"not_picked":["Blade Dance","Poisoned Stab"],"picked":"Backstab","floor":10},{"not_picked":["Dagger Spray","Underhanded Strike"],"picked":"Deadly Poison","floor":14},{"not_picked":["Phantasmal Killer","Venomology"],"picked":"Malaise","floor":16},{"not_picked":["Bane+1","Outmaneuver+1"],"picked":"Blade Dance","floor":18},{"not_picked":["Blur","Poisoned Stab"],"picked":"Dodge and Roll","floor":22},{"not_picked":["Accuracy","Bane+1"],"picked":"Deflect","floor":23},{"not_picked":["Dagger Throw","Acrobatics"],"picked":"Endless Agony","floor":28},{"not_picked":["Distraction","Bane"],"picked":"Dodge and Roll+1","floor":28},{"not_picked":["Phantasmal Killer","Prepared"],"picked":"Blade Dance+1","floor":29},{"not_picked":["Skewer","Flying Knee"],"picked":"Backflip","floor":29},{"not_picked":["Flechettes","Masterful Stab"],"picked":"Noxious Fumes+1","floor":30},{"not_picked":["Outmaneuver","Bane+1","Blade Dance"],"picked":"SKIP","floor":30},{"not_picked":["A Thousand Cuts","After Image"],"picked":"Glass Knife","floor":33},{"not_picked":["Calculated Gamble","Tactician"],"picked":"Sucker Punch+1","floor":35},{"not_picked":["Dodge and Roll+1","Flying Knee","Acrobatics"],"picked":"SKIP","floor":35},{"not_picked":["Bane+1","Poisoned Stab+1"],"picked":"Flying Knee+1","floor":37},{"not_picked":["Dagger Throw+1","Backflip+1"],"picked":"PiercingWail","floor":37},{"not_picked":["Deflect","Bane"],"picked":"Backstab","floor":38},{"not_picked":["Acrobatics","Dodge and Roll"],"picked":"Finisher+1","floor":38},{"not_picked":["Magnetism","Master of Strategy"],"picked":"Madness","floor":39},{"not_picked":["Magnetism","Chrysalis"],"picked":"Finesse","floor":39},{"not_picked":["Blind","Secret Technique"],"picked":"Dramatic Entrance","floor":39},{"not_picked":["Slice+1","Catalyst"],"picked":"Footwork","floor":40},{"not_picked":["Eviscerate+1","PiercingWail"],"picked":"Backstab","floor":45},{"not_picked":["Eviscerate+1","Underhanded Strike+1"],"picked":"All Out Attack+1","floor":45}],"player_experience":848334,"relics_obtained":[{"floor":6,"key":"Strawberry"},{"floor":9,"key":"Happy Flower"},{"floor":14,"key":"Old Coin"},{"floor":23,"key":"Bag of Preparation"},{"floor":26,"key":"Prayer Wheel"},{"floor":31,"key":"Necronomicon"},{"floor":40,"key":"Pantograph"},{"floor":43,"key":"Art of War"},{"floor":48,"key":"Whetstone"}],"event_choices":[{"damage_healed":0,"gold_gain":0,"player_choice":"Success","damage_taken":3,"relics_obtained":["Sundial"],"max_hp_gain":0,"max_hp_loss":0,"event_name":"Scrap Ooze","floor":3,"gold_loss":0},{"damage_healed":0,"gold_gain":0,"player_choice":"Got Potions","damage_taken":0,"max_hp_gain":0,"max_hp_loss":0,"event_name":"The Lab","floor":5,"gold_loss":0},{"cards_removed":["Strike_G"],"damage_healed":0,"gold_gain":0,"player_choice":"Purged","damage_taken":0,"max_hp_gain":0,"max_hp_loss":0,"event_name":"Purifier","floor":7,"gold_loss":0},{"damage_healed":0,"gold_gain":0,"player_choice":"Opened","damage_taken":0,"relics_obtained":["Anchor"],"max_hp_gain":0,"max_hp_loss":0,"event_name":"The Mausoleum","floor":19,"gold_loss":0},{"damage_healed":0,"gold_gain":99,"player_choice":"Stole From Cult","damage_taken":0,"max_hp_gain":0,"max_hp_loss":0,"event_name":"Nest","floor":20,"gold_loss":0},{"cards_removed":["Eviscerate"],"damage_healed":0,"gold_gain":0,"player_choice":"Gave Gold","damage_taken":0,"max_hp_gain":0,"max_hp_loss":0,"event_name":"Beggar","floor":21,"gold_loss":75},{"cards_removed":["Acrobatics"],"damage_healed":0,"gold_gain":0,"player_choice":"Elegance","damage_taken":0,"max_hp_gain":0,"max_hp_loss":0,"event_name":"Back to Basics","floor":24,"gold_loss":0},{"damage_healed":0,"gold_gain":0,"player_choice":"Obtained Book","damage_taken":16,"max_hp_gain":0,"max_hp_loss":0,"event_name":"Cursed Tome","floor":31,"gold_loss":0},{"damage_healed":0,"gold_gain":0,"player_choice":"Max HP","damage_taken":0,"max_hp_gain":0,"max_hp_loss":4,"event_name":"Winding Halls","floor":36,"gold_loss":0},{"damage_healed":0,"gold_gain":0,"player_choice":"Memory 3","damage_taken":10,"max_hp_gain":0,"max_hp_loss":0,"event_name":"SensoryStone","floor":39,"gold_loss":0},{"damage_healed":0,"gold_gain":0,"player_choice":"Gave Potion","damage_taken":0,"relics_obtained":["Smiling Mask"],"max_hp_gain":0,"max_hp_loss":0,"event_name":"WeMeetAgain","floor":41,"gold_loss":0}],"is_beta":true,"boss_relics":[{"not_picked":["HoveringKite","Tiny House"],"picked":"Pandora\u0027s Box"},{"not_picked":["Sozu","Astrolabe"],"picked":"WristBlade"}],"items_purged_floors":[46],"is_endless":false,"potions_floor_spawned":[2,6,8,10,16,18,23,29,37,38],"ascension_level":0}