{"path_per_floor":["M","M","M","T","M","R","M","$","T","E","R","E","M","$","R","B",null,"M","M","M","M","M","R","?","R","T","?","R","M","M","M","R","B",null,"M","M","M","M","?","R","M","E","T","?","$","E","R","$","R","B"],"character_chosen":"THE_SILENT","items_purchased":["Vajra","Shuriken","Doppelganger"],"gold_per_floor":[115,134,145,145,156,156,166,22,22,54,54,85,96,21,21,123,123,137,155,171,187,197,197,197,197,221,221,221,241,258,271,271,366,366,380,400,419,438,438,438,450,484,484,484,39,73,73,23,23,23],"floor_reached":51,"campfire_rested":1,"playtime":2638,"current_hp_per_floor":[63,59,59,59,42,42,40,40,40,32,32,28,28,28,49,41,70,71,70,70,48,64,64,64,64,66,66,66,60,59,59,59,51,80,80,80,80,78,78,78,80,80,80,80,80,80,80,80,80,80],"items_purged":["Strike_G","Regret","Defend_G"],"gold":23,"score":823,"play_id":"d5016571-e72e-43d5-84b0-9ae1eb5a9ef7","local_time":"20180505031741","is_prod":false,"is_daily":false,"chose_seed":false,"is_ascension_mode":false,"campfire_upgraded":9,"timestamp":1525479461,"path_taken":["M","?","?","?","M","R","M","$","T","E","R","E","M","$","R","BOSS","M","M","M","M","M","R","?","R","T","?","R","M","?","M","R","BOSS","M","M","M","M","?","R","M","E","T","?","$","E","R","?","R","BOSS"],"build_version":"2018-05-03","seed_source_timestamp":0,"purchased_purges":3,"victory":true,"master_deck":["Defend_G","Defend_G","Defend_G","Strike_G","Strike_G","Strike_G","Survivor","Neutralize+1","Flying Knee","Distraction+1","Dash+1","Dagger Throw","Dash+1","Leg Sweep","Backstab+1","Deflect","Noxious Fumes+1","Adrenaline+1","Quick Slash+1","Backflip+1","PiercingWail+1","Well Laid Plans+1","Backflip+1","Backflip+1","Backstab+1","Escape Plan+1","After Image","Terror+1","Doppelganger+1","Outmaneuver+1"],"max_hp_per_floor":[70,70,70,70,70,70,70,70,70,70,70,70,70,70,70,70,70,72,72,72,74,76,76,76,76,78,78,78,78,78,78,78,80,80,80,80,80,82,82,82,84,84,84,84,84,84,84,84,84,84],"relics":["Ring of the Snake","Prayer Wheel","Vajra","Paper Crane","Singing Bowl","Anchor","Philosopher\u0027s Stone","Happy Flower","Cursed Key","Gambling Chip","Question Card","Smiling Mask","Shuriken","Regal Pillow"],"card_choices":[{"not_picked":["Terror","Underhanded Strike"],"picked":"Flying Knee","floor":1.0},{"not_picked":["Outmaneuver","Acrobatics"],"picked":"Distraction","floor":2.0},{"not_picked":["Escape Plan","Dagger Spray"],"picked":"Dash","floor":3.0},{"not_picked":["Dodge and Roll","Deflect"],"picked":"Dagger Throw","floor":5.0},{"not_picked":["Accuracy","Tools of the Trade"],"picked":"Dash","floor":7.0},{"not_picked":["Endless Agony","Outmaneuver"],"picked":"Leg Sweep","floor":9.0},{"not_picked":["Leg Sweep","Crippling Poison"],"picked":"Backstab","floor":10.0},{"not_picked":["Deadly Poison","PiercingWail"],"picked":"Deflect","floor":12.0},{"not_picked":["Poisoned Stab","Prepared"],"picked":"Noxious Fumes","floor":13.0},{"not_picked":["Burst","Phantasmal Killer"],"picked":"Adrenaline","floor":16.0},{"not_picked":["Riddle With Holes","Underhanded Strike"],"picked":"Quick Slash","floor":19.0},{"not_picked":["Venomology","Dodge and Roll"],"picked":"Backflip","floor":20.0},{"not_picked":["Underhanded Strike","Acrobatics"],"picked":"PiercingWail","floor":29.0},{"not_picked":["Dagger Throw","Riddle With Holes"],"picked":"Well Laid Plans","floor":30.0},{"not_picked":["Crippling Poison","Outmaneuver"],"picked":"Backflip","floor":31.0},{"not_picked":["Poisoned Stab","Dodge and Roll"],"picked":"Backflip","floor":35},{"not_picked":["Flying Knee","PiercingWail"],"picked":"Backstab","floor":36},{"not_picked":["Expertise","Outmaneuver"],"picked":"Escape Plan","floor":37},{"not_picked":["Deflect","Dagger Spray"],"picked":"After Image","floor":42},{"not_picked":["Acrobatics","Backflip"],"picked":"Terror","floor":43},{"not_picked":["PiercingWail","Skewer","All Out Attack"],"picked":"Outmaneuver","floor":46}],"player_experience":402924,"potions_floor_usage":[50,50,50],"damage_taken":[{"damage":7.0,"enemies":"Cultist","floor":1.0,"turns":4.0},{"damage":4.0,"enemies":"2 Louse","floor":2.0,"turns":3.0},{"damage":0.0,"enemies":"Jaw Worm","floor":3.0,"turns":3.0},{"damage":17.0,"enemies":"Gremlin Gang","floor":5.0,"turns":6.0},{"damage":2.0,"enemies":"Looter","floor":7.0,"turns":3.0},{"damage":8.0,"enemies":"3 Sentries","floor":10.0,"turns":6.0},{"damage":4.0,"enemies":"Gremlin Nob","floor":12.0,"turns":4.0},{"damage":0.0,"enemies":"Lots of Slimes","floor":13.0,"turns":4.0},{"damage":8.0,"enemies":"Slime Boss","floor":16.0,"turns":11.0},{"damage":1.0,"enemies":"2 Thieves","floor":18.0,"turns":4.0},{"damage":1.0,"enemies":"Chosen","floor":19.0,"turns":4.0},{"damage":0.0,"enemies":"Snake Plant","floor":20.0,"turns":5.0},{"damage":24.0,"enemies":"Sentry and Sphere","floor":21.0,"turns":6.0},{"damage":1.0,"enemies":"Centurion and Healer","floor":22.0,"turns":6.0},{"damage":6.0,"enemies":"Snake Plant","floor":29.0,"turns":4.0},{"damage":1.0,"enemies":"Cultist and Chosen","floor":30.0,"turns":8.0},{"damage":0.0,"enemies":"Snecko","floor":31.0,"turns":4.0},{"damage":10.0,"enemies":"Collector","floor":33.0,"turns":10.0},{"damage":0,"enemies":"3 Shapes","floor":35,"turns":5},{"damage":0,"enemies":"Orb Walker","floor":36,"turns":4},{"damage":0,"enemies":"Flame Bruiser 2 Orb","floor":37,"turns":6},{"damage":4,"enemies":"4 Shapes","floor":38,"turns":6},{"damage":0,"enemies":"Sphere and 2 Shapes","floor":41,"turns":4},{"damage":0,"enemies":"Nemesis","floor":42,"turns":7},{"damage":0,"enemies":"Giant Head","floor":46,"turns":7},{"damage":0,"enemies":"Awakened One","floor":50,"turns":13}],"event_choices":[{"event_name":"Bonfire Elementals","player_choice":"BASIC","floor":24.0,"damage_taken":0.0},{"event_name":"Purifier","player_choice":"One Purge","floor":27.0,"damage_taken":0.0},{"event_name":"Tomb of Lord Red Mask","player_choice":"Ignored","floor":39,"damage_taken":0},{"event_name":"Wheel of Change","player_choice":"Relic","floor":44,"damage_taken":0}],"boss_relics":[],"potions_floor_spawned":[3,7,12,13,18,20,30,35,36,38],"seed_played":"-6512715242299317667","ascension_level":0,"is_trial":false}