{"gold_per_floor":[110,110,35,35,53,80,115,144,144,175,175,200,230,261,261,363,363,374,374,374,385,414,441,475,31,31,61,75,106,137,170,170,274,274,288,337,437,455,483,518,551,585,585,610,941,974,974,974,974,1074,1124,1137,1087,1262,1288,1300,1330,1330,1330,1356,1356,1384,1416,1450,52,94,206,218,247,259,271,317,362,374,406,517,557,569,608,620,667,711,723,831,843,872,32,32,42,0,0,0,33,63,16,41,75,110,10,10,108,108],"floor_reached":102,"playtime":4819,"items_purged":["Pommel Strike","Decay","Decay"],"score":3949,"play_id":"1ca97131-46d7-4152-9033-ec1e3849635b","local_time":"20181109003705","daily_mods":["Draft","Vintage","Heirloom","Time Dilation","Flight","DeadlyEvents","Elite Swarm"],"is_ascension_mode":true,"campfire_choices":[{"data":"Whirlwind","floor":11.0,"key":"SMITH"},{"data":"Carnage","floor":15.0,"key":"SMITH"},{"data":"Limit Break","floor":32.0,"key":"SMITH"},{"floor":47,"key":"REST"},{"floor":49,"key":"DIG"},{"floor":58,"key":"DIG"},{"floor":61,"key":"DIG"},{"floor":66,"key":"DIG"},{"floor":74,"key":"DIG"},{"floor":78,"key":"DIG"},{"floor":80,"key":"DIG"},{"floor":83,"key":"DIG"},{"floor":91,"key":"DIG"},{"data":"Mayhem","floor":92,"key":"SMITH"},{"data":"Double Tap","floor":100,"key":"SMITH"}],"neow_cost":"","seed_source_timestamp":0,"circlet_count":2,"master_deck":["Flame Barrier+1","Second Wind","Battle Trance","Uppercut","Headbutt+1","Iron Wave+1","Thunderclap","Carnage+1","True Grit+1","Anger","Whirlwind+1","Warcry","Juggernaut","Impervious+1","Double Tap+1","Demon Form","Limit Break+1","Fiend Fire","Impervious","Impervious","Mayhem+1","Disarm+1","Fiend Fire","Juggernaut+1","Brutality+1","Havoc+1","Berserk+1","Juggernaut+1","Exhume+1","Berserk+1","Dark Embrace+1","Corruption+1","Injury","Doubt","Brutality+1","Barricade+1","Reaper+1","Brutality+1","Brutality+1","Offering+1","Trip+1","Panacea+1","Violence+1","Secret Weapon+1","Trip+1","Magnetism+1","Enlightenment+1","The Bomb+1","Trip+1","Flash of Steel+1","Metamorphosis+1","Enlightenment+1","Madness+1","Madness+1","Fiend Fire+1","Exhume+1","True Grit+1","Offering+1","Dark Embrace+1","Fiend Fire+1","Havoc+1","Offering+1"],"special_seed":0,"relics":["Burning Blood","Dead Branch","Nunchaku","Gremlin Horn","Strawberry","Anchor","Boot","Calipers","Kunai","Dodecahedron","Shovel","Prayer Wheel","Cursed Key","Happy Flower","Oddly Smooth Stone","Mercury Hourglass","Art of War","Bottled Tornado","Ornamental Fan","Sundial","Singing Bowl","Frozen Egg 2","Mango","Whetstone","Omamori","Champion Belt","Toxic Egg 2","Black Star","Darkstone Periapt","Peace Pipe","Pocketwatch","Potion Belt","StoneCalendar","FossilizedHelix","Question Card","The Courier","Blue Candle","Matryoshka","Letter Opener","Mummified Hand","Meat on the Bone","Ancient Tea Set","Ginger","Torii","Unceasing Top","Old Coin","Regal Pillow","Red Skull","Ice Cream","Tiny House","Orichalcum","Shuriken","PreservedInsect","Spirit Poop","Vajra","Bag of Marbles","Bronze Scales","Strange Spoon","Turnip","Pantograph","Molten Egg 2","War Paint","Blood Vial","Lantern","MawBank","Tiny Chest","Calling Bell","Centennial Puzzle","Pear","Bird Faced Urn","Paper Frog","Thread and Needle","Dream Catcher","Pen Nib","Charon\u0027s Ashes","Du-Vu Doll","Incense Burner","Philosopher\u0027s Stone","Gambling Chip","Membership Card","Circlet","Red Mask","HandDrill","Empty Cage"],"potions_floor_usage":[50,50,50,86,93],"damage_taken":[{"damage":0.0,"enemies":"2 Louse","floor":1.0,"turns":2.0},{"damage":0.0,"enemies":"Cultist","floor":5.0,"turns":3.0},{"damage":14.0,"enemies":"Gremlin Nob","floor":6.0,"turns":4.0},{"damage":5.0,"enemies":"3 Sentries","floor":7.0,"turns":3.0},{"damage":4.0,"enemies":"Gremlin Nob","floor":8.0,"turns":4.0},{"damage":13.0,"enemies":"3 Sentries","floor":10.0,"turns":5.0},{"damage":14.0,"enemies":"Lagavulin","floor":12.0,"turns":5.0},{"damage":0.0,"enemies":"3 Sentries","floor":13.0,"turns":3.0},{"damage":24.0,"enemies":"Lagavulin","floor":14.0,"turns":4.0},{"damage":20.0,"enemies":"The Guardian","floor":16.0,"turns":10.0},{"damage":0.0,"enemies":"Shell Parasite","floor":18.0,"turns":3.0},{"damage":0.0,"enemies":"2 Thieves","floor":21.0,"turns":1.0},{"damage":0.0,"enemies":"Gremlin Leader","floor":22.0,"turns":4.0},{"damage":15.0,"enemies":"Book of Stabbing","floor":23.0,"turns":4.0},{"damage":11.0,"enemies":"Slavers","floor":24.0,"turns":3.0},{"damage":2.0,"enemies":"Book of Stabbing","floor":27.0,"turns":3.0},{"damage":8.0,"enemies":"3 Cultists","floor":28.0,"turns":4.0},{"damage":9.0,"enemies":"Gremlin Leader","floor":29.0,"turns":3.0},{"damage":16.0,"enemies":"Book of Stabbing","floor":30.0,"turns":5.0},{"damage":14.0,"enemies":"Slavers","floor":31.0,"turns":3.0},{"damage":6.0,"enemies":"Champ","floor":33.0,"turns":8.0},{"damage":0.0,"enemies":"Orb Walker","floor":35.0,"turns":4.0},{"damage":74.0,"enemies":"2 Orb Walkers","floor":36.0,"turns":5.0},{"damage":0.0,"enemies":"Mind Bloom Boss Battle","floor":37.0,"turns":4.0},{"damage":2.0,"enemies":"3 Shapes","floor":38.0,"turns":3.0},{"damage":0,"enemies":"Nemesis","floor":39,"turns":5},{"damage":0,"enemies":"Reptomancer","floor":40,"turns":5},{"damage":16,"enemies":"Nemesis","floor":41,"turns":5},{"damage":12,"enemies":"Giant Head","floor":42,"turns":5},{"damage":3,"enemies":"Nemesis","floor":44,"turns":3},{"damage":29,"enemies":"Giant Head","floor":45,"turns":8},{"damage":53,"enemies":"Nemesis","floor":46,"turns":5},{"damage":4,"enemies":"Donu and Deca","floor":50,"turns":4},{"damage":0,"enemies":"Cultist","floor":52,"turns":2},{"damage":3,"enemies":"3 Sentries","floor":55,"turns":4},{"damage":0,"enemies":"2 Louse","floor":56,"turns":1},{"damage":0,"enemies":"Lagavulin","floor":57,"turns":2},{"damage":0,"enemies":"Gremlin Nob","floor":62,"turns":1},{"damage":0,"enemies":"Lagavulin","floor":63,"turns":1},{"damage":0,"enemies":"3 Sentries","floor":64,"turns":1},{"damage":0,"enemies":"Slime Boss","floor":67,"turns":2},{"damage":2,"enemies":"Spheric Guardian","floor":69,"turns":3},{"damage":1,"enemies":"Slavers","floor":72,"turns":2},{"damage":0,"enemies":"Gremlin Leader","floor":73,"turns":1},{"damage":2,"enemies":"Shell Parasite","floor":75,"turns":2},{"damage":1,"enemies":"Book of Stabbing","floor":77,"turns":1},{"damage":0,"enemies":"Gremlin Leader","floor":79,"turns":2},{"damage":1,"enemies":"Book of Stabbing","floor":81,"turns":1},{"damage":0,"enemies":"Gremlin Leader","floor":82,"turns":2},{"damage":8,"enemies":"Automaton","floor":84,"turns":3},{"damage":0,"enemies":"Orb Walker","floor":86,"turns":2},{"damage":0,"enemies":"3 Shapes","floor":89,"turns":2},{"damage":4,"enemies":"Nemesis","floor":93,"turns":3},{"damage":0,"enemies":"Reptomancer","floor":94,"turns":1},{"damage":0,"enemies":"Nemesis","floor":96,"turns":1},{"damage":3,"enemies":"Giant Head","floor":97,"turns":3},{"damage":26,"enemies":"Nemesis","floor":98,"turns":3},{"damage":8,"enemies":"Awakened One","floor":101,"turns":3}],"seed_played":"5739744497784110531","potions_obtained":[{"floor":4.0,"key":"SmokeBomb"},{"floor":4.0,"key":"GamblersBrew"},{"floor":4.0,"key":"SneckoOil"},{"floor":5.0,"key":"SteroidPotion"},{"floor":10.0,"key":"PowerPotion"},{"floor":13.0,"key":"SteroidPotion"},{"floor":23.0,"key":"Strength Potion"},{"floor":38.0,"key":"Block Potion"},{"floor":39,"key":"PowerPotion"},{"floor":40,"key":"SkillPotion"},{"floor":50,"key":"Block Potion"},{"floor":51,"key":"SteroidPotion"},{"floor":52,"key":"Fire Potion"},{"floor":93,"key":"EssenceOfSteel"},{"floor":97,"key":"SteroidPotion"}],"is_trial":true,"path_per_floor":["M","?","$","?","M","E","E","E","T","E","R","E","E","E","R","B",null,"M","?","T","M","E","E","E","$","T","E","M","E","E","E","R","B",null,"M","?","?","M","E","E","E","E","T","E","E","E","R","?","R","B",null,"M","?","?","E","M","E","R","?","T","R","E","E","E","$","R","B",null,"M","?","?","E","E","R","M","?","E","R","E","R","E","E","R","B",null,"M","$","?","M","?","R","R","E","E","$","E","E","E","$","R","B",null],"character_chosen":"IRONCLAD","items_purchased":["Singing Bowl","Mayhem","Strange Spoon","Turnip","Pantograph","Molten Egg 2","War Paint","Blood Vial","Lantern","Corruption+1","MawBank","Membership Card","Trip+1","Panacea+1","Violence+1","Secret Weapon+1","Trip+1","Magnetism+1","Enlightenment+1","The Bomb+1","Trip+1","Flash of Steel+1","Metamorphosis+1","Enlightenment+1","AttackPotion","Dramatic Entrance+1","True Grit+1","HandDrill","Havoc+1"],"campfire_rested":1,"item_purchase_floors":[25,25,65,65,65,65,65,65,65,65,65,87,87,87,87,87,87,87,87,87,87,87,87,87,87,95,95,99,99],"current_hp_per_floor":[80,80,80,80,80,79,80,82,82,75,75,67,73,55,55,41,87,87,87,87,87,87,78,73,73,73,93,91,90,82,76,76,78,111,111,45,51,55,63,71,61,57,57,74,63,28,79,79,79,83,128,128,128,128,128,128,128,128,128,134,134,134,134,134,134,134,136,164,164,164,164,164,164,164,164,164,164,164,166,166,166,166,166,166,166,166,166,145,166,166,166,166,166,166,166,166,166,166,166,166,166,166],"gold":108,"neow_bonus":"","is_prod":false,"is_daily":false,"chose_seed":false,"campfire_upgraded":5,"win_rate":0,"timestamp":1541713025,"path_taken":["M","?","?","?","?","E","E","E","T","E","R","E","?","E","R","BOSS","M","?","?","?","?","E","E","$","T","E","?","E","E","?","R","BOSS","M","?","?","?","?","E","E","E","T","E","E","E","R","?","R","BOSS","M","?","?","?","?","E","R","?","T","R","E","?","E","?","R","BOSS","M","?","?","?","?","R","?","?","E","R","E","R","E","E","R","BOSS","M","$","?","?","?","R","R","?","E","?","E","E","E","?","R","BOSS"],"build_version":"2018-11-07","purchased_purges":3,"victory":false,"max_hp_per_floor":[80,80,80,80,80,87,87,87,87,87,87,87,87,87,87,87,87,87,87,87,87,87,87,87,87,87,103,103,105,107,109,109,111,111,111,113,113,113,115,117,117,119,119,121,121,121,121,121,121,123,128,128,128,128,128,128,128,128,128,134,134,134,134,134,134,134,136,164,164,164,164,164,164,164,164,164,164,164,166,166,166,166,166,166,166,166,166,166,166,166,166,166,166,166,166,166,166,166,166,166,166,166],"card_choices":[{"not_picked":["Perfected Strike","Blood for Blood"],"picked":"Flame Barrier","floor":0.0},{"not_picked":["Pommel Strike","Burning Pact"],"picked":"Armaments","floor":0.0},{"not_picked":["Cleave","Rupture"],"picked":"Second Wind","floor":0.0},{"not_picked":["Wild Strike","Flex"],"picked":"Battle Trance","floor":0.0},{"not_picked":["Perfected Strike","Flex"],"picked":"Uppercut","floor":0.0},{"not_picked":["Flex","Dropkick"],"picked":"Headbutt","floor":0.0},{"not_picked":["Clash","Havoc"],"picked":"Flex","floor":0.0},{"not_picked":["Twin Strike","Corruption"],"picked":"Iron Wave","floor":0.0},{"not_picked":["Flex","Spot Weakness"],"picked":"Thunderclap","floor":0.0},{"not_picked":["Heavy Blade","Havoc"],"picked":"Pommel Strike","floor":0.0},{"not_picked":["Clash","Body Slam"],"picked":"Carnage","floor":0.0},{"not_picked":["Body Slam","Rampage"],"picked":"True Grit","floor":0.0},{"not_picked":["Wild Strike","Entrench"],"picked":"Anger","floor":0.0},{"not_picked":["Bloodletting","Rage"],"picked":"Whirlwind","floor":0.0},{"not_picked":["Perfected Strike","Rampage"],"picked":"Warcry","floor":0.0},{"not_picked":["Reaper","Barricade","Bludgeon"],"picked":"SKIP","floor":6.0},{"not_picked":["Demon Form","Reaper"],"picked":"Juggernaut","floor":7.0},{"not_picked":["Bludgeon","Immolate"],"picked":"Impervious","floor":8.0},{"not_picked":["Juggernaut","Reaper"],"picked":"Dark Embrace","floor":10.0},{"not_picked":["Juggernaut","Brutality"],"picked":"Double Tap","floor":12.0},{"not_picked":["Bludgeon","Berserk","Brutality"],"picked":"SKIP","floor":13.0},{"not_picked":["Brutality","Berserk"],"picked":"Demon Form","floor":14.0},{"not_picked":["Barricade","Exhume"],"picked":"Limit Break","floor":16.0},{"not_picked":["Immolate","Double Tap"],"picked":"Fiend Fire","floor":22.0},{"not_picked":["Brutality","Exhume"],"picked":"Impervious","floor":23.0},{"not_picked":["Demon Form","Immolate"],"picked":"Impervious","floor":24.0},{"not_picked":["Fiend Fire","Reaper","Limit Break"],"picked":"Singing Bowl","floor":27.0},{"not_picked":["Exhume","Impervious","Reaper"],"picked":"Singing Bowl","floor":29.0},{"not_picked":["Dark Embrace+1","Immolate","Double Tap"],"picked":"Singing Bowl","floor":30.0},{"not_picked":["Brutality+1","Immolate","Juggernaut+1"],"picked":"Singing Bowl","floor":31.0},{"not_picked":["Exhume+1","Reaper","Immolate"],"picked":"Singing Bowl","floor":33.0},{"not_picked":["Battle Trance+1","Dual Wield+1","Shockwave+1"],"picked":"Singing Bowl","floor":36.0},{"not_picked":["Ghostly Armor+1","Battle Trance+1"],"picked":"Disarm+1","floor":37.0},{"not_picked":["Bludgeon","Demon Form+1","Reaper"],"picked":"Singing Bowl","floor":39},{"not_picked":["Demon Form+1","Immolate","Berserk+1"],"picked":"Singing Bowl","floor":40},{"not_picked":["Double Tap+1","Demon Form+1","Exhume+1"],"picked":"Fiend Fire","floor":41},{"not_picked":["Exhume+1","Feed","Immolate","Berserk+1"],"picked":"Singing Bowl","floor":42},{"not_picked":["Double Tap+1","Dark Embrace+1","Exhume+1","Limit Break+1"],"picked":"Singing Bowl","floor":44},{"not_picked":["Double Tap+1","Reaper","Limit Break+1"],"picked":"Juggernaut+1","floor":45},{"not_picked":["Fiend Fire","Reaper","Immolate"],"picked":"Brutality+1","floor":46},{"not_picked":["Fiend Fire","Bludgeon","Immolate","Reaper"],"picked":"Singing Bowl","floor":50},{"not_picked":["Perfected Strike","Pummel","Shrug It Off+1"],"picked":"Havoc+1","floor":51},{"not_picked":["Immolate","Feed","Fiend Fire"],"picked":"Berserk+1","floor":55},{"not_picked":["Bludgeon","Fiend Fire","Limit Break+1"],"picked":"Juggernaut+1","floor":57},{"not_picked":["Bludgeon","Immolate","Impervious+1"],"picked":"Exhume+1","floor":62},{"not_picked":["Feed","Immolate","Double Tap+1"],"picked":"Berserk+1","floor":63},{"not_picked":["Double Tap+1","Exhume+1","Bludgeon"],"picked":"Dark Embrace+1","floor":64},{"not_picked":["Limit Break+1","Dark Embrace+1","Feed+1","Exhume+1"],"picked":"Singing Bowl","floor":67},{"not_picked":["Exhume+1","Bludgeon+1","Immolate+1"],"picked":"Brutality+1","floor":72},{"not_picked":["Brutality+1","Berserk+1","Fiend Fire+1"],"picked":"Barricade+1","floor":73},{"not_picked":["Berserk+1","Feed+1","Limit Break+1"],"picked":"Reaper+1","floor":77},{"not_picked":["Immolate+1","Demon Form+1","Juggernaut+1","Barricade+1"],"picked":"Singing Bowl","floor":79},{"not_picked":["Bludgeon+1","Limit Break+1","Dark Embrace+1"],"picked":"Brutality+1","floor":81},{"not_picked":["Exhume+1","Demon Form+1","Immolate+1"],"picked":"Brutality+1","floor":82},{"not_picked":["Double Tap+1","Berserk+1","Brutality+1"],"picked":"Offering+1","floor":84},{"not_picked":["Exhume+1","Double Tap+1","Berserk+1"],"picked":"Fiend Fire+1","floor":93},{"not_picked":["Demon Form+1","Immolate+1","Barricade+1"],"picked":"Exhume+1","floor":94},{"not_picked":["Fiend Fire+1","Bludgeon+1","Reaper+1"],"picked":"Offering+1","floor":96},{"not_picked":["Double Tap+1","Barricade+1","Berserk+1"],"picked":"Dark Embrace+1","floor":97},{"not_picked":["Juggernaut+1","Limit Break+1","Barricade+1"],"picked":"Fiend Fire+1","floor":98},{"not_picked":["Double Tap+1","Brutality+1","Exhume+1"],"picked":"Offering+1","floor":101}],"player_experience":885723,"relics_obtained":[{"floor":1.0,"key":"Nunchaku"},{"floor":5.0,"key":"Gremlin Horn"},{"floor":6.0,"key":"Strawberry"},{"floor":7.0,"key":"Anchor"},{"floor":8.0,"key":"Boot"},{"floor":9.0,"key":"Calipers"},{"floor":10.0,"key":"Kunai"},{"floor":12.0,"key":"Dodecahedron"},{"floor":13.0,"key":"Shovel"},{"floor":14.0,"key":"Prayer Wheel"},{"floor":18.0,"key":"Happy Flower"},{"floor":20.0,"key":"Mercury Hourglass"},{"floor":21.0,"key":"Art of War"},{"floor":22.0,"key":"Bottled Tornado"},{"floor":23.0,"key":"Ornamental Fan"},{"floor":24.0,"key":"Sundial"},{"floor":26.0,"key":"Frozen Egg 2"},{"floor":27.0,"key":"Mango"},{"floor":28.0,"key":"Whetstone"},{"floor":29.0,"key":"Omamori"},{"floor":30.0,"key":"Champion Belt"},{"floor":31.0,"key":"Toxic Egg 2"},{"floor":35.0,"key":"Darkstone Periapt"},{"floor":36.0,"key":"Peace Pipe"},{"floor":37.0,"key":"Pocketwatch"},{"floor":38.0,"key":"Potion Belt"},{"floor":39,"key":"StoneCalendar"},{"floor":39,"key":"FossilizedHelix"},{"floor":40,"key":"Question Card"},{"floor":40,"key":"The Courier"},{"floor":41,"key":"Blue Candle"},{"floor":41,"key":"Matryoshka"},{"floor":42,"key":"Letter Opener"},{"floor":42,"key":"Mummified Hand"},{"floor":43,"key":"Meat on the Bone"},{"floor":43,"key":"Ancient Tea Set"},{"floor":44,"key":"Ginger"},{"floor":44,"key":"Torii"},{"floor":45,"key":"Unceasing Top"},{"floor":45,"key":"Old Coin"},{"floor":46,"key":"Regal Pillow"},{"floor":46,"key":"Red Skull"},{"floor":49,"key":"Ice Cream"},{"floor":52,"key":"Orichalcum"},{"floor":56,"key":"Shuriken"},{"floor":58,"key":"PreservedInsect"},{"floor":60,"key":"Vajra"},{"floor":60,"key":"Bag of Marbles"},{"floor":61,"key":"Bronze Scales"},{"floor":66,"key":"Tiny Chest"},{"floor":68,"key":"Centennial Puzzle"},{"floor":68,"key":"Pear"},{"floor":68,"key":"Bird Faced Urn"},{"floor":69,"key":"Paper Frog"},{"floor":74,"key":"Dream Catcher"},{"floor":75,"key":"Pen Nib"},{"floor":78,"key":"Charon\u0027s Ashes"},{"floor":80,"key":"Du-Vu Doll"},{"floor":83,"key":"Incense Burner"},{"floor":86,"key":"Gambling Chip"},{"floor":89,"key":"Circlet"},{"floor":91,"key":"Circlet"}],"event_choices":[{"cards_removed":["Flex"],"damage_healed":0.0,"max_hp_gain":0.0,"max_hp_loss":0.0,"gold_gain":0.0,"event_name":"Purifier","player_choice":"Purged","floor":2.0,"gold_loss":0.0,"damage_taken":0.0},{"damage_healed":0.0,"max_hp_gain":0.0,"max_hp_loss":0.0,"gold_gain":0.0,"event_name":"Lab","player_choice":"Got Potions","floor":4.0,"gold_loss":0.0,"damage_taken":0.0},{"damage_healed":0.0,"max_hp_gain":0.0,"max_hp_loss":0.0,"gold_gain":0.0,"event_name":"The Mausoleum","player_choice":"Opened","floor":19.0,"gold_loss":0.0,"damage_taken":0.0,"relics_obtained":["Oddly Smooth Stone"]},{"damage_healed":0.0,"max_hp_gain":0.0,"max_hp_loss":0.0,"gold_gain":0.0,"event_name":"Mysterious Sphere","player_choice":"Fight","floor":36.0,"gold_loss":0.0,"damage_taken":0.0},{"damage_healed":0.0,"max_hp_gain":0.0,"max_hp_loss":0.0,"gold_gain":0.0,"event_name":"MindBloom","player_choice":"Fight","floor":37.0,"gold_loss":0.0,"damage_taken":0.0},{"cards_removed":["Dark Embrace"],"damage_healed":0,"gold_gain":0,"player_choice":"Removed Power","damage_taken":0,"max_hp_gain":0,"max_hp_loss":0,"event_name":"Falling","floor":48,"gold_loss":0},{"cards_removed":["Armaments"],"damage_healed":0,"gold_gain":0,"player_choice":"Card Removal","damage_taken":0,"max_hp_gain":0,"max_hp_loss":0,"event_name":"The Cleric","floor":53,"gold_loss":50},{"damage_healed":0,"gold_gain":175,"player_choice":"AGREE","damage_taken":0,"max_hp_gain":0,"max_hp_loss":0,"event_name":"Liars Game","floor":54,"gold_loss":0,"cards_obtained":["Doubt"]},{"cards_removed":["Normality"],"damage_healed":0,"gold_gain":0,"player_choice":"Offered Curse","damage_taken":0,"relics_obtained":["Spirit Poop"],"max_hp_gain":0,"max_hp_loss":0,"event_name":"Bonfire Elementals","floor":59,"gold_loss":0},{"damage_healed":0,"gold_gain":0,"player_choice":"Opened","damage_taken":0,"relics_obtained":["Thread and Needle"],"max_hp_gain":0,"max_hp_loss":0,"event_name":"The Mausoleum","floor":70,"gold_loss":0},{"damage_healed":0,"gold_gain":0,"player_choice":"Ignored","damage_taken":0,"max_hp_gain":0,"max_hp_loss":0,"event_name":"Vampires","floor":71,"gold_loss":0},{"damage_healed":0,"gold_gain":99,"player_choice":"Stole From Cult","damage_taken":0,"max_hp_gain":0,"max_hp_loss":0,"event_name":"Nest","floor":76,"gold_loss":0},{"damage_healed":0,"gold_gain":0,"player_choice":"Embrace Madness","damage_taken":21,"max_hp_gain":0,"max_hp_loss":0,"event_name":"Winding Halls","floor":88,"gold_loss":0,"cards_obtained":["Madness","Madness"]},{"damage_healed":0,"gold_gain":0,"player_choice":"Paid","damage_taken":0,"relics_obtained":["Red Mask"],"max_hp_gain":0,"max_hp_loss":0,"event_name":"Tomb of Lord Red Mask","floor":90,"gold_loss":42}],"is_beta":true,"boss_relics":[{"not_picked":["Runic Dome","Coffee Dripper"],"picked":"Cursed Key"},{"not_picked":["Pandora\u0027s Box","Eternal Feather"],"picked":"Black Star"},{"not_picked":["Lizard Tail","Astrolabe"],"picked":"Tiny House"},{"not_picked":["Fusion Hammer","Lizard Tail"],"picked":"Calling Bell"},{"not_picked":["Coffee Dripper","Eternal Feather"],"picked":"Philosopher\u0027s Stone"},{"not_picked":["Mark of Pain","Runic Cube"],"picked":"Empty Cage"}],"items_purged_floors":[3,65,87],"is_endless":true,"potions_floor_spawned":[5,10,13,18,23,24,28,29,36,38,39,40,44,46,50,52,55,64,67,72,77,79,93,96,97],"ascension_level":1}