{"gold_per_floor":[99,99,99,99,99,99,99,99,99,99,99,99,99,75,75,75,75,75,15,15,15,15,15,15,15,15,15,15,15,15,15,15,15,15,15,15,15,15,15,15,15,15,15,15,15,15,15,15],"floor_reached":48,"playtime":2488,"items_purged":["Strike_B"],"score":906,"play_id":"7e1820b0-dc97-45f7-811e-d10f83da7d81","local_time":"20190109130643","is_ascension_mode":true,"campfire_choices":[{"data":"strawberrySpire:Dropbox","floor":6.0,"key":"SMITH"},{"data":"Capacitor","floor":15.0,"key":"SMITH"},{"data":"Hologram","floor":23,"key":"SMITH"},{"data":"Hologram","floor":25,"key":"SMITH"},{"data":"strawberrySpire:Adapter","floor":32,"key":"SMITH"},{"floor":44,"key":"RECALL"},{"floor":46,"key":"REST"}],"neow_cost":"","seed_source_timestamp":0,"circlet_count":0,"master_deck":["Strike_B","Defend_B","Defend_B","Defend_B","Defend_B","Zap","Dualcast","strawberrySpire:Dropbox+1","Defragment","BootSequence","Rainbow","Defragment","Hologram+1","Streamline","Double Energy","Beam Cell","Conserve Battery","Cold Snap","Cold Snap","Defragment","Capacitor+1","Conserve Battery","strawberrySpire:Gammacceleration","Hologram+1","Glacier","BootSequence","Consume","All For One","strawberrySpire:Adapter+1","FTL+1","Ball Lightning","Fission","Stack","White Noise+1","Chaos+1","Doom and Gloom+1","Madness","Madness","strawberrySpire:Gammacceleration"],"special_seed":0,"relics":["FrozenCore","Vajra","Boot","Toolbox","Ectoplasm","Orichalcum","Potion Belt","Bronze Scales","Letter Opener","MawBank","Frozen Egg 2","Smiling Mask","Shuriken","strawberrySpire:Dictionifier","strawberrySpire:Treaders"],"potions_floor_usage":[31,33,36,37,38,48],"damage_taken":[{"damage":0.0,"enemies":"Jaw Worm","floor":1.0,"turns":2.0},{"damage":0.0,"enemies":"Cultist","floor":3.0,"turns":2.0},{"damage":0.0,"enemies":"Small Slimes","floor":4.0,"turns":2.0},{"damage":0.0,"enemies":"Red Slaver","floor":5.0,"turns":3.0},{"damage":0.0,"enemies":"3 Sentries","floor":8.0,"turns":4.0},{"damage":2.0,"enemies":"Blue Slaver","floor":10.0,"turns":2.0},{"damage":10.0,"enemies":"Lagavulin","floor":11.0,"turns":4.0},{"damage":0.0,"enemies":"3 Sentries","floor":13.0,"turns":7.0},{"damage":3.0,"enemies":"The Guardian","floor":16.0,"turns":8.0},{"damage":0,"enemies":"Chosen","floor":18,"turns":4},{"damage":5,"enemies":"2 Thieves","floor":19,"turns":3},{"damage":0,"enemies":"strawberrySpire:AncientClocktower","floor":24,"turns":8},{"damage":0,"enemies":"Centurion and Healer","floor":28,"turns":6},{"damage":0,"enemies":"Book of Stabbing","floor":29,"turns":5},{"damage":0,"enemies":"Snecko","floor":30,"turns":5},{"damage":6,"enemies":"strawberrySpire:AncientClocktower","floor":31,"turns":7},{"damage":19,"enemies":"Champ","floor":33,"turns":10},{"damage":0,"enemies":"3 Darklings","floor":35,"turns":2},{"damage":1,"enemies":"Orb Walker","floor":36,"turns":4},{"damage":4,"enemies":"3 Darklings","floor":37,"turns":4},{"damage":0,"enemies":"Transient","floor":38,"turns":5},{"damage":60,"enemies":"Reptomancer","floor":40,"turns":5},{"damage":0,"enemies":"4 Shapes","floor":42,"turns":4},{"damage":6,"enemies":"Sphere and 2 Shapes","floor":47,"turns":5},{"damage":22,"enemies":"Spire Growth","floor":48,"turns":3}],"seed_played":"3072610868519963955","potions_obtained":[{"floor":2.0,"key":"PowerPotion"},{"floor":2.0,"key":"AttackPotion"},{"floor":4.0,"key":"FocusPotion"},{"floor":5.0,"key":"PowerPotion"},{"floor":11.0,"key":"Ancient Potion"},{"floor":28,"key":"SpeedPotion"},{"floor":36,"key":"AttackPotion"}],"is_trial":false,"path_per_floor":["M","?","M","M","M","R","?","E","T","M","E","?","E","$","R","B",null,"M","M","?","?","?","R","E","R","T","$","M","E","M","E","R","B",null,"M","M","M","M","?","E","?","M","T","R","$","R","M","M"],"character_chosen":"DEFECT","items_purchased":["strawberrySpire:Dropbox","Defragment","Vajra","Boot","Toolbox","BootSequence","Rainbow","Defragment","Hologram","Streamline","Conserve Battery"],"campfire_rested":1,"item_purchase_floors":[0,0,0,0,0,0,0,0,0,0,14],"current_hp_per_floor":[33,33,39,45,51,51,51,57,57,61,57,57,65,65,65,62,65,65,65,65,65,65,65,65,65,65,65,65,65,65,65,65,46,65,65,64,61,65,65,11,3,3,3,3,3,22,16,0],"gold":15,"neow_bonus":"","is_prod":false,"is_daily":false,"chose_seed":false,"campfire_upgraded":5,"win_rate":0,"timestamp":1547028403,"path_taken":["M","?","M","M","?","R","?","E","T","?","E","?","E","?","R","BOSS","M","?","?","?","?","R","E","R","T","?","M","E","?","E","R","BOSS","M","?","?","M","?","E","?","M","T","R","?","R","?","M"],"build_version":"2019-01-08","purchased_purges":1,"victory":false,"max_hp_per_floor":[65,65,65,65,65,65,65,65,65,65,65,65,65,65,65,65,65,65,65,65,65,65,65,65,65,65,65,65,65,65,65,65,65,65,65,65,65,65,65,65,65,65,65,65,65,65,65,65],"card_choices":[{"not_picked":["strawberrySpire:DataDump","Gash"],"picked":"Double Energy","floor":1.0},{"not_picked":["strawberrySpire:DataDump","Sweeping Beam"],"picked":"Beam Cell","floor":3.0},{"not_picked":["Melter","Streamline"],"picked":"Conserve Battery","floor":4.0},{"not_picked":["Buffer","Barrage"],"picked":"Cold Snap","floor":5.0},{"not_picked":["Chaos","Auto Shields"],"picked":"Rebound","floor":8.0},{"not_picked":["Barrage","Self Repair"],"picked":"Cold Snap","floor":10.0},{"not_picked":["Ball Lightning","Barrage"],"picked":"Defragment","floor":11.0},{"not_picked":["strawberrySpire:FocalLaser","Steam"],"picked":"Capacitor","floor":13.0},{"not_picked":["Thunder Strike","Electrodynamics"],"picked":"strawberrySpire:Gammacceleration","floor":16.0},{"not_picked":["Coolheaded","strawberrySpire:NeonFlight","Double Energy"],"picked":"SKIP","floor":18},{"not_picked":["strawberrySpire:GearCrunch+1","Redo"],"picked":"Hologram","floor":19},{"not_picked":["Undo","Hologram"],"picked":"All For One","floor":24},{"not_picked":["Beam Cell+1","strawberrySpire:ReturnNull","Recycle"],"picked":"SKIP","floor":28},{"not_picked":["Recycle","strawberrySpire:AngeryBot+1"],"picked":"strawberrySpire:Adapter","floor":29},{"not_picked":["Chill","Barrage+1"],"picked":"FTL+1","floor":30},{"not_picked":["Go for the Eyes","Redo"],"picked":"Ball Lightning","floor":31},{"not_picked":["Buffer+1","strawberrySpire:BiBeamBolt"],"picked":"Fission","floor":33},{"not_picked":["strawberrySpire:Adapter","Genetic Algorithm"],"picked":"Stack","floor":35},{"not_picked":["Hologram+1","Redo"],"picked":"White Noise+1","floor":36},{"not_picked":["Barrage","Scrape+1","strawberrySpire:BreederCore"],"picked":"SKIP","floor":37},{"not_picked":["Gash","Turbo"],"picked":"Chaos+1","floor":38},{"not_picked":["Steam Power","Rebound"],"picked":"Doom and Gloom+1","floor":40},{"not_picked":["Barrage","strawberrySpire:Disconnect+1"],"picked":"strawberrySpire:Gammacceleration","floor":42},{"not_picked":["strawberrySpire:Adapter+1","Recycle","Beam Cell"],"picked":"SKIP","floor":47}],"player_experience":1053187,"relics_obtained":[{"floor":8.0,"key":"Orichalcum"},{"floor":9.0,"key":"Potion Belt"},{"floor":11.0,"key":"Bronze Scales"},{"floor":13.0,"key":"Letter Opener"},{"floor":24,"key":"MawBank"},{"floor":26,"key":"Frozen Egg 2"},{"floor":29,"key":"Smiling Mask"},{"floor":31,"key":"Shuriken"},{"floor":40,"key":"strawberrySpire:Treaders"}],"event_choices":[{"damage_healed":0.0,"max_hp_gain":0.0,"max_hp_loss":0.0,"gold_gain":0.0,"event_name":"Lab","player_choice":"Got Potions","floor":2.0,"gold_loss":0.0,"damage_taken":0.0},{"damage_healed":0.0,"max_hp_gain":0.0,"max_hp_loss":0.0,"gold_gain":100.0,"event_name":"Golden Shrine","player_choice":"Pray","floor":7.0,"gold_loss":0.0,"damage_taken":0.0},{"damage_healed":0.0,"max_hp_gain":0.0,"max_hp_loss":0.0,"gold_gain":0.0,"event_name":"The Woman in Blue","player_choice":"Bought 0 Potions","floor":12.0,"gold_loss":0.0,"damage_taken":0.0},{"damage_healed":0,"gold_gain":0,"player_choice":"Read","damage_taken":0,"max_hp_gain":0,"max_hp_loss":0,"event_name":"The Library","floor":20,"gold_loss":0,"cards_obtained":["Glacier"]},{"damage_healed":0,"gold_gain":0,"cards_transformed":["Strike_B","Strike_B"],"player_choice":"Became Test Subject","damage_taken":0,"max_hp_gain":0,"max_hp_loss":0,"event_name":"Drug Dealer","floor":21,"gold_loss":0,"cards_obtained":["BootSequence","Consume"]},{"damage_healed":0,"gold_gain":0,"player_choice":"Ignored","damage_taken":0,"max_hp_gain":0,"max_hp_loss":0,"event_name":"Ghosts","floor":22,"gold_loss":0},{"cards_removed":["Rebound"],"damage_healed":0,"gold_gain":0,"player_choice":"Removed Attack","damage_taken":0,"max_hp_gain":0,"max_hp_loss":0,"event_name":"Falling","floor":39,"gold_loss":0},{"damage_healed":0,"gold_gain":0,"player_choice":"Embrace Madness","damage_taken":8,"max_hp_gain":0,"max_hp_loss":0,"event_name":"Winding Halls","floor":41,"gold_loss":0,"cards_obtained":["Madness","Madness"]}],"is_beta":true,"boss_relics":[{"not_picked":["Velvet Choker","Nuclear Battery"],"picked":"FrozenCore"},{"not_picked":["strawberrySpire:SolarisEssence","Calling Bell"],"picked":"strawberrySpire:Dictionifier"}],"items_purged_floors":[0],"is_endless":false,"potions_floor_spawned":[4,5,8,11,28,29,30,36,47],"killed_by":"Spire Growth","ascension_level":1}