{"path_per_floor":["M","$","M","?","?","E","M","R","T","M","M","R","M","E","R","B",null,"M","?","M","$","M","R","E","M","T","E","M","?","?"],"character_chosen":"THE_SILENT","items_purchased":["Infinite Blades","Juzu Bracelet"],"gold_per_floor":[118,4,24,24,24,59,74,74,74,90,102,102,119,153,153,250,250,236,161,174,20,36,36,68,87,87,112,130,130,0],"floor_reached":31,"campfire_rested":0,"playtime":2312,"current_hp_per_floor":[58,58,58,44,49,31,31,31,31,30,29,29,29,15,15,11,75,60,60,60,60,45,45,26,26,26,17,9,9,9],"items_purged":["Pain"],"gold":0,"score":287,"play_id":"b129153e-5660-4c61-bdb4-311915ad3114","is_prod":false,"is_daily":false,"is_ascension_mode":false,"campfire_upgraded":4,"path_taken":["M","$","M","?","?","E","M","R","T","M","M","R","M","E","R","BOSS","M","?","M","?","M","R","E","M","T","E","M","?","?","M"],"build_version":"2018-02-23-BETA1","purchased_purges":1,"victory":false,"master_deck":["Defend_G","Defend_G","Defend_G+1","Defend_G","Strike_G","Strike_G+1","Strike_G","Strike_G","Strike_G","Survivor","Neutralize","Burst","Quick Slash","Infinite Blades","Backflip+1","Dagger Throw","Expertise+1","PiercingWail","Bullet Time+1","Cloak And Dagger+1","Venomology","After Image+1","Infinite Blades+1","Predator","Terror","Decay"],"max_hp_per_floor":[70,70,70,70,75,75,75,75,75,75,75,75,75,75,75,75,75,75,75,75,75,75,75,75,75,75,75,75,75,75],"relics":["Ring of the Snake","Letter Opener","Torii","Frozen Egg 2","Philosopher\u0027s Stone","Juzu Bracelet","Prayer Wheel","Ninja Scroll","Matryoshka"],"card_choices":[{"not_picked":["Bullet Time","Corpse Explosion"],"picked":"Burst"},{"not_picked":["Outmaneuver","Deflect"],"picked":"Quick Slash"},{"not_picked":["Dodge and Roll","Outmaneuver"],"picked":"Backflip"},{"not_picked":["Deflect","Venomology"],"picked":"Dagger Throw"},{"not_picked":["All Out Attack","Prepared"],"picked":"Expertise"},{"not_picked":["Quick Slash","Dagger Throw"],"picked":"PiercingWail"},{"not_picked":["Deadly Poison","Blade Dance"],"picked":"Bullet Time"},{"not_picked":["Prepared","Deadly Poison"],"picked":"Cloak And Dagger"},{"not_picked":["Backflip","Prepared"],"picked":"Venomology"},{"not_picked":["Venomology","A Thousand Cuts"],"picked":"After Image"},{"not_picked":["Riddle With Holes","Outmaneuver"],"picked":"Infinite Blades"},{"not_picked":["Acrobatics","Corpse Explosion"],"picked":"Predator"},{"not_picked":["Dagger Throw","Quick Slash"],"picked":"Terror"}],"player_experience":236885,"potions_floor_usage":[14,14,16,18,20,22,24,24,24,27,27,27,28,28,31,31],"damage_taken":[{"damage":12,"enemies":"Jaw Worm","floor":1,"turns":8},{"damage":0,"enemies":"2 Louse","floor":3,"turns":3},{"damage":18,"enemies":"Lagavulin","floor":6,"turns":8},{"damage":0,"enemies":"Small Slimes","floor":7,"turns":3},{"damage":1,"enemies":"3 Louse","floor":10,"turns":4},{"damage":1,"enemies":"Gremlin Gang","floor":11,"turns":5},{"damage":0,"enemies":"2 Fungi Beasts","floor":13,"turns":4},{"damage":14,"enemies":"Gremlin Nob","floor":14,"turns":4},{"damage":4,"enemies":"Hexaghost","floor":16,"turns":13},{"damage":15,"enemies":"2 Thieves","floor":18,"turns":4},{"damage":0,"enemies":"3 Byrds","floor":20,"turns":3},{"damage":15,"enemies":"Slaver and Parasite","floor":22,"turns":6},{"damage":31,"enemies":"Slavers","floor":24,"turns":5},{"damage":0,"enemies":"Centurion and Healer","floor":25,"turns":7},{"damage":9,"enemies":"Gremlin Leader","floor":27,"turns":4},{"damage":8,"enemies":"Chosen and Byrds","floor":28,"turns":6},{"damage":10,"enemies":"Snake Plant","floor":31,"turns":1}],"event_choices":[{"event_name":"Shining Light","player_choice":"Entered Light","floor":4,"damage_taken":0},{"event_name":"Big Fish","player_choice":"Donut","floor":5,"damage_taken":0},{"event_name":"Beggar","player_choice":"Gave Gold","floor":19,"damage_taken":0},{"event_name":"Forgotten Altar","player_choice":"Smashed Altar","floor":29,"damage_taken":0},{"event_name":"Masked Bandits","player_choice":"Paid Bandits 130 gold","floor":30,"damage_taken":0}],"boss_relics":[{"not_picked":["Tiny House","Astrolabe"],"picked":"Philosopher\u0027s Stone"}],"potions_floor_spawned":[6,7,10,13,18,22,25,27],"seed_played":"7293318729192188085","killed_by":"Snake Plant","ascension_level":0,"is_trial":false}