{"gold_per_floor":[13,13,26,38,51,51,83,101,101,113,143,162,179,179,179,299,299,317,331,331,241,266,300,300,314,363,11,11,46,46,69,69,198,198,216,216,5,20,34,34],"floor_reached":40,"playtime":3277,"items_purged":["Defend_B","Defend_B"],"score":467,"play_id":"b43568df-9b95-4950-bdd7-f43887e83a56","local_time":"20181103124131","is_ascension_mode":false,"campfire_choices":[{"data":"Zap","floor":6.0,"key":"SMITH"},{"floor":15.0,"key":"REST"},{"data":"Fission","floor":24,"key":"SMITH"},{"floor":28,"key":"REST"},{"floor":30,"key":"RECALL"},{"data":"Hologram","floor":32,"key":"SMITH"}],"neow_cost":"NO_GOLD","seed_source_timestamp":0,"circlet_count":0,"master_deck":["Strike_B","Strike_B","Strike_B+1","Defend_B","Defend_B","Zap+1","Dualcast","Rainbow","Coolheaded","Conserve Battery","Genetic Algorithm","Ball Lightning+1","Beam Cell","Hologram+1","Chaos","Turbo","Glacier+1","Gash","Fission+1","Chill","Hologram+1","Cold Snap+1","Redo+1","Undo+1","Leap","Go for the Eyes","Capacitor+1","Fission","Auto Shields+1","Static Discharge","Streamline+1","Double Energy"],"special_seed":0,"relics":["Cracked Core","Dead Branch","Blue Candle","Golden Idol","Runic Dome","Boot","Art of War","Whetstone","Shuriken","Vajra","Eternal Feather"],"potions_floor_usage":[18,23,29,35],"damage_taken":[{"damage":4.0,"enemies":"Jaw Worm","floor":1.0,"turns":5.0},{"damage":13.0,"enemies":"Small Slimes","floor":3.0,"turns":3.0},{"damage":0.0,"enemies":"Cultist","floor":4.0,"turns":3.0},{"damage":14.0,"enemies":"Lots of Slimes","floor":5.0,"turns":7.0},{"damage":17.0,"enemies":"Lagavulin","floor":7.0,"turns":6.0},{"damage":0.0,"enemies":"Blue Slaver","floor":8.0,"turns":3.0},{"damage":25.0,"enemies":"Exordium Thugs","floor":10.0,"turns":3.0},{"damage":0.0,"enemies":"3 Sentries","floor":11.0,"turns":7.0},{"damage":0.0,"enemies":"Red Slaver","floor":12.0,"turns":5.0},{"damage":0.0,"enemies":"2 Fungi Beasts","floor":13.0,"turns":3.0},{"damage":11.0,"enemies":"Hexaghost","floor":16.0,"turns":11.0},{"damage":0,"enemies":"Chosen","floor":18,"turns":4},{"damage":0,"enemies":"Shell Parasite","floor":19,"turns":5},{"damage":2,"enemies":"Sentry and Sphere","floor":22,"turns":5},{"damage":34,"enemies":"Gremlin Leader","floor":23,"turns":7},{"damage":1,"enemies":"Cultist and Chosen","floor":25,"turns":7},{"damage":12,"enemies":"Book of Stabbing","floor":29,"turns":4},{"damage":14,"enemies":"Snake Plant","floor":31,"turns":3},{"damage":11,"enemies":"Champ","floor":33,"turns":13},{"damage":2,"enemies":"3 Darklings","floor":35,"turns":8},{"damage":0,"enemies":"3 Shapes","floor":38,"turns":5},{"damage":17,"enemies":"3 Darklings","floor":39,"turns":5},{"damage":59,"enemies":"Nemesis","floor":40,"turns":4}],"seed_played":"-7022988425619799244","potions_obtained":[{"floor":7.0,"key":"Fruit Juice"},{"floor":8.0,"key":"SpeedPotion"},{"floor":10.0,"key":"EntropicBrew"},{"floor":11.0,"key":"Energy Potion"},{"floor":18,"key":"LiquidBronze"},{"floor":22,"key":"PowerPotion"},{"floor":25,"key":"GamblersBrew"},{"floor":31,"key":"Explosive Potion"},{"floor":33,"key":"Swift Potion"}],"is_trial":false,"path_per_floor":["M","?","M","M","M","R","E","M","T","M","E","M","M","?","R","B",null,"M","M","?","?","M","E","R","M","T","$","R","E","R","M","R","B",null,"M","?","$","M","M","E"],"character_chosen":"DEFECT","items_purchased":["Shuriken","Leap","FocusPotion","Static Discharge"],"campfire_rested":2,"item_purchase_floors":[27,27,37,37],"current_hp_per_floor":[71,71,58,58,44,44,32,32,32,7,7,7,7,7,29,18,74,74,74,74,74,72,38,38,37,37,37,59,47,47,33,33,22,74,72,72,72,72,55,0],"gold":34,"neow_bonus":"THREE_RARE_CARDS","is_prod":false,"is_daily":false,"chose_seed":false,"campfire_upgraded":3,"win_rate":0,"timestamp":1541238091,"path_taken":["M","?","M","M","M","R","E","M","T","M","E","M","M","?","R","BOSS","M","M","?","?","M","E","R","?","T","?","R","E","R","M","R","BOSS","M","?","?","M","?","E"],"build_version":"2018-11-02","purchased_purges":2,"victory":false,"max_hp_per_floor":[75,75,75,75,75,75,80,80,80,80,80,80,80,74,74,74,74,74,74,74,74,74,74,74,74,74,74,74,74,74,74,74,74,74,74,74,74,74,74,74],"card_choices":[{"not_picked":["Buffer","Amplify"],"picked":"Rainbow","floor":0.0},{"not_picked":["Gash","Aggregate"],"picked":"Coolheaded","floor":1.0},{"not_picked":["Reinforced Body","Undo"],"picked":"Conserve Battery","floor":3.0},{"not_picked":["Skim","Recycle"],"picked":"Genetic Algorithm","floor":4.0},{"not_picked":["Sunder","Capacitor"],"picked":"Ball Lightning","floor":5.0},{"not_picked":["Gash","Barrage"],"picked":"Beam Cell","floor":7.0},{"not_picked":["Compile Driver","Scrape"],"picked":"Hologram","floor":8.0},{"not_picked":["Hello World","Amplify"],"picked":"Chaos","floor":10.0},{"not_picked":["Leap","Coolheaded"],"picked":"Turbo","floor":11.0},{"not_picked":["Sweeping Beam","Streamline"],"picked":"Glacier","floor":12.0},{"not_picked":["Force Field","Turbo"],"picked":"Gash","floor":13.0},{"not_picked":["Thunder Strike","Hyperbeam"],"picked":"Fission","floor":16.0},{"not_picked":["Hologram","Barrage"],"picked":"Chill","floor":18},{"not_picked":["Reinforced Body","Tempest"],"picked":"Hologram+1","floor":19},{"not_picked":["Compile Driver","Undo+1"],"picked":"Cold Snap+1","floor":22},{"not_picked":["Turbo","Force Field"],"picked":"Redo+1","floor":23},{"not_picked":["Scrape","Rip and Tear"],"picked":"Undo+1","floor":25},{"not_picked":["Ball Lightning","Sweeping Beam"],"picked":"Go for the Eyes","floor":29},{"not_picked":["Ball Lightning+1","Chaos+1"],"picked":"Capacitor+1","floor":31},{"not_picked":["Rainbow","Hyperbeam"],"picked":"Fission","floor":33},{"not_picked":["Reinforced Body+1","Coolheaded+1"],"picked":"Auto Shields+1","floor":35},{"not_picked":["Barrage","Redo"],"picked":"Streamline+1","floor":38},{"not_picked":["Barrage+1","Tempest"],"picked":"Double Energy","floor":39}],"player_experience":870674,"relics_obtained":[{"floor":7.0,"key":"Dead Branch"},{"floor":11.0,"key":"Blue Candle"},{"floor":23,"key":"Art of War"},{"floor":26,"key":"Whetstone"},{"floor":29,"key":"Vajra"}],"event_choices":[{"damage_healed":0.0,"max_hp_gain":0.0,"max_hp_loss":0.0,"gold_gain":0.0,"event_name":"The Cleric","player_choice":"Leave","floor":2.0,"gold_loss":0.0,"damage_taken":0.0},{"damage_healed":0.0,"max_hp_gain":0.0,"max_hp_loss":6.0,"gold_gain":0.0,"event_name":"Golden Idol","player_choice":"Lose Max HP","floor":14.0,"gold_loss":0.0,"damage_taken":0.0,"relics_obtained":["Golden Idol"]},{"damage_healed":0,"gold_gain":0,"player_choice":"Opened","damage_taken":0,"relics_obtained":["Boot"],"max_hp_gain":0,"max_hp_loss":0,"event_name":"The Mausoleum","floor":20,"gold_loss":0},{"cards_removed":["Strike_B"],"damage_healed":0,"gold_gain":0,"player_choice":"Upgrade and Remove","damage_taken":0,"max_hp_gain":0,"max_hp_loss":0,"event_name":"Designer","floor":21,"gold_loss":90,"cards_upgraded":["Glacier"]},{"damage_healed":0,"gold_gain":0,"player_choice":"Ignored","damage_taken":0,"max_hp_gain":0,"max_hp_loss":0,"event_name":"Tomb of Lord Red Mask","floor":36,"gold_loss":0}],"is_beta":true,"boss_relics":[{"not_picked":["Tiny House","Snecko Eye"],"picked":"Runic Dome"},{"not_picked":["White Beast Statue","Calling Bell"],"picked":"Eternal Feather"}],"items_purged_floors":[27,37],"is_endless":false,"potions_floor_spawned":[7,8,10,11,12,13,18,22,25,31,33],"killed_by":"Nemesis","ascension_level":0}