{"gold_per_floor":[17,17,17,17,17,52,52,72,121,132,147,159,234,252,252,252],"floor_reached":16,"playtime":747,"items_purged":[],"score":102,"play_id":"5f6c5d1f-665b-4e81-93ad-e4393f4ad379","local_time":"20180809060651","is_ascension_mode":false,"campfire_choices":[{"floor":7,"key":"REST"},{"floor":15,"key":"REST"}],"neow_cost":"NO_GOLD","seed_source_timestamp":6777411950461,"circlet_count":0,"master_deck":["Defend_G","Defend_G","Defend_G","Defend_G+1","Strike_G","Strike_G+1","Strike_G","Strike_G","Survivor","Neutralize","Turbo","Dash","Flying Knee","Heel Hook","Deadly Poison"],"relics":["Ring of the Snake","Singing Bowl","Orichalcum"],"potions_floor_usage":[16],"damage_taken":[{"damage":4,"enemies":"2 Louse","floor":1,"turns":3},{"damage":50,"enemies":"Lagavulin","floor":6,"turns":12},{"damage":3,"enemies":"Small Slimes","floor":8,"turns":3},{"damage":0,"enemies":"Jaw Worm","floor":10,"turns":3},{"damage":0,"enemies":"Blue Slaver","floor":11,"turns":3},{"damage":7,"enemies":"Large Slime","floor":12,"turns":8},{"damage":2,"enemies":"Exordium Thugs","floor":14,"turns":6},{"damage":28,"enemies":"Slime Boss","floor":16,"turns":6}],"seed_played":"448061349194501003","potions_obtained":[{"floor":12,"key":"Ancient Potion"},{"floor":14,"key":"Weak Potion"}],"is_trial":false,"path_per_floor":["M","?","?","?","$","E","R","M","T","M","M","M","?","M","R"],"character_chosen":"THE_SILENT","items_purchased":[],"campfire_rested":2,"item_purchase_floors":[],"current_hp_per_floor":[66,52,52,52,52,4,25,22,22,22,22,15,4,4,26,0],"gold":252,"neow_bonus":"REMOVE_TWO","is_prod":false,"is_daily":false,"chose_seed":false,"campfire_upgraded":0,"win_rate":0,"timestamp":1533784011,"path_taken":["M","?","?","?","?","E","R","M","T","M","M","?","?","?","R","BOSS"],"build_version":"2018-08-07v3","purchased_purges":0,"victory":false,"max_hp_per_floor":[70,70,70,70,70,72,72,72,72,72,72,72,72,74,74,74],"card_choices":[{"not_picked":["Terror","Finisher"],"picked":"Deflect","floor":1},{"not_picked":["Accuracy","Expertise","Underhanded Strike"],"picked":"Singing Bowl","floor":6},{"not_picked":["Underhanded Strike","Accuracy"],"picked":"Dash","floor":8},{"not_picked":["Prepared","Flechettes"],"picked":"Flying Knee","floor":10},{"not_picked":["Flying Knee","Caltrops"],"picked":"Heel Hook","floor":11},{"not_picked":["Deflect","Backflip"],"picked":"Deadly Poison","floor":12},{"not_picked":["Outmaneuver","Bane","Underhanded Strike"],"picked":"Singing Bowl","floor":14}],"player_experience":611249,"relics_obtained":[{"floor":6,"key":"Singing Bowl"},{"floor":9,"key":"Orichalcum"}],"event_choices":[{"event_name":"Shining Light","player_choice":"Entered Light","floor":2,"damage_taken":0},{"event_name":"The Cleric","player_choice":"Leave","floor":3,"damage_taken":0},{"event_name":"NoteForYourself","player_choice":"Took Card","floor":4,"damage_taken":0},{"event_name":"World of Goop","player_choice":"Gather Gold","floor":13,"damage_taken":0}],"is_beta":true,"boss_relics":[],"items_purged_floors":[],"is_endless":false,"potions_floor_spawned":[12,14],"killed_by":"Slime Boss","ascension_level":0}