{"gold_per_floor":[18,36,36,111,111,138,138,168,168,199,209,238,253,269,269,373,373,393,393,393,393,393,426,426,461,461,461,471,471,482,494,494,590,590,604,0,14,25,25,25,50,50,50,62,73,93,93,93,93,93],"floor_reached":51,"playtime":3015,"items_purged":[],"score":1080,"play_id":"03c29495-6b0c-4571-8f31-15012c5ce892","local_time":"20190124065858","is_ascension_mode":true,"campfire_choices":[{"data":"Malaise","floor":15,"key":"SMITH"},{"data":"Night Terror","floor":24,"key":"SMITH"},{"data":"strawberrySpire:Insectonator","floor":27,"key":"SMITH"},{"data":"Dodge and Roll","floor":29,"key":"SMITH"},{"data":"strawberrySpire:HopSkipAndJump","floor":32,"key":"SMITH"},{"data":"Discovery","floor":40,"key":"SMITH"},{"data":"strawberrySpire:Flashback","floor":42,"key":"SMITH"},{"data":"Burst","floor":47,"key":"SMITH"},{"data":"Enlightenment","floor":49,"key":"SMITH"}],"neow_cost":"NO_GOLD","seed_source_timestamp":119709084427229,"circlet_count":0,"master_deck":["Strike_G","Strike_G","Strike_G","Survivor","Neutralize","Blade Dance","Predator","Quick Slash","strawberrySpire:HopSkipAndJump+1","Clumsy","Dodge and Roll+1","Deflect","Malaise+1","Masterful Stab","strawberrySpire:Insectonator+1","Dagger Spray","strawberrySpire:Insectonator","Corpse Explosion","Underhanded Strike+1","theJungle:Gourd","theJungle:Gourd","theJungle:Gourd","theJungle:Gourd","theJungle:Gourd","Decay","Night Terror+1","strawberrySpire:Fastroyer+1","PiercingWail","Escape Plan","Concentrate+1","Tools of the Trade","Concentrate+1","Backflip","Venomology","Dodge and Roll","Footwork+1","strawberrySpire:Flashback","Doppelganger","Slice","Crippling Poison+1","Backflip+1","Discovery+1","Sadistic Nature","Enlightenment","Leg Sweep+1","strawberrySpire:Slide","Underhanded Strike+1","Distraction","Burst+1","Malaise+1","Malaise+1","Strike_G","Strike_G","Strike_G","Strike_G","Strike_G","Strike_G","Survivor","Survivor","Neutralize","Neutralize","Blade Dance","Blade Dance","Predator","Predator","Quick Slash","Quick Slash","strawberrySpire:HopSkipAndJump+1","strawberrySpire:HopSkipAndJump+1","Clumsy","Clumsy","Dodge and Roll+1","Dodge and Roll+1","Deflect","Deflect","Malaise+1","Malaise+1","Masterful Stab","Masterful Stab","strawberrySpire:Insectonator+1","strawberrySpire:Insectonator+1","Dagger Spray","Dagger Spray","strawberrySpire:Insectonator","strawberrySpire:Insectonator","Corpse Explosion","Corpse Explosion","Underhanded Strike+1","Underhanded Strike+1","theJungle:Gourd","theJungle:Gourd","theJungle:Gourd","theJungle:Gourd","theJungle:Gourd","theJungle:Gourd","theJungle:Gourd","theJungle:Gourd","theJungle:Gourd","theJungle:Gourd","Decay","Decay","Night Terror+1","Night Terror+1","strawberrySpire:Fastroyer+1","strawberrySpire:Fastroyer+1","PiercingWail","PiercingWail","Escape Plan","Escape Plan","Concentrate+1","Concentrate+1","Tools of the Trade","Tools of the Trade","Concentrate+1","Concentrate+1","Backflip","Backflip","Venomology","Venomology","Dodge and Roll","Dodge and Roll","Footwork+1","Footwork+1","strawberrySpire:Flashback","strawberrySpire:Flashback","Doppelganger","Doppelganger","Slice","Slice","Crippling Poison+1","Crippling Poison+1","Backflip+1","Backflip+1","Discovery+1","Discovery+1","Sadistic Nature","Sadistic Nature","Enlightenment+1","Enlightenment","Leg Sweep+1","Leg Sweep+1","strawberrySpire:Slide","strawberrySpire:Slide","Underhanded Strike+1","Underhanded Strike+1","Distraction","Distraction","Burst+1","Burst+1","Malaise+1","Malaise+1","Malaise+1","Malaise+1"],"relics":["Ring of the Snake","Ice Cream","Oddly Smooth Stone","strawberrySpire:Earthfruit","Meat on the Bone","Du-Vu Doll","Anchor","Regal Pillow","Coffee Dripper","theJungle:SneckoAutograph","Strawberry","Prayer Wheel","Gambling Chip","Eternal Feather","Dodecahedron","strawberrySpire:ByrdBeak","Mercury Hourglass","strawberrySpire:PoopsieRoll"],"potions_floor_usage":[10,12,16,33,38,41,45,45,46,50,50,50,50],"damage_taken":[{"damage":0,"enemies":"Cultist","floor":1,"turns":3},{"damage":0,"enemies":"2 Louse","floor":2,"turns":2},{"damage":23,"enemies":"strawberrySpire:EnergyPylons","floor":6,"turns":7},{"damage":17,"enemies":"Gremlin Nob","floor":8,"turns":6},{"damage":1,"enemies":"Lagavulin","floor":10,"turns":10},{"damage":0,"enemies":"Jaw Worm","floor":11,"turns":6},{"damage":8,"enemies":"strawberrySpire:EnergyPylons","floor":12,"turns":4},{"damage":0,"enemies":"Blue Slaver","floor":13,"turns":4},{"damage":0,"enemies":"Large Slime","floor":14,"turns":3},{"damage":3,"enemies":"The Guardian","floor":16,"turns":14},{"damage":0,"enemies":"theJungle:MUSHROOMGANG","floor":18,"turns":4},{"damage":1,"enemies":"theJungle:MamaSnecko","floor":23,"turns":7},{"damage":31,"enemies":"theJungle:Cassacara","floor":25,"turns":7},{"damage":0,"enemies":"theJungle:Flameango_and_Byrd","floor":28,"turns":3},{"damage":0,"enemies":"theJungle:JungleHuntersEncounter","floor":30,"turns":3},{"damage":0,"enemies":"theJungle:2_Flameangoes","floor":31,"turns":5},{"damage":13,"enemies":"theJungle:TotemBoss","floor":33,"turns":6},{"damage":0,"enemies":"3 Shapes","floor":35,"turns":3},{"damage":0,"enemies":"Orb Walker","floor":37,"turns":3},{"damage":3,"enemies":"Writhing Mass","floor":38,"turns":11},{"damage":9,"enemies":"Nemesis","floor":41,"turns":9},{"damage":0,"enemies":"3 Darklings","floor":44,"turns":2},{"damage":0,"enemies":"4 Shapes","floor":45,"turns":2},{"damage":0,"enemies":"Spire Growth","floor":46,"turns":5},{"damage":2,"enemies":"Time Eater","floor":50,"turns":24}],"seed_played":"3445988900491384567","potions_obtained":[{"floor":6,"key":"Regen Potion"},{"floor":8,"key":"GhostInAJar"},{"floor":11,"key":"FearPotion"},{"floor":12,"key":"Poison Potion"},{"floor":14,"key":"EssenceOfSteel"},{"floor":18,"key":"Weak Potion"},{"floor":28,"key":"SteroidPotion"},{"floor":45,"key":"Dexterity Potion"}],"is_trial":false,"path_per_floor":["M","M","?","?","?","E","R","E","T","E","M","E","M","M","R","B",null,"M","?","?","?","?","E","R","E","T","R","M","R","M","M","R","B",null,"M","$","M","M","?","R","E","R","T","M","M","M","R","?","R","B",null],"character_chosen":"THE_SILENT","items_purchased":["strawberrySpire:Flashback","Dodecahedron","strawberrySpire:ByrdBeak"],"campfire_rested":0,"item_purchase_floors":[36,36,36],"current_hp_per_floor":[70,70,63,52,52,29,29,12,12,38,38,42,42,42,42,39,70,70,70,70,70,70,76,76,45,45,45,45,45,45,45,45,46,77,77,77,77,74,64,77,68,77,77,77,77,77,77,52,77,77],"gold":93,"neow_bonus":"TRANSFORM_TWO_CARDS","is_prod":false,"is_daily":false,"chose_seed":false,"campfire_upgraded":9,"win_rate":0,"timestamp":1548302338,"path_taken":["M","M","?","?","?","E","R","E","T","E","M","E","M","M","R","BOSS","M","?","?","?","?","E","R","E","T","R","M","R","M","M","R","BOSS","M","?","M","M","?","R","E","R","T","M","M","M","R","?","R","BOSS"],"build_version":"2019-01-23","purchased_purges":0,"victory":true,"max_hp_per_floor":[70,70,70,70,70,70,70,70,70,70,70,70,70,70,70,70,70,70,70,70,70,70,77,77,77,77,77,77,77,77,77,77,77,77,77,77,77,77,77,77,77,77,77,77,77,77,77,77,77,77],"card_choices":[{"not_picked":["Dagger Throw","Outmaneuver"],"picked":"Quick Slash","floor":1},{"not_picked":["strawberrySpire:DeltaFlow","Outmaneuver"],"picked":"strawberrySpire:HopSkipAndJump","floor":2},{"not_picked":["Dagger Throw","Setup"],"picked":"Dodge and Roll","floor":6},{"not_picked":["strawberrySpire:Momentum","Tactician"],"picked":"Deflect","floor":8},{"not_picked":["strawberrySpire:SideSwipe","strawberrySpire:Swampstar"],"picked":"Malaise","floor":10},{"not_picked":["PiercingWail","strawberrySpire:Grapple"],"picked":"Masterful Stab","floor":11},{"not_picked":["Distraction","Backflip"],"picked":"strawberrySpire:Insectonator","floor":12},{"not_picked":["Bane","strawberrySpire:Trickbox"],"picked":"Dagger Spray","floor":13},{"not_picked":["strawberrySpire:SpinKick","Expertise"],"picked":"strawberrySpire:Insectonator","floor":14},{"not_picked":["strawberrySpire:Marathoner","Storm of Steel"],"picked":"Corpse Explosion","floor":16},{"not_picked":["Skewer","Acrobatics"],"picked":"Underhanded Strike+1","floor":18},{"not_picked":["PiercingWail+1","Blade Dance+1"],"picked":"Night Terror","floor":23},{"not_picked":["Dodge and Roll","Dagger Throw+1"],"picked":"strawberrySpire:Fastroyer+1","floor":25},{"not_picked":["Poisoned Stab","Slice"],"picked":"PiercingWail","floor":28},{"not_picked":["Catalyst","Flying Knee"],"picked":"Escape Plan","floor":28},{"not_picked":["Poisoned Stab","Reflex+1"],"picked":"Concentrate+1","floor":30},{"not_picked":["Poisoned Stab+1","Bane+1"],"picked":"Tools of the Trade","floor":30},{"not_picked":["Blade Dance","Crippling Poison+1"],"picked":"Concentrate+1","floor":31},{"not_picked":["All Out Attack+1","PiercingWail"],"picked":"Backflip","floor":31},{"not_picked":["Corpse Explosion","Grand Finale"],"picked":"Venomology","floor":33},{"not_picked":["strawberrySpire:Rummage","Blade Dance+1"],"picked":"Dodge and Roll","floor":35},{"not_picked":["strawberrySpire:DeltaFlow","strawberrySpire:Slide"],"picked":"Footwork+1","floor":35},{"not_picked":["Expertise","All Out Attack+1"],"picked":"Doppelganger","floor":37},{"not_picked":["Dodge and Roll+1","Outmaneuver"],"picked":"Slice","floor":37},{"not_picked":["Poisoned Stab+1","strawberrySpire:SideSwipe+1"],"picked":"Crippling Poison+1","floor":38},{"not_picked":["Escape Plan+1","Blade Dance+1"],"picked":"Backflip+1","floor":38},{"not_picked":["Flash of Steel","Dramatic Entrance"],"picked":"Discovery","floor":39},{"not_picked":["PanicButton","Purity"],"picked":"Sadistic Nature","floor":39},{"not_picked":["Mayhem","Impatience"],"picked":"Enlightenment","floor":39},{"not_picked":["Dagger Spray+1","Quick Slash","Concentrate+1"],"picked":"SKIP","floor":41},{"not_picked":["Setup","strawberrySpire:Rummage+1"],"picked":"Leg Sweep+1","floor":44},{"not_picked":["Dodge and Roll+1","strawberrySpire:Pant"],"picked":"strawberrySpire:Slide","floor":44},{"not_picked":["Predator+1","All Out Attack+1"],"picked":"Underhanded Strike+1","floor":45},{"not_picked":["Cloak And Dagger","Expertise+1"],"picked":"Distraction","floor":45},{"not_picked":["Backflip","Dagger Spray+1"],"picked":"Burst","floor":46},{"not_picked":["Acrobatics","strawberrySpire:DeltaFlow","Blade Dance"],"picked":"SKIP","floor":46}],"player_experience":1088102,"relics_obtained":[{"floor":6,"key":"Oddly Smooth Stone"},{"floor":7,"key":"strawberrySpire:Earthfruit"},{"floor":8,"key":"Meat on the Bone"},{"floor":9,"key":"Du-Vu Doll"},{"floor":10,"key":"Anchor"},{"floor":12,"key":"Regal Pillow"},{"floor":23,"key":"Strawberry"},{"floor":25,"key":"Prayer Wheel"},{"floor":26,"key":"Gambling Chip"},{"floor":41,"key":"Mercury Hourglass"},{"floor":43,"key":"strawberrySpire:PoopsieRoll"}],"event_choices":[{"damage_healed":0,"gold_gain":0,"player_choice":"Success","damage_taken":7,"relics_obtained":["Ice Cream"],"max_hp_gain":0,"max_hp_loss":0,"event_name":"Scrap Ooze","floor":3,"gold_loss":0},{"damage_healed":0,"gold_gain":75,"player_choice":"Gather Gold","damage_taken":11,"max_hp_gain":0,"max_hp_loss":0,"event_name":"World of Goop","floor":4,"gold_loss":0},{"damage_healed":0,"gold_gain":0,"cards_transformed":["Shame"],"player_choice":"Transformed","damage_taken":0,"max_hp_gain":0,"max_hp_loss":0,"event_name":"Transmorgrifier","floor":22,"gold_loss":0,"cards_obtained":["Decay"]},{"damage_healed":0,"gold_gain":0,"player_choice":"Memory 3","damage_taken":10,"max_hp_gain":0,"max_hp_loss":0,"event_name":"SensoryStone","floor":39,"gold_loss":0}],"is_beta":true,"boss_relics":[{"not_picked":["Empty Cage","Ring of the Serpent"],"picked":"Coffee Dripper"},{"not_picked":["Calling Bell","Pandora\u0027s Box"],"picked":"Eternal Feather"}],"items_purged_floors":[],"is_endless":false,"potions_floor_spawned":[6,8,11,12,14,18,28,45],"ascension_level":1}