{"path_per_floor":["M","?","M","$","M","R","M","E","T","R","M","R","E","M","R"],"character_chosen":"IRONCLAD","items_purchased":["Limit Break","Shrug It Off"],"gold_per_floor":[113,113,128,1,12,12,30,61,113,113,125,125,150,161,161,161],"floor_reached":16,"campfire_rested":0,"playtime":582,"item_purchase_floors":[4,4],"current_hp_per_floor":[80,68,74,74,80,80,75,49,49,49,50,50,28,34,34,0],"items_purged":[],"gold":161,"score":112,"play_id":"0530ccb7-59fc-4034-944b-f072fdc44446","local_time":"20180604163646","is_prod":false,"is_daily":false,"chose_seed":false,"is_ascension_mode":false,"campfire_upgraded":4,"win_rate":0,"timestamp":1528119406,"campfire_choices":[{"data":"Sword Boomerang","floor":6,"key":"SMITH"},{"data":"Iron Wave","floor":10,"key":"SMITH"},{"data":"Bash","floor":12,"key":"SMITH"},{"data":"Shrug It Off","floor":15,"key":"SMITH"}],"path_taken":["M","?","?","$","?","R","M","E","T","R","?","R","E","M","R","BOSS"],"build_version":"2018-05-30v2","seed_source_timestamp":417812073036805,"purchased_purges":0,"victory":false,"master_deck":["Strike_R","Strike_R","Strike_R","Strike_R","Strike_R","Defend_R+1","Defend_R+1","Defend_R","Defend_R","Bash+1","Twin Strike","Sword Boomerang+1","Limit Break","Shrug It Off","Cleave","Sword Boomerang","Iron Wave+1","Shrug It Off+1","Pummel","Pummel"],"max_hp_per_floor":[80,80,80,80,80,80,80,80,80,80,80,80,80,80,80,80],"relics":["Burning Blood","NeowsBlessing","Frozen Egg 2","War Paint","Bag of Preparation","Pen Nib"],"card_choices":[{"not_picked":["Rupture","Havoc"],"picked":"Twin Strike","floor":1},{"not_picked":["Infernal Blade","Clash"],"picked":"Sword Boomerang","floor":3},{"not_picked":["Sword Boomerang","Ghostly Armor"],"picked":"Cleave","floor":5},{"not_picked":["Warcry","Anger"],"picked":"Sword Boomerang","floor":7},{"not_picked":["Perfected Strike","Wild Strike"],"picked":"Iron Wave","floor":8},{"not_picked":["Thunderclap","Pommel Strike"],"picked":"Shrug It Off","floor":11},{"not_picked":["Juggernaut+1","Infernal Blade"],"picked":"Pummel","floor":13},{"not_picked":["Blood for Blood","Heavy Blade"],"picked":"Pummel","floor":14}],"player_experience":477947,"potions_floor_usage":[16,16,16],"damage_taken":[{"damage":0,"enemies":"Jaw Worm","floor":1,"turns":1},{"damage":0,"enemies":"2 Louse","floor":3,"turns":1},{"damage":0,"enemies":"Small Slimes","floor":5,"turns":1},{"damage":11,"enemies":"Gremlin Gang","floor":7,"turns":5},{"damage":32,"enemies":"Gremlin Nob","floor":8,"turns":5},{"damage":5,"enemies":"Blue Slaver","floor":11,"turns":3},{"damage":28,"enemies":"Lagavulin","floor":13,"turns":5},{"damage":0,"enemies":"Large Slime","floor":14,"turns":5},{"damage":34,"enemies":"Hexaghost","floor":16,"turns":9}],"relics_obtained":[{"floor":8,"key":"War Paint"},{"floor":9,"key":"Bag of Preparation"},{"floor":13,"key":"Pen Nib"}],"event_choices":[{"event_name":"Scrap Ooze","player_choice":"success","floor":2,"damage_taken":12}],"boss_relics":[],"items_purged_floors":[],"potions_floor_spawned":[1,5,13,14],"seed_played":"729162008139687197","killed_by":"Hexaghost","ascension_level":0,"potions_obtained":[{"floor":1,"key":"Fire Potion"},{"floor":5,"key":"Ancient Potion"},{"floor":13,"key":"Swift Potion"}],"is_trial":false}