{"gold_per_floor":[109,127,127,142,159,192,192,211,211,230,230,244,244,259,259,363,363,373,373,129,148,159,188,188,218,218,230,241,252,252,252,252,252],"floor_reached":33,"playtime":1477,"items_purged":["Strike_G","Strike_G"],"score":465,"play_id":"8870db3d-0c04-47e7-adeb-bac989900b2b","local_time":"20190109050456","is_ascension_mode":true,"campfire_choices":[{"data":"Noxious Fumes","floor":7.0,"key":"SMITH"},{"data":"Survivor","floor":11.0,"key":"SMITH"},{"floor":13.0,"key":"REST"},{"data":"Bouncing Flask","floor":15.0,"key":"SMITH"},{"data":"Burst","floor":24.0,"key":"SMITH"},{"floor":30,"key":"REST"},{"data":"Sadistic Nature","floor":32,"key":"SMITH"}],"neow_cost":"","seed_source_timestamp":0,"circlet_count":0,"master_deck":["Defend_G+1","Defend_G+1","Defend_G+1","Defend_G+1","Defend_G+1","Strike_G+1","Strike_G+1","Survivor+1","Neutralize","Sadistic Nature+1","Noxious Fumes+1","Cloak And Dagger","strawberrySpire:Insectonator","Catalyst","Predator","Deadly Poison","Backflip","Bouncing Flask+1","strawberrySpire:DreamfoilDart","Burst+1","Escape Plan","Dodge and Roll+1","Bouncing Flask","Injury","Deadly Poison","strawberrySpire:Swampstar","PiercingWail"],"special_seed":0,"relics":["Ring of the Snake","Vajra","Chemical X","Paper Crane","Boot","Orichalcum","Cursed Key","strawberrySpire:MawJerky","Art of War","Ornamental Fan"],"potions_floor_usage":[28,33,33],"damage_taken":[{"damage":4.0,"enemies":"Cultist","floor":1.0,"turns":4.0},{"damage":0.0,"enemies":"Jaw Worm","floor":2.0,"turns":4.0},{"damage":0.0,"enemies":"Small Slimes","floor":4.0,"turns":3.0},{"damage":0.0,"enemies":"Blue Slaver","floor":5.0,"turns":4.0},{"damage":7.0,"enemies":"3 Sentries","floor":6.0,"turns":6.0},{"damage":11.0,"enemies":"Looter","floor":8.0,"turns":3.0},{"damage":8.0,"enemies":"Lots of Slimes","floor":10.0,"turns":2.0},{"damage":0.0,"enemies":"Exordium Thugs","floor":12.0,"turns":4.0},{"damage":2.0,"enemies":"Red Slaver","floor":14.0,"turns":3.0},{"damage":0.0,"enemies":"Slime Boss","floor":16.0,"turns":4.0},{"damage":0.0,"enemies":"Spheric Guardian","floor":18.0,"turns":2.0},{"damage":10.0,"enemies":"2 Thieves","floor":21.0,"turns":3.0},{"damage":12.0,"enemies":"Shelled Parasite and Fungi","floor":22.0,"turns":3.0},{"damage":15.0,"enemies":"Gremlin Leader","floor":23.0,"turns":5.0},{"damage":22.0,"enemies":"Slavers","floor":25.0,"turns":4.0},{"damage":10,"enemies":"3 Cultists","floor":27,"turns":6},{"damage":5,"enemies":"Snake Plant","floor":28,"turns":4},{"damage":0,"enemies":"Cultist and Chosen","floor":29,"turns":5},{"damage":44,"enemies":"Automaton","floor":33,"turns":6}],"seed_played":"-7499128678803816647","potions_obtained":[{"floor":4.0,"key":"Fire Potion"},{"floor":6.0,"key":"SkillPotion"},{"floor":8.0,"key":"PowerPotion"},{"floor":12.0,"key":"PowerPotion"},{"floor":16.0,"key":"PowerPotion"},{"floor":23.0,"key":"FearPotion"},{"floor":27,"key":"AttackPotion"},{"floor":29,"key":"PowerPotion"}],"is_trial":false,"path_per_floor":["M","M","?","M","M","E","R","M","T","M","R","M","R","M","R","B",null,"M","?","$","M","M","E","R","E","T","M","M","M","R","?","R","B"],"character_chosen":"THE_SILENT","items_purchased":["Vajra","Chemical X","Paper Crane","Sadistic Nature","Noxious Fumes","strawberrySpire:MawJerky"],"campfire_rested":2,"item_purchase_floors":[0,0,0,0,0,20],"current_hp_per_floor":[35,35,35,35,35,28,28,17,17,9,9,9,30,28,28,28,70,70,70,70,60,48,37,37,19,19,9,4,4,27,27,27,0],"gold":252,"neow_bonus":"","is_prod":false,"is_daily":false,"chose_seed":false,"campfire_upgraded":5,"win_rate":0,"timestamp":1546999496,"path_taken":["M","M","?","M","M","E","R","M","T","M","R","M","R","M","R","BOSS","M","?","$","M","M","E","R","E","T","M","M","M","R","?","R","BOSS"],"build_version":"2019-01-07","purchased_purges":2,"victory":false,"max_hp_per_floor":[70,70,70,70,70,70,70,70,70,70,70,70,70,70,70,70,70,70,70,70,70,70,74,74,78,78,78,78,78,78,78,78,78],"card_choices":[{"not_picked":["Well Laid Plans","Deadly Poison"],"picked":"Cloak And Dagger","floor":1.0},{"not_picked":["strawberrySpire:Rummage","strawberrySpire:SideSwipe","Endless Agony"],"picked":"SKIP","floor":2.0},{"not_picked":["strawberrySpire:Grapple","Slice"],"picked":"strawberrySpire:Insectonator","floor":4.0},{"not_picked":["Calculated Gamble","Distraction"],"picked":"Catalyst","floor":5.0},{"not_picked":["strawberrySpire:Rummage","Terror"],"picked":"Predator","floor":6.0},{"not_picked":["Sucker Punch","strawberrySpire:Urgency"],"picked":"Deadly Poison","floor":8.0},{"not_picked":["Setup","Wraith Form v2"],"picked":"Backflip","floor":10.0},{"not_picked":["strawberrySpire:Slide","Backflip"],"picked":"Bouncing Flask","floor":12.0},{"not_picked":["Backstab","Leg Sweep"],"picked":"strawberrySpire:DreamfoilDart","floor":14.0},{"not_picked":["Bullet Time","Unload"],"picked":"Burst","floor":16.0},{"not_picked":["strawberrySpire:SpinKick","Quick Slash","Flechettes"],"picked":"SKIP","floor":18.0},{"not_picked":["Expertise","strawberrySpire:HopSkipAndJump"],"picked":"Escape Plan","floor":21.0},{"not_picked":["Sucker Punch","strawberrySpire:Urgency","Flechettes"],"picked":"SKIP","floor":22.0},{"not_picked":["strawberrySpire:Pant","Unload"],"picked":"Dodge and Roll+1","floor":23.0},{"not_picked":["Eviscerate","strawberrySpire:Fastroyer"],"picked":"Bouncing Flask","floor":25.0},{"not_picked":["Blade Dance","Bane+1"],"picked":"Deadly Poison","floor":27},{"not_picked":["Poisoned Stab","Tactician"],"picked":"strawberrySpire:Swampstar","floor":28},{"not_picked":["Setup","Endless Agony"],"picked":"PiercingWail","floor":29}],"player_experience":1051710,"relics_obtained":[{"floor":6.0,"key":"Boot"},{"floor":9.0,"key":"Orichalcum"},{"floor":23.0,"key":"Art of War"},{"floor":25.0,"key":"Ornamental Fan"}],"event_choices":[{"cards_removed":["Strike_G"],"damage_healed":0.0,"max_hp_gain":0.0,"max_hp_loss":0.0,"gold_gain":0.0,"event_name":"Living Wall","player_choice":"Forget","floor":3.0,"gold_loss":0.0,"damage_taken":0.0},{"damage_healed":0.0,"max_hp_gain":0.0,"max_hp_loss":0.0,"gold_gain":0.0,"event_name":"Vampires","player_choice":"Ignored","floor":19.0,"gold_loss":0.0,"damage_taken":0.0},{"damage_healed":0,"gold_gain":0,"player_choice":"Simplicity","damage_taken":0,"max_hp_gain":0,"max_hp_loss":0,"event_name":"Back to Basics","floor":31,"gold_loss":0,"cards_upgraded":["Defend_G","Defend_G","Defend_G","Defend_G","Defend_G","Strike_G","Strike_G"]}],"is_beta":true,"boss_relics":[{"not_picked":["Velvet Choker","Calling Bell"],"picked":"Cursed Key"}],"items_purged_floors":[0,20],"is_endless":false,"potions_floor_spawned":[4,6,8,10,12,16,23,27,29],"killed_by":"Automaton","ascension_level":1}