{"gold_per_floor":[117,117,136,154,154,154,179,179,230,305,339,355,355,372,372,372],"floor_reached":16,"playtime":515,"items_purged":[],"score":110,"play_id":"1662c94d-7050-4d2c-a67d-16d0583c9fe1","local_time":"20181001110921","is_ascension_mode":false,"campfire_choices":[{"floor":6.0,"key":"REST"},{"data":"Immolate","floor":8.0,"key":"SMITH"},{"data":"Headbutt","floor":13.0,"key":"SMITH"},{"data":"True Grit","floor":15.0,"key":"SMITH"}],"neow_cost":"PERCENT_DAMAGE","seed_source_timestamp":0,"circlet_count":0,"master_deck":["Strike_R+1","Strike_R+1","Strike_R","Strike_R+1","Strike_R","Defend_R","Defend_R","Defend_R","Defend_R","Bash+1","Immolate+1","Backflip","Sword Boomerang","Hemokinesis","Intimidate","Headbutt+1","Shrug It Off","True Grit+1"],"special_seed":0,"relics":["Burning Blood","Whetstone","Lantern","Dream Catcher"],"potions_floor_usage":[],"damage_taken":[{"damage":3.0,"enemies":"Small Slimes","floor":1.0,"turns":3.0},{"damage":1.0,"enemies":"Cultist","floor":3.0,"turns":3.0},{"damage":11.0,"enemies":"Jaw Worm","floor":4.0,"turns":2.0},{"damage":34.0,"enemies":"Lagavulin","floor":7.0,"turns":6.0},{"damage":14.0,"enemies":"Gremlin Nob","floor":11.0,"turns":3.0},{"damage":0.0,"enemies":"Exordium Wildlife","floor":12.0,"turns":2.0},{"damage":2.0,"enemies":"Looter","floor":14.0,"turns":2.0},{"damage":30,"enemies":"The Guardian","floor":16,"turns":8}],"seed_played":"694503439111314862","potions_obtained":[{"floor":1.0,"key":"BloodPotion"},{"floor":3.0,"key":"Poison Potion"}],"is_trial":false,"path_per_floor":["M","?","M","M","?","R","E","R","T","?","E","M","R","M","R"],"character_chosen":"IRONCLAD","items_purchased":[],"campfire_rested":1,"item_purchase_floors":[],"current_hp_per_floor":[59,59,64,59,43,67,47,47,47,47,39,45,45,49,49,19],"gold":372,"neow_bonus":"THREE_RARE_CARDS","is_prod":false,"is_daily":false,"chose_seed":false,"campfire_upgraded":3,"win_rate":0,"timestamp":1538381361,"path_taken":["M","?","M","?","?","R","E","R","T","?","E","M","R","M","R","BOSS"],"build_version":"2018-09-27","purchased_purges":0,"victory":false,"max_hp_per_floor":[80,80,80,80,80,80,80,80,80,80,80,80,80,80,80,80],"card_choices":[{"not_picked":["Brutality","Offering"],"picked":"Immolate","floor":0.0},{"not_picked":["Havoc","Warcry"],"picked":"Disarm","floor":1.0},{"not_picked":["Blood for Blood","Body Slam"],"picked":"Sword Boomerang","floor":3.0},{"not_picked":["Havoc","Wild Strike"],"picked":"Hemokinesis","floor":4.0},{"not_picked":["Infernal Blade","Sentinel"],"picked":"Intimidate","floor":7.0},{"not_picked":["Burning Pact","Anger"],"picked":"Headbutt","floor":11.0},{"not_picked":["Dual Wield","Reckless Charge"],"picked":"Shrug It Off","floor":12.0},{"not_picked":["Brutality","Havoc"],"picked":"True Grit","floor":14.0}],"player_experience":730224,"relics_obtained":[{"floor":7.0,"key":"Whetstone"},{"floor":9.0,"key":"Lantern"},{"floor":11.0,"key":"Dream Catcher"}],"event_choices":[{"event_name":"NoteForYourself","player_choice":"Took Card","floor":2.0,"damage_taken":0.0},{"event_name":"Shining Light","player_choice":"Entered Light","floor":5.0,"damage_taken":0.0},{"event_name":"Golden Wing","player_choice":"Gained Gold","floor":10.0,"damage_taken":0.0}],"is_beta":true,"boss_relics":[],"items_purged_floors":[],"is_endless":false,"potions_floor_spawned":[1,3],"killed_by":"The Guardian","ascension_level":0}