{"gold_per_floor":[116,131,142,92,105,105,120,149,149,149,149,160,186,205,205,307,307,317,317,336,336,351,351,371,371,447,447],"floor_reached":27,"playtime":3398,"items_purged":[],"score":227,"play_id":"ebda740d-4f91-4e4d-ae41-a7538aa9723b","local_time":"20180920212855","is_ascension_mode":false,"campfire_choices":[{"data":"Uppercut","floor":6,"key":"SMITH"},{"data":"Rampage","floor":10,"key":"SMITH"},{"data":"Double Tap","floor":15,"key":"SMITH"},{"data":"Juggernaut","floor":23,"key":"SMITH"},{"data":"Madness","floor":25,"key":"SMITH"}],"neow_cost":"CURSE","seed_source_timestamp":614884166961245,"circlet_count":0,"master_deck":["Strike_R","Strike_R","Strike_R","Defend_R","Defend_R","Defend_R","Defend_R","Bash","Headbutt","Uppercut+1","Pommel Strike","Flex","Rampage+1","Clothesline","Barricade","Iron Wave","Clash","Double Tap+1","Juggernaut+1","Flame Barrier+1","Madness+1","Dark Shackles","Madness","Enlightenment","Dramatic Entrance","Shrug It Off","True Grit+1","Sword Boomerang"],"relics":["Burning Blood","Calipers","Boot","Vajra","Orichalcum","Sozu","Mercury Hourglass"],"potions_floor_usage":[3,13,16,16],"damage_taken":[{"damage":5,"enemies":"Cultist","floor":1,"turns":5},{"damage":17,"enemies":"Jaw Worm","floor":2,"turns":4},{"damage":0,"enemies":"Small Slimes","floor":3,"turns":2},{"damage":8,"enemies":"Red Slaver","floor":5,"turns":4},{"damage":2,"enemies":"Looter","floor":7,"turns":3},{"damage":15,"enemies":"Gremlin Nob","floor":8,"turns":4},{"damage":7,"enemies":"2 Fungi Beasts","floor":12,"turns":3},{"damage":8,"enemies":"3 Sentries","floor":13,"turns":4},{"damage":7,"enemies":"Red Slaver","floor":14,"turns":2},{"damage":20,"enemies":"The Guardian","floor":16,"turns":9},{"damage":0,"enemies":"Chosen","floor":18,"turns":2},{"damage":3,"enemies":"2 Thieves","floor":20,"turns":3},{"damage":10,"enemies":"Centurion and Healer","floor":22,"turns":7},{"damage":6,"enemies":"Cultist and Chosen","floor":24,"turns":5},{"damage":31,"enemies":"Snake Plant","floor":27,"turns":2}],"seed_played":"3294918896187033144","potions_obtained":[{"floor":2,"key":"Block Potion"},{"floor":5,"key":"Fire Potion"},{"floor":13,"key":"Swift Potion"},{"floor":14,"key":"EssenceOfSteel"},{"floor":16,"key":"Energy Potion"}],"is_trial":false,"path_per_floor":["M","M","M","?","M","R","M","E","T","R","?","M","E","M","R","B",null,"M","?","M","?","M","R","M","R","T"],"character_chosen":"IRONCLAD","items_purchased":[],"campfire_rested":0,"item_purchase_floors":[],"current_hp_per_floor":[80,69,75,75,73,73,77,68,68,68,68,67,65,64,64,50,80,80,32,35,35,31,31,31,31,31,0],"gold":447,"neow_bonus":"ONE_RARE_RELIC","is_prod":false,"is_daily":false,"chose_seed":false,"campfire_upgraded":5,"win_rate":0,"timestamp":1537468135,"path_taken":["M","M","?","?","M","R","M","E","T","R","?","M","E","M","R","BOSS","M","?","?","?","M","R","M","R","T","M"],"build_version":"2018-09-19","purchased_purges":0,"victory":false,"max_hp_per_floor":[80,80,80,80,80,80,80,80,80,80,80,80,80,80,80,80,80,80,80,80,80,80,80,80,80,80,80],"card_choices":[{"not_picked":["Pommel Strike","Anger"],"picked":"Headbutt","floor":1},{"not_picked":["Perfected Strike","Entrench"],"picked":"Uppercut","floor":2},{"not_picked":["Twin Strike","Battle Trance"],"picked":"Pommel Strike","floor":3},{"not_picked":["Wild Strike","Second Wind"],"picked":"Flex","floor":5},{"not_picked":["Pummel","Wild Strike"],"picked":"Rampage","floor":7},{"not_picked":["Rage","True Grit"],"picked":"Clothesline","floor":8},{"not_picked":["Flex","Blood for Blood"],"picked":"Iron Wave","floor":12},{"not_picked":["Armaments","Searing Blow"],"picked":"Clash","floor":13},{"not_picked":["Spot Weakness","Wild Strike"],"picked":"Double Tap","floor":14},{"not_picked":["Barricade","Exhume"],"picked":"Juggernaut","floor":16},{"not_picked":["Pommel Strike","Heavy Blade+1"],"picked":"Flame Barrier+1","floor":18},{"not_picked":["Heavy Blade+1","Armaments"],"picked":"Shrug It Off","floor":20},{"not_picked":["Pommel Strike","Bloodletting"],"picked":"True Grit+1","floor":22},{"not_picked":["Warcry","Brutality"],"picked":"Sword Boomerang","floor":24}],"player_experience":701598,"relics_obtained":[{"floor":8,"key":"Boot"},{"floor":9,"key":"Vajra"},{"floor":13,"key":"Orichalcum"},{"floor":26,"key":"Mercury Hourglass"}],"event_choices":[{"event_name":"The Cleric","player_choice":"Card Removal","floor":4,"damage_taken":0},{"event_name":"Transmorgrifier","player_choice":"Transform","floor":11,"damage_taken":0},{"event_name":"Knowing Skull","player_choice":"CARD CARD CARD CARD CARD ","floor":19,"damage_taken":0},{"event_name":"Back to Basics","player_choice":"Elegance","floor":21,"damage_taken":0}],"is_beta":true,"boss_relics":[{"not_picked":["Snecko Eye","Runic Cube"],"picked":"Sozu"}],"items_purged_floors":[],"is_endless":false,"potions_floor_spawned":[2,5,13,14,16,18,22,24],"killed_by":"Snake Plant","ascension_level":0}