{"path_per_floor":["M","M","M","$","?","R","M","R","T","R","M","R","M","M","R","B",null,"M","?","T","$","M","R"],"character_chosen":"DEFECT","items_purchased":["Kunai","Dramatic Entrance","Reinforced Body","Dramatic Entrance","Redo"],"gold_per_floor":[366,379,392,8,8,8,18,18,18,18,32,32,46,62,62,157,157,170,95,122,7,23,23,23],"floor_reached":24,"campfire_rested":0,"playtime":738,"item_purchase_floors":[4,4,4,21,21],"current_hp_per_floor":[63,63,62,62,67,67,67,67,67,67,67,67,59,59,59,35,73,62,62,62,62,62,62,0],"items_purged":[],"gold":23,"score":188,"play_id":"abebe7c7-bcf2-41a3-b6ce-e54dc49e26dc","local_time":"20180616020204","is_prod":false,"is_daily":false,"chose_seed":false,"is_ascension_mode":false,"campfire_upgraded":6,"win_rate":0,"timestamp":1529103724,"campfire_choices":[{"data":"Zap","floor":6,"key":"SMITH"},{"data":"Dualcast","floor":8,"key":"SMITH"},{"data":"Hologram","floor":10,"key":"SMITH"},{"data":"Beam Cell","floor":12,"key":"SMITH"},{"data":"Loop","floor":15,"key":"SMITH"},{"data":"Redo","floor":23,"key":"SMITH"}],"path_taken":["M","M","M","$","?","R","M","R","T","R","?","R","M","M","R","BOSS","M","?","?","?","M","R","E"],"build_version":"2018-06-14v2","seed_source_timestamp":58433798575853,"purchased_purges":0,"victory":false,"master_deck":["Strike_B","Strike_B","Strike_B","Strike_B","Defend_B","Defend_B","Defend_B","Zap+1","Dualcast+1","Beam Cell+1","Rebound","Loop+1","Dramatic Entrance","Reinforced Body","Hologram+1","Gash","BootSequence","Steam","All For One","Gash","Dramatic Entrance","Redo+1","Self Repair"],"max_hp_per_floor":[68,68,68,68,73,73,73,73,73,73,73,73,73,73,73,73,73,73,73,73,73,73,73,73],"special_seed":17697,"relics":["Cracked Core","Kunai","DataDisk","Nuclear Battery","Pen Nib"],"card_choices":[{"not_picked":["Ball Lightning","Auto Shields"],"picked":"Beam Cell","floor":1},{"not_picked":["Ball Lightning","Capacitor"],"picked":"Rebound","floor":2},{"not_picked":["Stack","Cold Snap"],"picked":"Loop","floor":3},{"not_picked":["Coolheaded","Rip and Tear"],"picked":"Hologram","floor":7},{"not_picked":["Blizzard","Hello World"],"picked":"Gash","floor":11},{"not_picked":["Rebound","Beam Cell"],"picked":"BootSequence","floor":13},{"not_picked":["Reprogram","Conserve Battery"],"picked":"Steam","floor":14},{"not_picked":["Biased Cognition","Buffer"],"picked":"All For One","floor":16},{"not_picked":["Redo","Stack"],"picked":"Gash","floor":18},{"not_picked":["Scrape","Compile Driver"],"picked":"Self Repair","floor":22}],"player_experience":520784,"potions_floor_usage":[16,16,22,24],"damage_taken":[{"damage":5,"enemies":"Jaw Worm","floor":1,"turns":4},{"damage":0,"enemies":"Small Slimes","floor":2,"turns":3},{"damage":1,"enemies":"Cultist","floor":3,"turns":3},{"damage":0,"enemies":"Exordium Thugs","floor":7,"turns":3},{"damage":0,"enemies":"3 Louse","floor":11,"turns":2},{"damage":8,"enemies":"Red Slaver","floor":13,"turns":2},{"damage":0,"enemies":"Exordium Wildlife","floor":14,"turns":3},{"damage":24,"enemies":"Hexaghost","floor":16,"turns":7},{"damage":11,"enemies":"Shell Parasite","floor":18,"turns":3},{"damage":0,"enemies":"Chosen","floor":22,"turns":3},{"damage":78,"enemies":"Gremlin Leader","floor":24,"turns":9}],"relics_obtained":[{"floor":9,"key":"DataDisk"},{"floor":20,"key":"Pen Nib"}],"event_choices":[{"event_name":"Big Fish","player_choice":"Donut","floor":5,"damage_taken":0},{"event_name":"Beggar","player_choice":"Gave Gold","floor":19,"damage_taken":0}],"boss_relics":[{"not_picked":["Busted Crown","Philosopher\u0027s Stone"],"picked":"Nuclear Battery"}],"items_purged_floors":[],"is_endless":true,"potions_floor_spawned":[3,7,14,16],"seed_played":"-7114424182576859747","killed_by":"Gremlin Leader","ascension_level":0,"potions_obtained":[{"floor":3,"key":"LiquidBronze"},{"floor":7,"key":"LiquidBronze"},{"floor":14,"key":"Ancient Potion"},{"floor":16,"key":"Weak Potion"}],"is_trial":false}