{"gold_per_floor":[114,125,140,140,150,179,231,260,272,284,325,355,367,391,403,517,529,552,489,501,523,810,852,864,904,968,993,1005,1037,1079,1107,1119,1131],"floor_reached":33,"playtime":1990,"items_purged":[],"score":377,"play_id":"beefe18c-401b-46cd-a1fc-96a838bbdea8","local_time":"20181025133001","is_ascension_mode":false,"campfire_choices":[{"floor":13.0,"key":"REST"},{"data":"Footwork","floor":15.0,"key":"SMITH"},{"floor":24.0,"key":"REST"},{"floor":32.0,"key":"REST"}],"neow_cost":"PERCENT_DAMAGE","seed_source_timestamp":0,"circlet_count":0,"master_deck":["Defend_G+1","Defend_G","Defend_G","Defend_G","Strike_G","Strike_G","Survivor","Neutralize","Cloak And Dagger+1","Dodge and Roll","Cloak And Dagger","Footwork+1","Poisoned Stab","Dagger Spray","Predator","Skewer","Dagger Spray","Burst","Finisher+1","Deflect+1","Regret","PiercingWail","Infinite Blades+1","Deflect","Decay","Deflect+1","Corpse Explosion","Blade Dance"],"special_seed":0,"relics":["Ring of the Snake","Darkstone Periapt","War Paint","MawBank","Regal Pillow","Ancient Tea Set","Philosopher\u0027s Stone","Enchiridion","Gremlin Horn","Bronze Scales","Juzu Bracelet","Meat on the Bone"],"potions_floor_usage":[],"damage_taken":[{"damage":0.0,"enemies":"2 Louse","floor":1.0,"turns":3.0},{"damage":0.0,"enemies":"Small Slimes","floor":2.0,"turns":5.0},{"damage":0.0,"enemies":"Jaw Worm","floor":3.0,"turns":7.0},{"damage":1.0,"enemies":"Looter","floor":5.0,"turns":3.0},{"damage":21.0,"enemies":"Lagavulin","floor":6.0,"turns":6.0},{"damage":14.0,"enemies":"Gremlin Nob","floor":8.0,"turns":5.0},{"damage":9.0,"enemies":"3 Sentries","floor":11.0,"turns":9.0},{"damage":0.0,"enemies":"Exordium Thugs","floor":12.0,"turns":5.0},{"damage":0.0,"enemies":"Large Slime","floor":14.0,"turns":4.0},{"damage":37.0,"enemies":"The Guardian","floor":16.0,"turns":14.0},{"damage":18.0,"enemies":"2 Thieves","floor":18.0,"turns":4.0},{"damage":18.0,"enemies":"Spheric Guardian","floor":21.0,"turns":4.0},{"damage":3.0,"enemies":"Book of Stabbing","floor":23.0,"turns":6.0},{"damage":32.0,"enemies":"Gremlin Leader","floor":25.0,"turns":7.0},{"damage":0.0,"enemies":"3 Cultists","floor":27.0,"turns":3.0},{"damage":16.0,"enemies":"Shelled Parasite and Fungi","floor":29.0,"turns":5.0},{"damage":18.0,"enemies":"Slavers","floor":30.0,"turns":6.0},{"damage":1.0,"enemies":"Centurion and Healer","floor":31.0,"turns":4.0},{"damage":90,"enemies":"Automaton","floor":33,"turns":14}],"seed_played":"-8150902441833231711","potions_obtained":[{"floor":2.0,"key":"FearPotion"},{"floor":3.0,"key":"PowerPotion"},{"floor":8.0,"key":"SteroidPotion"},{"floor":14.0,"key":"Dexterity Potion"},{"floor":18.0,"key":"SkillPotion"},{"floor":21.0,"key":"GamblersBrew"},{"floor":29.0,"key":"SpeedPotion"},{"floor":30.0,"key":"Regen Potion"}],"is_trial":false,"path_per_floor":["M","M","M","?","M","E","T","E","T","?","E","M","R","M","R","B",null,"M","?","?","M","?","E","R","E","T","M","?","M","E","M","R"],"character_chosen":"THE_SILENT","items_purchased":[],"campfire_rested":3,"item_purchase_floors":[],"current_hp_per_floor":[49,49,49,54,53,32,32,18,18,18,9,9,46,46,46,9,75,57,57,41,23,29,26,65,33,33,33,39,23,5,30,71,0],"gold":1131,"neow_bonus":"REMOVE_TWO","is_prod":false,"is_daily":false,"chose_seed":false,"campfire_upgraded":1,"win_rate":0,"timestamp":1540463401,"path_taken":["M","M","M","?","M","E","?","E","T","?","E","M","R","M","R","BOSS","M","?","?","M","?","E","R","E","T","M","?","M","E","M","R","BOSS"],"build_version":"2018-10-24","purchased_purges":0,"victory":false,"max_hp_per_floor":[70,70,70,75,75,75,75,75,75,75,75,75,75,75,75,75,75,75,75,75,75,81,81,81,81,81,81,87,87,87,87,87,87],"card_choices":[{"not_picked":["Noxious Fumes","Crippling Poison"],"picked":"Cloak And Dagger","floor":1.0},{"not_picked":["Caltrops","Slice"],"picked":"Dodge and Roll","floor":2.0},{"not_picked":["Dagger Spray","Quick Slash"],"picked":"Cloak And Dagger","floor":3.0},{"not_picked":["Dodge and Roll","Blade Dance"],"picked":"Footwork","floor":5.0},{"not_picked":["Concentrate","Reflex"],"picked":"Poisoned Stab","floor":6.0},{"not_picked":["Bouncing Flask","Blade Dance"],"picked":"Dagger Spray","floor":8.0},{"not_picked":["Crippling Poison","Setup"],"picked":"Predator","floor":11.0},{"not_picked":["Caltrops","Prepared"],"picked":"Skewer","floor":12.0},{"not_picked":["Underhanded Strike","Concentrate"],"picked":"Dagger Spray","floor":14.0},{"not_picked":["After Image","Wraith Form v2"],"picked":"Burst","floor":16.0},{"not_picked":["Deadly Poison","Backflip"],"picked":"Finisher+1","floor":18.0},{"not_picked":["Poisoned Stab","PiercingWail"],"picked":"Deflect+1","floor":21.0},{"not_picked":["Accuracy","Dagger Spray+1"],"picked":"PiercingWail","floor":23.0},{"not_picked":["Dodge and Roll+1","PiercingWail"],"picked":"Infinite Blades+1","floor":25.0},{"not_picked":["Tools of the Trade","Dodge and Roll"],"picked":"Deflect","floor":27.0},{"not_picked":["Outmaneuver","Dagger Spray"],"picked":"Deflect+1","floor":29.0},{"not_picked":["Deadly Poison","Quick Slash+1"],"picked":"Corpse Explosion","floor":30.0},{"not_picked":["Endless Agony+1","Deflect+1"],"picked":"Blade Dance","floor":31.0}],"player_experience":827585,"relics_obtained":[{"floor":6.0,"key":"Darkstone Periapt"},{"floor":7.0,"key":"War Paint"},{"floor":8.0,"key":"MawBank"},{"floor":9.0,"key":"Regal Pillow"},{"floor":11.0,"key":"Ancient Tea Set"},{"floor":20.0,"key":"Enchiridion"},{"floor":23.0,"key":"Gremlin Horn"},{"floor":25.0,"key":"Bronze Scales"},{"floor":26.0,"key":"Juzu Bracelet"},{"floor":30.0,"key":"Meat on the Bone"}],"event_choices":[{"damage_healed":0.0,"max_hp_gain":5.0,"max_hp_loss":0.0,"gold_gain":0.0,"event_name":"Big Fish","player_choice":"Donut","floor":4.0,"gold_loss":0.0,"damage_taken":0.0},{"cards_removed":["Strike_G"],"damage_healed":0.0,"max_hp_gain":0.0,"max_hp_loss":0.0,"gold_gain":0.0,"event_name":"Living Wall","player_choice":"Forget","floor":10.0,"gold_loss":0.0,"damage_taken":0.0},{"cards_removed":["Strike_G"],"damage_healed":0.0,"max_hp_gain":0.0,"max_hp_loss":0.0,"gold_gain":0.0,"event_name":"Beggar","player_choice":"Gave Gold","floor":19.0,"gold_loss":75.0,"damage_taken":0.0},{"damage_healed":0.0,"max_hp_gain":0.0,"max_hp_loss":0.0,"gold_gain":0.0,"event_name":"Cursed Tome","player_choice":"Obtained Book","floor":20.0,"gold_loss":0.0,"damage_taken":16.0},{"damage_healed":0.0,"max_hp_gain":0.0,"max_hp_loss":0.0,"gold_gain":275.0,"event_name":"Golden Shrine","player_choice":"Desecrate","floor":22.0,"gold_loss":0.0,"damage_taken":0.0,"cards_obtained":["Regret"]},{"damage_healed":0.0,"max_hp_gain":0.0,"max_hp_loss":0.0,"gold_gain":0.0,"event_name":"Forgotten Altar","player_choice":"Smashed Altar","floor":28.0,"gold_loss":0.0,"damage_taken":0.0,"cards_obtained":["Decay"]}],"is_beta":true,"boss_relics":[{"not_picked":["Runic Dome","Busted Crown"],"picked":"Philosopher\u0027s Stone"}],"items_purged_floors":[],"is_endless":false,"potions_floor_spawned":[2,3,8,14,18,21,29,30],"killed_by":"Automaton","ascension_level":0}