{"gold_per_floor":[110,110,110,130,142,142,154,154,154,229,229,260,260,285,285,387,387,400,426,426,444,444,444,39,39,110,110,110,125,136,136,136,136],"floor_reached":33,"playtime":902,"items_purged":["Writhe"],"score":241,"play_id":"f8af9ad9-6f76-4c60-9307-f1e1c641ac4a","local_time":"20180803132544","is_ascension_mode":false,"campfire_choices":[{"data":"Beam Cell","floor":6,"key":"SMITH"},{"data":"Sunder","floor":8,"key":"SMITH"},{"data":"Zap","floor":13,"key":"SMITH"},{"data":"Streamline","floor":15,"key":"SMITH"},{"data":"Hologram","floor":23,"key":"SMITH"},{"data":"Discovery","floor":25,"key":"SMITH"},{"data":"Double Energy","floor":27,"key":"SMITH"},{"floor":32,"key":"REST"}],"neow_cost":"NONE","seed_source_timestamp":822201987096810,"circlet_count":0,"master_deck":["Strike_B","Strike_B","Defend_B","Defend_B","Defend_B","Zap+1","Dualcast","Sunder+1","Gash","Beam Cell+1","Streamline+1","Ball Lightning","Double Energy+1","Electrodynamics","Hologram+1","Cold Snap","FTL","Necronomicurse","Discovery+1","Static Discharge","Capacitor","Echo Form"],"relics":["Cracked Core","Smiling Mask","Gremlin Horn","Vajra","Odd Mushroom","Runic Dome","Red Mask","Letter Opener","Necronomicon","Meat on the Bone","Mercury Hourglass"],"potions_floor_usage":[12,14,16,33],"damage_taken":[{"damage":1,"enemies":"Jaw Worm","floor":1,"turns":3},{"damage":1,"enemies":"Cultist","floor":4,"turns":3},{"damage":0,"enemies":"Small Slimes","floor":5,"turns":2},{"damage":1,"enemies":"2 Fungi Beasts","floor":7,"turns":2},{"damage":29,"enemies":"Lagavulin","floor":12,"turns":5},{"damage":4,"floor":14,"turns":2},{"damage":9,"enemies":"Hexaghost","floor":16,"turns":5},{"damage":7,"enemies":"Shell Parasite","floor":18,"turns":2},{"damage":5,"floor":19,"turns":2},{"damage":6,"enemies":"Chosen","floor":21,"turns":3},{"damage":0,"enemies":"Snake Plant","floor":29,"turns":2},{"damage":5,"enemies":"Snecko","floor":30,"turns":3},{"damage":67,"enemies":"Champ","floor":33,"turns":5}],"seed_played":"1527524522715291187","potions_obtained":[{"floor":1,"key":"EssenceOfSteel"},{"floor":5,"key":"Explosive Potion"},{"floor":12,"key":"PowerPotion"},{"floor":19,"key":"Fire Potion"},{"floor":29,"key":"SkillPotion"},{"floor":30,"key":"Ancient Potion"}],"is_trial":false,"path_per_floor":["M","?","T","M","M","R","M","R","T","?","?","E","R","?","R","B",null,"M","?","?","M","?","R","$","R","T","R","?","M","M","?","R"],"character_chosen":"DEFECT","items_purchased":["Meat on the Bone","Discovery"],"campfire_rested":1,"item_purchase_floors":[24,24],"current_hp_per_floor":[81,81,81,80,80,80,79,79,79,68,68,39,39,35,35,26,82,75,70,70,64,48,48,48,48,48,48,48,48,43,27,53,0],"gold":136,"neow_bonus":"TEN_PERCENT_HP_BONUS","is_prod":false,"is_daily":false,"chose_seed":false,"campfire_upgraded":7,"win_rate":0,"timestamp":1533291944,"path_taken":["M","?","?","M","M","R","?","R","T","?","?","E","R","?","R","BOSS","M","?","?","?","?","R","$","R","T","R","?","M","?","?","R","BOSS"],"build_version":"2018-08-01","purchased_purges":1,"victory":false,"max_hp_per_floor":[82,82,82,82,82,82,82,82,82,82,82,82,82,82,82,82,82,82,82,82,82,82,82,82,82,82,82,82,82,82,87,87,87],"card_choices":[{"not_picked":["White Noise","Redo"],"picked":"Sunder","floor":1},{"not_picked":["Double Energy","Melter"],"picked":"Gash","floor":4},{"not_picked":["Lockon","Heatsinks"],"picked":"Beam Cell","floor":5},{"not_picked":["Capacitor","Compile Driver"],"picked":"Streamline","floor":7},{"not_picked":["Sweeping Beam","Hyperbeam"],"picked":"Ball Lightning","floor":12},{"not_picked":["Leap","Tempest"],"picked":"Double Energy","floor":14},{"not_picked":["Creative AI","Amplify"],"picked":"Electrodynamics","floor":16},{"not_picked":["Sweeping Beam","BootSequence"],"picked":"Hologram","floor":18},{"not_picked":["Genetic Algorithm","Go for the Eyes+1"],"picked":"Cold Snap","floor":19},{"not_picked":["Hello World+1","Cold Snap+1"],"picked":"FTL","floor":21},{"not_picked":["Compile Driver+1","Chaos+1"],"picked":"Capacitor","floor":29},{"not_picked":["Ball Lightning+1","Stack"],"picked":"Echo Form","floor":30}],"player_experience":582280,"relics_obtained":[{"floor":3,"key":"Smiling Mask"},{"floor":9,"key":"Gremlin Horn"},{"floor":12,"key":"Vajra"},{"floor":14,"key":"Odd Mushroom"},{"floor":19,"key":"Red Mask"},{"floor":22,"key":"Necronomicon"},{"floor":26,"key":"Mercury Hourglass"}],"event_choices":[{"event_name":"Bonfire Elementals","player_choice":"BASIC","floor":2,"damage_taken":0},{"event_name":"World of Goop","player_choice":"Gather Gold","floor":10,"damage_taken":0},{"event_name":"Living Wall","player_choice":"Forget","floor":11,"damage_taken":0},{"event_name":"Mushrooms","player_choice":"Fought Mushrooms","floor":14,"damage_taken":0},{"event_name":"Masked Bandits","player_choice":"Fought over 400 gold","floor":19,"damage_taken":0},{"event_name":"The Mausoleum","player_choice":"Yes","floor":20,"damage_taken":0},{"event_name":"Cursed Tome","player_choice":"Obtained Book","floor":22,"damage_taken":0},{"event_name":"Transmorgrifier","player_choice":"Transform","floor":28,"damage_taken":0},{"event_name":"Forgotten Altar","player_choice":"Shed Blood","floor":31,"damage_taken":0}],"is_beta":true,"boss_relics":[{"not_picked":["Ectoplasm","Velvet Choker"],"picked":"Runic Dome"}],"items_purged_floors":[24],"is_endless":false,"potions_floor_spawned":[1,5,12,19,29,30],"killed_by":"Champ","ascension_level":0}