{"path_per_floor":["M","?","M","M","M","R","?","R","T","?","?","M","E","M","R"],"character_chosen":"THE_SILENT","items_purchased":[],"gold_per_floor":[112,112,132,145,162,162,162,162,185,205,205,217,243,261,261,261],"floor_reached":16,"campfire_rested":0,"playtime":857,"current_hp_per_floor":[59,59,58,53,49,49,49,49,49,48,41,36,33,23,23,0],"items_purged":[],"gold":261,"score":102,"play_id":"725a5fe7-a434-4b11-a542-e91b2ceb8f09","local_time":"20180516143039","is_prod":false,"is_daily":false,"chose_seed":false,"is_ascension_mode":false,"campfire_upgraded":3,"timestamp":1526470239,"path_taken":["M","?","M","M","M","R","?","R","T","?","?","M","E","M","R","BOSS"],"build_version":"2018-05-15","seed_source_timestamp":348794911590379,"purchased_purges":0,"victory":false,"master_deck":["Defend_G","Defend_G","Defend_G","Defend_G","Strike_G","Strike_G","Strike_G","Strike_G","Strike_G","Survivor","Neutralize+1","Adrenaline+1","Deflect","Prepared","Dagger Throw","Dagger Spray+1","Blade Dance","Backflip","Slice","Quick Slash+1"],"max_hp_per_floor":[63,63,63,63,63,63,63,63,63,63,63,63,63,63,63,63],"relics":["Ring of the Snake","Dream Catcher","Art of War","Odd Mushroom","Juzu Bracelet"],"card_choices":[{"not_picked":["Grand Finale","Die Die Die"],"picked":"Adrenaline","floor":0},{"not_picked":["Endless Agony","Riddle With Holes"],"picked":"Deflect","floor":1},{"not_picked":["Flechettes","Underhanded Strike"],"picked":"Prepared","floor":3},{"not_picked":["Deflect","Bouncing Flask"],"picked":"Dagger Throw","floor":4},{"not_picked":["Acrobatics","Endless Agony"],"picked":"Dagger Spray","floor":5},{"not_picked":["Sucker Punch","Underhanded Strike"],"picked":"Blade Dance","floor":10},{"not_picked":["Flechettes","Sucker Punch"],"picked":"Backflip","floor":12},{"not_picked":["Corpse Explosion","Caltrops"],"picked":"Slice","floor":13},{"not_picked":["Well Laid Plans","Cloak And Dagger"],"picked":"Quick Slash","floor":14}],"player_experience":428318,"potions_floor_usage":[13,16],"damage_taken":[{"damage":4,"enemies":"2 Louse","floor":1,"turns":2},{"damage":1,"enemies":"Cultist","floor":3,"turns":4},{"damage":5,"enemies":"Jaw Worm","floor":4,"turns":8},{"damage":4,"enemies":"Lots of Slimes","floor":5,"turns":6},{"damage":1,"enemies":"The Mushroom Lair","floor":10,"turns":2},{"damage":5,"enemies":"Looter","floor":12,"turns":3},{"damage":3,"enemies":"3 Sentries","floor":13,"turns":3},{"damage":10,"enemies":"Gremlin Gang","floor":14,"turns":3},{"damage":37,"enemies":"The Guardian","floor":16,"turns":16}],"relics_obtained":[{"floor":9,"key":"Art of War"},{"floor":10,"key":"Odd Mushroom"},{"floor":13,"key":"Juzu Bracelet"}],"event_choices":[{"event_name":"Upgrade Shrine","player_choice":"Upgraded","floor":2,"damage_taken":0},{"event_name":"Wheel of Change","player_choice":"Relic","floor":7,"damage_taken":0},{"event_name":"Mushrooms","player_choice":"Fought Mushrooms","floor":10,"damage_taken":0},{"event_name":"Golden Wing","player_choice":"Card Removal","floor":11,"damage_taken":0}],"boss_relics":[],"potions_floor_spawned":[1,4,12],"seed_played":"-3580094522338946165","killed_by":"The Guardian","ascension_level":0,"potions_obtained":[{"floor":1,"key":"Explosive Potion"},{"floor":4,"key":"Dexterity Potion"},{"floor":12,"key":"Block Potion"}],"is_trial":false}