{"path_per_floor":["M","M","?","M","?","R","M","E","T","M","R","M","$","?","R","B",null,"M","?","?","M","M","E","R","$","T","M","M","?","E","?","R","B",null,"M","?","T","M","T","R","?","M","T","M","?","M","R","?","R","B"],"character_chosen":"IRONCLAD","items_purchased":["Happy Flower","Lee\u0027s Waffle"],"gold_per_floor":[110,122,122,141,141,141,159,194,220,237,237,254,28,28,28,124,154,164,164,164,183,197,229,229,20,75,91,105,105,135,165,165,263,263,273,273,342,362,362,362,362,379,379,395,395,415,415,415,415,415],"floor_reached":51,"campfire_rested":1,"playtime":1712,"current_hp_per_floor":[72,72,72,70,63,63,69,55,55,57,57,60,60,60,60,21,77,77,77,77,55,54,21,21,84,84,58,49,33,29,9,39,28,103,87,87,87,86,86,86,86,83,83,80,80,70,70,70,70,57],"items_purged":["Strike_R"],"gold":415,"score":737,"play_id":"bf0368cf-39f9-4a4e-b04b-81bbabf6f933","local_time":"20180402001525","is_prod":false,"is_daily":false,"is_ascension_mode":false,"campfire_upgraded":4,"timestamp":1522617325,"path_taken":["M","M","?","?","?","R","M","E","T","?","R","M","?","?","R","BOSS","M","?","?","M","?","E","R","?","T","M","M","?","E","?","R","BOSS","M","?","?","M","?","R","?","M","T","M","?","M","R","?","R","BOSS"],"build_version":"2018-03-29","purchased_purges":1,"victory":true,"master_deck":["Strike_R","Strike_R","Strike_R+1","Defend_R","Headbutt","Thunderclap+1","Clash","Iron Wave+1","Limit Break+1","Flex+1","Clothesline","Inflame+1","Iron Wave+1","Metallicize","Iron Wave+1","Warcry+1","Clash","Seeing Red+1","Limit Break+1","Shrug It Off","Pummel+1","Trip","Shockwave","Pummel+1"],"max_hp_per_floor":[72,72,72,72,72,72,72,72,72,72,72,72,72,72,72,72,77,77,77,77,77,77,77,77,84,84,84,84,89,103,103,103,103,103,103,103,103,103,103,103,103,103,103,103,103,103,103,103,103,103],"relics":["Burning Blood","Peace Pipe","Vajra","Dream Catcher","Happy Flower","Tiny House","Juzu Bracelet","Lee\u0027s Waffle","Tiny Chest","Mango","Red Mask","Sozu","Pantograph","Shovel","Molten Egg 2"],"card_choices":[{"not_picked":["Dropkick","Fire Breathing"],"picked":"Headbutt","floor":1},{"not_picked":["True Grit","Inflame"],"picked":"Thunderclap","floor":4},{"not_picked":["Seeing Red","Burning Pact"],"picked":"Clash","floor":8},{"not_picked":["Berserk","Twin Strike"],"picked":"Iron Wave","floor":10},{"not_picked":["Barricade","Juggernaut"],"picked":"Limit Break","floor":16},{"not_picked":["Heavy Blade","Thunderclap"],"picked":"Flex","floor":17},{"not_picked":["Cleave","Heavy Blade"],"picked":"Clothesline","floor":18},{"not_picked":["Pommel Strike","Headbutt"],"picked":"Iron Wave","floor":21},{"not_picked":["Spot Weakness","Body Slam"],"picked":"Metallicize","floor":22},{"not_picked":["Wild Strike","Armaments"],"picked":"Iron Wave","floor":27},{"not_picked":["Flex","Thunderclap"],"picked":"Warcry","floor":28},{"not_picked":["Wild Strike","Feed"],"picked":"Clash","floor":30},{"not_picked":["Body Slam","Shockwave"],"picked":"Seeing Red","floor":32},{"not_picked":["Juggernaut","Feed"],"picked":"Limit Break","floor":33},{"not_picked":["Thunderclap","Rupture"],"picked":"Shrug It Off","floor":35},{"not_picked":["Blood for Blood","Anger"],"picked":"Pummel","floor":38},{"not_picked":["Panacea","Madness"],"picked":"Trip","floor":41},{"not_picked":["Spot Weakness","Twin Strike"],"picked":"Shockwave","floor":42},{"not_picked":["Warcry","Clothesline"],"picked":"Pummel","floor":44}],"player_experience":309839,"potions_floor_usage":[7,16,23,23,23,30,31,50],"damage_taken":[{"damage":0,"enemies":"2 Louse","floor":1,"turns":2},{"damage":1,"enemies":"Cultist","floor":2,"turns":3},{"damage":8,"enemies":"Small Slimes","floor":4,"turns":3},{"damage":0,"enemies":"3 Louse","floor":7,"turns":1},{"damage":20,"enemies":"Gremlin Nob","floor":8,"turns":4},{"damage":4,"enemies":"Blue Slaver","floor":10,"turns":3},{"damage":3,"enemies":"Red Slaver","floor":12,"turns":2},{"damage":45,"enemies":"The Guardian","floor":16,"turns":8},{"damage":1,"enemies":"Chosen","floor":18,"turns":5},{"damage":28,"enemies":"3 Byrds","floor":21,"turns":5},{"damage":7,"enemies":"3 Cultists","floor":22,"turns":4},{"damage":39,"enemies":"Gremlin Leader","floor":23,"turns":5},{"damage":32,"enemies":"Chosen and Byrds","floor":27,"turns":6},{"damage":15,"enemies":"Snecko","floor":28,"turns":4},{"damage":24,"enemies":"Slavers","floor":30,"turns":5},{"damage":26,"enemies":"Masked Bandits","floor":31,"turns":5},{"damage":17,"enemies":"Champ","floor":33,"turns":8},{"damage":22,"enemies":"Flame Bruiser 1 Orb","floor":35,"turns":4},{"damage":7,"enemies":"3 Shapes","floor":38,"turns":4},{"damage":9,"enemies":"Maw","floor":42,"turns":5},{"damage":9,"enemies":"4 Shapes","floor":44,"turns":4},{"damage":16,"enemies":"Flame Bruiser 2 Orb","floor":46,"turns":4},{"damage":44,"enemies":"Time Eater","floor":50,"turns":6}],"event_choices":[{"event_name":"Match and Keep!","player_choice":"0 cards matched","floor":3,"damage_taken":0},{"event_name":"Golden Wing","player_choice":"Card Removal","floor":5,"damage_taken":0},{"event_name":"Living Wall","player_choice":"Grow","floor":14,"damage_taken":0},{"event_name":"Vampires","player_choice":"Ignored","floor":19,"damage_taken":0},{"event_name":"The Library","player_choice":"Read","floor":20,"damage_taken":0},{"event_name":"Forgotten Altar","player_choice":"Shed Blood","floor":29,"damage_taken":0},{"event_name":"Masked Bandits","player_choice":"Fought over 135 gold","floor":31,"damage_taken":0},{"event_name":"SensoryStone","player_choice":"Memory 1","floor":41,"damage_taken":0},{"event_name":"Accursed Blacksmith","player_choice":"Forge","floor":45,"damage_taken":0},{"event_name":"Match and Keep!","player_choice":"0 cards matched","floor":48,"damage_taken":0}],"boss_relics":[{"not_picked":["Orrery","Runic Pyramid"],"picked":"Tiny House"},{"not_picked":["Mark of Pain","Runic Cube"],"picked":"Sozu"}],"potions_floor_spawned":[1,2,7,21,22,28,30,31,42],"seed_played":"2654019318322275432","ascension_level":0,"is_trial":false}