{"gold_per_floor":[112,112,131,131,131,131,165,15,15,15,15,49,68,80,80,177,177,197,197,197,214,5,33,33,65,90,90,90,101,201,231,231,333,333,351,362,462,462,515,550,550,550,550,550,19,19,32,49,49,49],"floor_reached":51,"playtime":3931,"items_purged":["Pain"],"score":789,"play_id":"25e86f12-35cd-48ae-b733-ca50b2310084","local_time":"20181101112456","is_ascension_mode":false,"campfire_choices":[{"floor":6,"key":"REST"},{"floor":10,"key":"REST"},{"data":"Noxious Fumes","floor":15,"key":"SMITH"},{"data":"Neutralize","floor":24,"key":"SMITH"},{"floor":27,"key":"REST"},{"data":"Survivor","floor":28,"key":"SMITH"},{"floor":32,"key":"REST"},{"data":"1","floor":41,"key":"LIFT"},{"data":"2","floor":42,"key":"LIFT"},{"data":"Footwork","floor":44,"key":"SMITH"},{"floor":49,"key":"REST"}],"neow_cost":"PERCENT_DAMAGE","seed_source_timestamp":265909710045290,"circlet_count":0,"master_deck":["Defend_G+1","Defend_G","Defend_G+1","Defend_G+1","Defend_G","Strike_G","Strike_G","Strike_G","Strike_G+1","Strike_G","Survivor+1","Neutralize+1","Malaise+1","Sucker Punch","Noxious Fumes+1","Cloak And Dagger+1","Dodge and Roll+1","Blade Dance+1","Backflip+1","Burst+1","Backflip+1","Blade Dance+1","Backflip+1","Bouncing Flask+1","Blur+1","Blade Dance+1","Backstab","Tools of the Trade","Deadly Poison+1","Skewer+1","Footwork+1","Deflect+1","Noxious Fumes","Terror+1","PiercingWail+1","Jack Of All Trades+1","Endless Agony","Writhe","Backstab+1","Blur+1"],"relics":["Ring of the Snake","Smiling Mask","Toxic Egg 2","PreservedInsect","WingedGreaves","Shuriken","Black Star","FaceOfCleric","Membership Card","War Paint","Art of War","Bottled Lightning","Sundial","Potion Belt","Girya","Mummified Hand","Dream Catcher","Strawberry","Cursed Key","Shovel","Unceasing Top","Bag of Marbles","Pen Nib","Matryoshka","Anchor","Blood Vial","Toolbox"],"potions_floor_usage":[20,25,30,33,39,47,50,50,50],"damage_taken":[{"damage":3,"enemies":"2 Louse","floor":1,"turns":3},{"damage":0,"enemies":"Small Slimes","floor":3,"turns":5},{"damage":27,"enemies":"Gremlin Nob","floor":7,"turns":6},{"damage":10,"enemies":"3 Sentries","floor":12,"turns":7},{"damage":0,"enemies":"Jaw Worm","floor":13,"turns":4},{"damage":1,"enemies":"Blue Slaver","floor":14,"turns":4},{"damage":22,"enemies":"Slime Boss","floor":16,"turns":8},{"damage":0,"enemies":"Chosen","floor":18,"turns":5},{"damage":0,"enemies":"2 Thieves","floor":20,"turns":1},{"damage":10,"enemies":"Centurion and Healer","floor":21,"turns":7},{"damage":36,"enemies":"Slavers","floor":23,"turns":6},{"damage":1,"enemies":"Book of Stabbing","floor":25,"turns":5},{"damage":3,"enemies":"Shelled Parasite and Fungi","floor":29,"turns":6},{"damage":5,"enemies":"Colosseum Slavers","floor":30,"turns":6},{"damage":27,"enemies":"Colosseum Nobs","floor":30,"turns":5},{"damage":5,"enemies":"Gremlin Leader","floor":31,"turns":6},{"damage":9,"enemies":"Champ","floor":33,"turns":10},{"damage":7,"enemies":"Orb Walker","floor":35,"turns":3},{"damage":15,"enemies":"3 Darklings","floor":36,"turns":5},{"damage":3,"enemies":"Mind Bloom Boss Battle","floor":37,"turns":6},{"damage":22,"enemies":"2 Orb Walkers","floor":39,"turns":5},{"damage":15,"enemies":"Nemesis","floor":40,"turns":5},{"damage":21,"enemies":"Spire Growth","floor":47,"turns":4},{"damage":0,"enemies":"4 Shapes","floor":48,"turns":5},{"damage":81,"enemies":"Time Eater","floor":50,"turns":12}],"seed_played":"-3276377857986636994","potions_obtained":[{"floor":7,"key":"FairyPotion"},{"floor":14,"key":"SmokeBomb"},{"floor":23,"key":"SpeedPotion"},{"floor":25,"key":"FearPotion"},{"floor":31,"key":"Energy Potion"},{"floor":36,"key":"Regen Potion"},{"floor":37,"key":"Swift Potion"},{"floor":40,"key":"Poison Potion"}],"is_trial":false,"path_per_floor":["M","?","M","?","?","R","E","$","T","R","$","E","M","M","R","B",null,"M","?","M","M","$","E","R","E","T","R","R","M","?","E","R","B",null,"M","M","?","?","?","E","R","R","T","R","$","?","M","M","R","B",null],"character_chosen":"THE_SILENT","items_purchased":["PreservedInsect","Membership Card","Anchor","Regen Potion","Blood Vial","Toolbox","Noxious Fumes","Terror+1","AttackPotion","PiercingWail+1","Jack Of All Trades+1","Endless Agony"],"campfire_rested":5,"item_purchase_floors":[8,22,45,45,45,45,45,45,45,45,45,45],"current_hp_per_floor":[46,46,46,39,25,46,19,19,19,40,40,30,30,29,29,7,70,70,70,71,62,62,27,27,27,27,49,49,47,17,20,45,37,86,80,66,64,64,43,29,29,29,29,29,29,52,34,37,64,41],"gold":49,"neow_bonus":"THREE_RARE_CARDS","is_prod":false,"is_daily":false,"chose_seed":false,"campfire_upgraded":4,"win_rate":0,"timestamp":1541060696,"path_taken":["M","?","M","?","?","R","E","?","T","R","$","E","M","?","R","BOSS","M","?","M","?","?","E","R","E","T","R","R","M","?","E","R","BOSS","M","M","?","?","?","E","R","R","T","R","$","?","M","M","R","BOSS"],"build_version":"2018-10-30","purchased_purges":1,"victory":true,"max_hp_per_floor":[70,70,70,70,70,70,70,70,70,70,70,70,70,70,70,70,70,70,70,71,72,72,73,73,74,74,74,74,75,77,85,85,86,86,87,88,89,89,90,91,91,91,91,91,91,91,92,93,93,94],"card_choices":[{"not_picked":["Burst","A Thousand Cuts"],"picked":"Malaise","floor":0},{"not_picked":["Blade Dance","Slice"],"picked":"Sucker Punch","floor":1},{"not_picked":["Underhanded Strike","Masterful Stab"],"picked":"Noxious Fumes","floor":3},{"not_picked":["Calculated Gamble","Dodge and Roll"],"picked":"Cloak And Dagger","floor":7},{"not_picked":["Catalyst+1","Well Laid Plans"],"picked":"Dodge and Roll+1","floor":12},{"not_picked":["Wraith Form v2","Sucker Punch"],"picked":"Blade Dance+1","floor":13},{"not_picked":["Slice","Dagger Throw"],"picked":"Backflip+1","floor":14},{"not_picked":["Night Terror+1","Adrenaline+1"],"picked":"Burst+1","floor":16},{"not_picked":["Bane+1","Dash"],"picked":"Backflip+1","floor":18},{"not_picked":["Underhanded Strike","Backflip+1"],"picked":"Blade Dance+1","floor":21},{"not_picked":["Setup+1","Dodge and Roll+1"],"picked":"Backflip+1","floor":23},{"not_picked":["PiercingWail+1","Deadly Poison+1"],"picked":"Bouncing Flask+1","floor":25},{"not_picked":["Tactician+1","Deadly Poison+1"],"picked":"Blur+1","floor":29},{"not_picked":["Expertise+1","Dagger Spray"],"picked":"Blade Dance+1","floor":30},{"not_picked":["Finisher","Bane"],"picked":"Backstab","floor":31},{"not_picked":["Venomology+1","Glass Knife"],"picked":"Tools of the Trade","floor":33},{"not_picked":["Slice+1","Dagger Throw+1","Sucker Punch"],"picked":"SKIP","floor":35},{"not_picked":["PiercingWail+1","Backflip+1"],"picked":"Deadly Poison+1","floor":36},{"not_picked":["Deadly Poison+1","PiercingWail+1"],"picked":"Skewer+1","floor":37},{"not_picked":["Wraith Form v2","Bouncing Flask+1"],"picked":"Footwork","floor":39},{"not_picked":["Acrobatics+1","Escape Plan+1"],"picked":"Deflect+1","floor":40},{"not_picked":["Slice+1","Eviscerate+1","Quick Slash+1"],"picked":"SKIP","floor":47},{"not_picked":["Outmaneuver+1","Grand Finale"],"picked":"Backstab+1","floor":48},{"not_picked":["Slice","Dagger Spray"],"picked":"Blur+1","floor":49}],"player_experience":858666,"relics_obtained":[{"floor":7,"key":"Toxic Egg 2"},{"floor":9,"key":"WingedGreaves"},{"floor":12,"key":"Shuriken"},{"floor":23,"key":"War Paint"},{"floor":23,"key":"Art of War"},{"floor":25,"key":"Bottled Lightning"},{"floor":25,"key":"Sundial"},{"floor":26,"key":"Potion Belt"},{"floor":30,"key":"Girya"},{"floor":30,"key":"Mummified Hand"},{"floor":31,"key":"Dream Catcher"},{"floor":31,"key":"Strawberry"},{"floor":37,"key":"Shovel"},{"floor":39,"key":"Unceasing Top"},{"floor":40,"key":"Bag of Marbles"},{"floor":40,"key":"Pen Nib"},{"floor":43,"key":"Matryoshka"}],"event_choices":[{"damage_healed":0,"gold_gain":0,"player_choice":"Grow","damage_taken":0,"max_hp_gain":0,"max_hp_loss":0,"event_name":"Living Wall","floor":2,"gold_loss":0,"cards_upgraded":["Malaise"]},{"damage_healed":0,"gold_gain":0,"player_choice":"Success","damage_taken":7,"relics_obtained":["Smiling Mask"],"max_hp_gain":0,"max_hp_loss":0,"event_name":"Scrap Ooze","floor":4,"gold_loss":0},{"damage_healed":0,"gold_gain":0,"player_choice":"Entered Light","damage_taken":14,"max_hp_gain":0,"max_hp_loss":0,"event_name":"Shining Light","floor":5,"gold_loss":0,"cards_upgraded":["Strike_G","Defend_G"]},{"damage_healed":0,"gold_gain":0,"player_choice":"Trade","damage_taken":0,"relics_obtained":["FaceOfCleric"],"max_hp_gain":0,"max_hp_loss":0,"event_name":"FaceTrader","floor":19,"gold_loss":0},{"damage_healed":0,"gold_gain":0,"player_choice":"Fight","damage_taken":0,"max_hp_gain":0,"max_hp_loss":0,"event_name":"Colosseum","floor":30,"gold_loss":0},{"damage_healed":0,"gold_gain":0,"player_choice":"Fought Nobs","damage_taken":0,"max_hp_gain":0,"max_hp_loss":0,"event_name":"Colosseum","floor":30,"gold_loss":0},{"damage_healed":0,"gold_gain":0,"player_choice":"Fight","damage_taken":0,"max_hp_gain":0,"max_hp_loss":0,"event_name":"MindBloom","floor":37,"gold_loss":0},{"damage_healed":0,"gold_gain":0,"player_choice":"Ignored","damage_taken":0,"max_hp_gain":0,"max_hp_loss":0,"event_name":"Tomb of Lord Red Mask","floor":38,"gold_loss":0},{"damage_healed":0,"gold_gain":0,"player_choice":"Fight","damage_taken":0,"max_hp_gain":0,"max_hp_loss":0,"event_name":"Mysterious Sphere","floor":39,"gold_loss":0},{"damage_healed":23,"gold_gain":0,"player_choice":"Writhe","damage_taken":0,"max_hp_gain":0,"max_hp_loss":0,"event_name":"Winding Halls","floor":46,"gold_loss":0,"cards_obtained":["Writhe"]}],"is_beta":true,"boss_relics":[{"not_picked":["Sozu","Coffee Dripper"],"picked":"Black Star"},{"not_picked":["Empty Cage","Orrery"],"picked":"Cursed Key"}],"items_purged_floors":[45],"is_endless":false,"potions_floor_spawned":[7,14,23,25,30,31,36,37,40],"ascension_level":0}