{"path_per_floor":["M","M","?","?","M","E","R","?","T","E","M","$","R","M","R","B",null,"M","?","M","$","M","R","E","$","T","M","R","M","?","M","R"],"character_chosen":"IRONCLAD","items_purchased":["Anchor","Havoc","Vajra"],"gold_per_floor":[109,126,126,126,140,170,170,170,170,202,215,16,16,27,27,126,126,139,139,157,12,26,26,61,11,11,26,26,39,39,53,53,53],"floor_reached":33,"campfire_rested":1,"playtime":1449,"item_purchase_floors":[12,12,21],"current_hp_per_floor":[72,63,72,58,64,46,46,39,39,31,14,14,14,20,20,14,72,61,61,53,53,53,53,41,41,41,32,32,38,22,24,45,0],"items_purged":["Wild Strike"],"gold":53,"score":277,"play_id":"4e09797c-aa17-497c-9e90-566644052d92","local_time":"20180601102249","is_prod":false,"is_daily":false,"chose_seed":false,"is_ascension_mode":false,"campfire_upgraded":5,"win_rate":0,"timestamp":1527837769,"campfire_choices":[{"data":"Bash","floor":7,"key":"SMITH"},{"data":"Shockwave","floor":13,"key":"SMITH"},{"data":"Carnage","floor":15,"key":"SMITH"},{"data":"Infernal Blade","floor":23,"key":"SMITH"},{"data":"Uppercut","floor":28,"key":"SMITH"},{"floor":32,"key":"REST"}],"path_taken":["M","?","?","?","M","E","R","?","T","E","M","?","R","M","R","BOSS","M","?","?","$","M","R","E","$","T","M","R","M","?","?","R","BOSS"],"build_version":"2018-05-30v2","seed_source_timestamp":135291602050457,"purchased_purges":1,"victory":false,"master_deck":["Strike_R+1","Defend_R+1","Bash+1","Carnage+1","Shockwave+1","Infernal Blade+1","Iron Wave","Battle Trance","Headbutt","Havoc","Power Through","Impervious","Disarm+1","Power Through+1","Offering+1","Wild Strike+1","Burning Pact+1","Sword Boomerang+1","Uppercut+1","Bludgeon","Rampage","Necronomicurse","True Grit+1"],"max_hp_per_floor":[72,72,72,72,72,72,72,72,72,72,72,72,72,72,72,72,72,72,72,72,72,72,72,72,72,72,72,72,72,72,72,72,72],"relics":["Burning Blood","Kunai","Smiling Mask","Centennial Puzzle","Anchor","Astrolabe","Vajra","The Courier","Gremlin Horn","Necronomicon"],"card_choices":[{"not_picked":["Shockwave","Twin Strike"],"picked":"Carnage","floor":1},{"not_picked":["Havoc","Infernal Blade"],"picked":"Shockwave","floor":2},{"not_picked":["Dual Wield","Ghostly Armor"],"picked":"Infernal Blade","floor":5},{"not_picked":["Sentinel","Headbutt"],"picked":"Iron Wave","floor":6},{"not_picked":["Thunderclap","Heavy Blade"],"picked":"Battle Trance","floor":10},{"not_picked":["Cleave","Corruption"],"picked":"Headbutt","floor":11},{"not_picked":["Rampage","Second Wind"],"picked":"Power Through","floor":14},{"not_picked":["Feed","Bludgeon"],"picked":"Impervious","floor":16},{"not_picked":["Whirlwind","Clash"],"picked":"Wild Strike+1","floor":18},{"not_picked":["Clash+1","Heavy Blade"],"picked":"Burning Pact+1","floor":20},{"not_picked":["Thunderclap","Wild Strike"],"picked":"Sword Boomerang+1","floor":22},{"not_picked":["Anger+1","Whirlwind"],"picked":"Uppercut","floor":24},{"not_picked":["Perfected Strike","Cleave"],"picked":"Bludgeon","floor":27},{"not_picked":["Metallicize","Bloodletting"],"picked":"Rampage","floor":29},{"not_picked":["Disarm+1","Iron Wave"],"picked":"True Grit+1","floor":31}],"player_experience":474074,"potions_floor_usage":[16,24,24,33],"damage_taken":[{"damage":1,"enemies":"Cultist","floor":1,"turns":3},{"damage":15,"enemies":"Jaw Worm","floor":2,"turns":4},{"damage":0,"enemies":"2 Louse","floor":5,"turns":2},{"damage":24,"enemies":"3 Sentries","floor":6,"turns":5},{"damage":14,"enemies":"Gremlin Nob","floor":10,"turns":3},{"damage":23,"enemies":"Exordium Wildlife","floor":11,"turns":4},{"damage":0,"enemies":"2 Fungi Beasts","floor":14,"turns":3},{"damage":12,"enemies":"The Guardian","floor":16,"turns":10},{"damage":17,"enemies":"Shell Parasite","floor":18,"turns":4},{"damage":14,"enemies":"Chosen","floor":20,"turns":3},{"damage":6,"enemies":"Snake Plant","floor":22,"turns":3},{"damage":18,"enemies":"Slavers","floor":24,"turns":3},{"damage":15,"enemies":"Snecko","floor":27,"turns":4},{"damage":0,"enemies":"Cultist and Chosen","floor":29,"turns":5},{"damage":4,"enemies":"Centurion and Healer","floor":31,"turns":3},{"damage":45,"enemies":"Champ","floor":33,"turns":7}],"relics_obtained":[{"floor":6,"key":"Kunai"},{"floor":9,"key":"Smiling Mask"},{"floor":10,"key":"Centennial Puzzle"},{"floor":24,"key":"The Courier"},{"floor":26,"key":"Gremlin Horn"},{"floor":30,"key":"Necronomicon"}],"event_choices":[{"event_name":"Wheel of Change","player_choice":"Full Heal","floor":3,"damage_taken":0},{"event_name":"Shining Light","player_choice":"Entered Light","floor":4,"damage_taken":0},{"event_name":"Golden Wing","player_choice":"Card Removal","floor":8,"damage_taken":0},{"event_name":"Transmorgrifier","player_choice":"Transform","floor":19,"damage_taken":0},{"event_name":"Cursed Tome","player_choice":"Obtained Book","floor":30,"damage_taken":0}],"boss_relics":[{"not_picked":["Pandora\u0027s Box","Calling Bell"],"picked":"Astrolabe"}],"items_purged_floors":[25],"potions_floor_spawned":[1,2,14,20,27,29],"seed_played":"8206514041577483533","killed_by":"Champ","ascension_level":0,"potions_obtained":[{"floor":1,"key":"Explosive Potion"},{"floor":2,"key":"LiquidBronze"},{"floor":14,"key":"SpeedPotion"},{"floor":20,"key":"Strength Potion"},{"floor":27,"key":"SteroidPotion"},{"floor":29,"key":"Poison Potion"}],"is_trial":false}