{"path_per_floor":["M","?","M","?","$","R","E","M","T","R","$","?","?","E","R","B",null,"M","M","?","$"],"character_chosen":"IRONCLAD","items_purchased":["Panache"],"gold_per_floor":[360,320,339,339,71,71,96,110,110,110,10,10,10,44,44,144,144,164,176,176,51],"floor_reached":22,"campfire_rested":0,"playtime":840,"current_hp_per_floor":[80,80,80,80,80,80,66,65,79,79,79,79,72,51,51,27,94,51,33,14,14],"items_purged":["Decay","Strike_R","Pain"],"gold":51,"score":215,"play_id":"0bbac317-a8d6-4483-aec3-82e642b28807","is_prod":false,"is_daily":false,"is_ascension_mode":false,"campfire_upgraded":3,"path_taken":["M","?","?","?","?","R","E","M","T","R","$","?","?","E","R","BOSS","M","M","?","?","?"],"build_version":"2018-02-23-BETA1","purchased_purges":3,"victory":false,"master_deck":["Strike_R","Strike_R","Strike_R","Defend_R","Defend_R","Defend_R","Defend_R","Bash","Clumsy","Cleave","Armaments+1","Panache+1","Body Slam+1","Ghostly Armor","Flex","Double Tap","Parasite","Writhe","True Grit+1","Burning Pact"],"max_hp_per_floor":[80,80,80,80,80,80,80,80,94,94,94,94,94,94,94,94,94,94,94,99,99],"relics":["Burning Blood","Pen Nib","Mango","Ancient Tea Set","Calling Bell","Regal Pillow","Ornamental Fan","Sundial"],"card_choices":[{"not_picked":["Clash","Shrug It Off"],"picked":"Cleave"},{"not_picked":["Flex","Searing Blow"],"picked":"Armaments"},{"not_picked":["Immolate","Wild Strike"],"picked":"Body Slam"},{"not_picked":["Perfected Strike","Body Slam"],"picked":"Ghostly Armor"},{"not_picked":["Anger","Evolve"],"picked":"Flex"},{"not_picked":["Limit Break","Berserk"],"picked":"Double Tap"},{"not_picked":["Feel No Pain","Disarm"],"picked":"True Grit"},{"not_picked":["Heavy Blade","True Grit"],"picked":"Burning Pact"}],"player_experience":242593,"potions_floor_usage":[7,16,16,22,22],"damage_taken":[{"damage":6,"enemies":"Jaw Worm","floor":1,"turns":5},{"damage":6,"enemies":"Cultist","floor":3,"turns":3},{"damage":20,"enemies":"Gremlin Nob","floor":7,"turns":5},{"damage":7,"enemies":"2 Louse","floor":8,"turns":2},{"damage":27,"enemies":"Lagavulin","floor":14,"turns":8},{"damage":60,"enemies":"Hexaghost","floor":16,"turns":13},{"damage":49,"enemies":"Spheric Guardian","floor":18,"turns":8},{"damage":24,"enemies":"Shell Parasite","floor":19,"turns":9},{"damage":15,"enemies":"Sentry and Sphere","floor":22,"turns":4}],"event_choices":[{"event_name":"The Woman in Blue","player_choice":"Bought 3 Potions","floor":2,"damage_taken":0},{"event_name":"Wheel of Change","player_choice":"Curse","floor":4,"damage_taken":0},{"event_name":"The Cleric","player_choice":"Leave","floor":12,"damage_taken":0},{"event_name":"Golden Wing","player_choice":"Card Removal","floor":13,"damage_taken":0},{"event_name":"Forgotten Altar","player_choice":"Shed Blood","floor":20,"damage_taken":0}],"boss_relics":[{"not_picked":["Eternal Feather","Question Card"],"picked":"Calling Bell"}],"potions_floor_spawned":[7,8,18,19],"seed_played":"5630437724160535055","killed_by":"Sentry and Sphere","ascension_level":0,"is_trial":false}