{"gold_per_floor":[112,129,140,153,165,165,43,43,90,100,100,135,135,153,153,253,253,266,266,266,280,75,75,107,107,107,107,123,42,42,42,42,137,187,199,199,199,74,88,121,31,45,45,114,114,134,134,148,148,148],"floor_reached":50,"playtime":2026,"items_purged":["Strike_G","Strike_G","Writhe"],"score":540,"play_id":"53836573-9393-48d7-92e5-4855a2befb5f","local_time":"20181017083701","is_ascension_mode":false,"campfire_choices":[{"data":"Cloak And Dagger","floor":6,"key":"SMITH"},{"data":"Cloak And Dagger","floor":8,"key":"SMITH"},{"floor":11,"key":"REST"},{"data":"Blade Dance","floor":15,"key":"SMITH"},{"data":"Cloak And Dagger","floor":23,"key":"SMITH"},{"data":"Adrenaline","floor":25,"key":"SMITH"},{"data":"Blade Dance","floor":27,"key":"SMITH"},{"data":"Neutralize","floor":30,"key":"SMITH"},{"data":"J.A.X.","floor":32,"key":"SMITH"},{"data":"Cloak And Dagger","floor":45,"key":"SMITH"},{"data":"Dodge and Roll","floor":47,"key":"SMITH"},{"data":"After Image","floor":49,"key":"SMITH"}],"neow_cost":"NONE","seed_source_timestamp":261344128295427,"circlet_count":0,"master_deck":["Defend_G","Defend_G","Defend_G","Defend_G","Defend_G","Strike_G","Survivor","Neutralize+1","Blur","Cloak And Dagger+1","Blade Dance+1","Dagger Throw","Cloak And Dagger+1","Predator","Blade Dance+1","Dagger Spray","Adrenaline+1","PiercingWail","J.A.X.+1","Cloak And Dagger+1","Quick Slash","Well Laid Plans+1","Slice","Flying Knee+1","After Image+1","Corpse Explosion","Jack Of All Trades+1","Finesse","Dodge and Roll+1","Cloak And Dagger+1","Doubt","Regret","Terror+1","Cloak And Dagger+1"],"relics":["Ring of the Snake","Blood Vial","Vajra","Shuriken","Cursed Key","Bronze Scales","Meat on the Bone","Tiny House","Sundial","PreservedInsect","Ninja Scroll","Toxic Egg 2"],"potions_floor_usage":[12,12,12,33,33,40,50],"damage_taken":[{"damage":3,"enemies":"Cultist","floor":1,"turns":5},{"damage":3,"enemies":"Jaw Worm","floor":2,"turns":5},{"damage":0,"enemies":"Small Slimes","floor":3,"turns":4},{"damage":16,"enemies":"Exordium Thugs","floor":4,"turns":6},{"damage":29,"enemies":"Exordium Wildlife","floor":5,"turns":7},{"damage":0,"enemies":"Red Slaver","floor":10,"turns":6},{"damage":7,"enemies":"Lagavulin","floor":12,"turns":6},{"damage":0,"enemies":"Large Slime","floor":14,"turns":3},{"damage":18,"enemies":"Slime Boss","floor":16,"turns":8},{"damage":12,"enemies":"2 Thieves","floor":18,"turns":3},{"damage":3,"enemies":"3 Byrds","floor":21,"turns":3},{"damage":0,"enemies":"Gremlin Leader","floor":24,"turns":4},{"damage":16,"enemies":"Centurion and Healer","floor":28,"turns":4},{"damage":5,"enemies":"Champ","floor":33,"turns":7},{"damage":3,"enemies":"3 Darklings","floor":35,"turns":2},{"damage":0,"enemies":"Orb Walker","floor":39,"turns":3},{"damage":21,"enemies":"2 Orb Walkers","floor":40,"turns":4},{"damage":7,"enemies":"Reptomancer","floor":42,"turns":5},{"damage":0,"enemies":"Jaw Worm Horde","floor":46,"turns":3},{"damage":4,"enemies":"Maw","floor":48,"turns":6},{"damage":70,"enemies":"Time Eater","floor":50,"turns":8}],"seed_played":"-7819350287909948171","potions_obtained":[{"floor":1,"key":"FearPotion"},{"floor":5,"key":"Weak Potion"},{"floor":10,"key":"Swift Potion"},{"floor":16,"key":"Dexterity Potion"},{"floor":28,"key":"Block Potion"},{"floor":34,"key":"FairyPotion"},{"floor":35,"key":"SkillPotion"},{"floor":42,"key":"Strength Potion"}],"is_trial":false,"path_per_floor":["M","M","M","M","M","R","$","R","T","M","R","E","?","M","R","B",null,"M","?","?","M","$","R","E","R","T","R","M","$","R","?","R","B",null,"M","T","?","$","M","E","?","M","T","T","R","M","R","M","R"],"character_chosen":"THE_SILENT","items_purchased":["Cloak And Dagger","Well Laid Plans","Slice","After Image"],"campfire_rested":1,"item_purchase_floors":[7,22,22,29],"current_hp_per_floor":[67,66,68,54,27,27,27,27,27,29,50,45,45,47,47,31,70,58,58,58,57,57,57,59,59,59,59,45,45,45,45,45,42,75,72,72,62,62,64,45,45,40,40,40,40,42,42,40,40,0],"gold":148,"neow_bonus":"RANDOM_COMMON_RELIC","is_prod":false,"is_daily":false,"chose_seed":false,"campfire_upgraded":11,"win_rate":0,"timestamp":1539754621,"path_taken":["M","M","?","M","?","R","$","R","T","M","R","E","?","M","R","BOSS","M","?","?","M","?","R","E","R","T","R","M","$","R","?","R","BOSS","M","?","?","?","M","E","?","?","T","?","R","M","R","M","R","BOSS"],"build_version":"2018-10-15v2","purchased_purges":3,"victory":false,"max_hp_per_floor":[70,70,70,70,70,70,70,70,70,70,70,70,70,70,70,70,70,70,70,70,70,70,70,70,70,70,70,70,70,70,70,70,70,75,75,75,75,75,75,75,75,75,75,75,75,75,75,75,75,75],"card_choices":[{"not_picked":["Outmaneuver","Acrobatics"],"picked":"Blur","floor":1},{"not_picked":["Flechettes","Dodge and Roll"],"picked":"Cloak And Dagger","floor":2},{"not_picked":["Underhanded Strike","Setup"],"picked":"Blade Dance","floor":3},{"not_picked":["Venomology","Catalyst","Underhanded Strike"],"picked":"SKIP","floor":4},{"not_picked":["Backflip","Endless Agony"],"picked":"Dagger Throw","floor":5},{"not_picked":["Prepared","All Out Attack"],"picked":"Predator","floor":10},{"not_picked":["Slice","Sucker Punch"],"picked":"Blade Dance","floor":12},{"not_picked":["Outmaneuver","Predator"],"picked":"Dagger Spray","floor":14},{"not_picked":["Tools of the Trade","Malaise"],"picked":"Adrenaline","floor":16},{"not_picked":["Caltrops+1","Catalyst"],"picked":"PiercingWail","floor":18},{"not_picked":["All Out Attack","Deadly Poison"],"picked":"Quick Slash","floor":21},{"not_picked":["Quick Slash","Grand Finale","Poisoned Stab+1"],"picked":"SKIP","floor":24},{"not_picked":["Prepared","Deadly Poison"],"picked":"Flying Knee+1","floor":28},{"not_picked":["Malaise","Grand Finale"],"picked":"Corpse Explosion","floor":33},{"not_picked":["Quick Slash+1","Poisoned Stab+1","Outmaneuver"],"picked":"SKIP","floor":35},{"not_picked":["PanicButton","HandOfGreed"],"picked":"Jack Of All Trades","floor":37},{"not_picked":["Good Instincts","Bandage Up"],"picked":"Finesse","floor":37},{"not_picked":["Terror+1","Accuracy+1"],"picked":"Dodge and Roll","floor":39},{"not_picked":["Deadly Poison+1","Deflect","Doppelganger"],"picked":"SKIP","floor":40},{"not_picked":["Poisoned Stab","Deflect+1"],"picked":"Cloak And Dagger","floor":42},{"not_picked":["Deflect+1","Tactician+1"],"picked":"Terror+1","floor":46},{"not_picked":["Blade Dance+1","Quick Slash+1"],"picked":"Cloak And Dagger+1","floor":48}],"player_experience":798268,"relics_obtained":[{"floor":9,"key":"Vajra"},{"floor":12,"key":"Shuriken"},{"floor":24,"key":"Bronze Scales"},{"floor":26,"key":"Meat on the Bone"},{"floor":36,"key":"Sundial"},{"floor":40,"key":"PreservedInsect"},{"floor":43,"key":"Ninja Scroll"},{"floor":44,"key":"Toxic Egg 2"}],"event_choices":[{"event_name":"Purifier","player_choice":"One Purge","floor":13,"damage_taken":0},{"event_name":"Drug Dealer","player_choice":"Got JAX","floor":19,"damage_taken":0},{"event_name":"The Library","player_choice":"Read","floor":20,"damage_taken":0},{"event_name":"Fountain of Cleansing","player_choice":"Removed Curse","floor":31,"damage_taken":0},{"event_name":"SensoryStone","player_choice":"Memory 3","floor":37,"damage_taken":0},{"event_name":"Designer","player_choice":"Full Service","floor":41,"damage_taken":0}],"is_beta":true,"boss_relics":[{"not_picked":["Pandora\u0027s Box","Empty Cage"],"picked":"Cursed Key"},{"not_picked":["Lizard Tail","Orrery"],"picked":"Tiny House"}],"items_purged_floors":[7,22,38],"is_endless":false,"potions_floor_spawned":[1,5,10,16,28,35,42],"killed_by":"Time Eater","ascension_level":0}