{"gold_per_floor":[109,184,201,2,19,19,51,51,51,67,142,317,347,46,46,141,141,152,152,165,165,15,15,48,48,48,71,171,206,287,202,202,300,300,317,227,245,245,245,275,275,275,275,304,318,328,340,368,368,368,368,368,42,42,42],"floor_reached":55,"playtime":2346,"items_purged":["Injury","Doubt","Strike_R"],"score":943,"play_id":"a1b216a2-bc2c-4008-9d37-196b2d1ce69a","local_time":"20181106224128","is_ascension_mode":true,"campfire_choices":[{"data":"Body Slam","floor":6,"key":"SMITH"},{"floor":15,"key":"REST"},{"data":"Impervious","floor":23,"key":"SMITH"},{"data":"Shrug It Off","floor":25,"key":"SMITH"},{"data":"Bash","floor":32,"key":"SMITH"},{"floor":42,"key":"RECALL"},{"data":"Shrug It Off","floor":49,"key":"SMITH"},{"data":"Shrug It Off","floor":52,"key":"SMITH"}],"neow_cost":"CURSE","seed_source_timestamp":120718581496112,"circlet_count":0,"master_deck":["Strike_R","Strike_R","Defend_R","Defend_R","Defend_R","Defend_R","Bash+1","Body Slam+1","Shrug It Off","Flash of Steel","Shockwave","Anger+1","Twin Strike","Headbutt+1","Cleave+1","Shrug It Off+1","Impervious+1","Dropkick+1","Shrug It Off+1","Shrug It Off+1","Infernal Blade+1","Iron Wave+1","Body Slam+1","Juggernaut+1","Havoc+1","Madness","Madness","Body Slam+1","Shrug It Off+1","Body Slam+1","Ghostly Armor","Juggernaut+1","Good Instincts"],"relics":["Burning Blood","Bottled Flame","Molten Egg 2","Blue Candle","Incense Burner","Singing Bowl","Lizard Tail","MutagenicStrength","Pantograph","Bottled Lightning","Bronze Scales","Ice Cream","The Courier","Letter Opener","Gremlin Horn","Frozen Egg 2","Philosopher\u0027s Stone","Happy Flower","Mercury Hourglass","Dream Catcher"],"potions_floor_usage":[5,16,33,33,39,44,48,50,53,54,55,55],"damage_taken":[{"damage":6,"enemies":"Jaw Worm","floor":1,"turns":5},{"damage":8,"enemies":"Cultist","floor":3,"turns":5},{"damage":7,"enemies":"2 Louse","floor":5,"turns":3},{"damage":31,"enemies":"Lagavulin","floor":7,"turns":8},{"damage":5,"enemies":"Blue Slaver","floor":10,"turns":4},{"damage":33,"enemies":"3 Sentries","floor":13,"turns":8},{"damage":11,"enemies":"Slime Boss","floor":16,"turns":13},{"damage":7,"enemies":"2 Thieves","floor":18,"turns":4},{"damage":3,"enemies":"Shell Parasite","floor":20,"turns":5},{"damage":30,"enemies":"Slavers","floor":24,"turns":7},{"damage":0,"enemies":"Colosseum Slavers","floor":28,"turns":3},{"damage":13,"enemies":"Colosseum Nobs","floor":28,"turns":5},{"damage":26,"enemies":"Gremlin Leader","floor":29,"turns":6},{"damage":81,"enemies":"Collector","floor":33,"turns":8},{"damage":0,"enemies":"3 Shapes","floor":35,"turns":2},{"damage":0,"enemies":"3 Darklings","floor":37,"turns":2},{"damage":0,"enemies":"Maw","floor":39,"turns":2},{"damage":23,"enemies":"Reptomancer","floor":40,"turns":5},{"damage":19,"enemies":"Giant Head","floor":44,"turns":6},{"damage":0,"enemies":"Transient","floor":45,"turns":5},{"damage":0,"enemies":"3 Darklings","floor":46,"turns":1},{"damage":0,"enemies":"Maw","floor":47,"turns":6},{"damage":9,"enemies":"Reptomancer","floor":48,"turns":2},{"damage":53,"enemies":"Awakened One","floor":50,"turns":9},{"damage":0,"enemies":"Shield and Spear","floor":54,"turns":1},{"damage":109,"enemies":"The Heart","floor":55,"turns":3}],"seed_played":"-3550452027511137893","potions_obtained":[{"floor":3,"key":"Swift Potion"},{"floor":7,"key":"Ancient Potion"},{"floor":13,"key":"PowerPotion"},{"floor":20,"key":"SmokeBomb"},{"floor":29,"key":"Poison Potion"},{"floor":33,"key":"Strength Potion"},{"floor":44,"key":"Dexterity Potion"},{"floor":45,"key":"Explosive Potion"},{"floor":47,"key":"Fire Potion"},{"floor":48,"key":"Weak Potion"}],"is_trial":false,"path_per_floor":["M","?","M","$","M","R","E","T","T","M","?","?","E","$","R","B",null,"M","?","M","?","$","R","E","R","T","T","?","E","T","?","R","B",null,"M","?","M","?","M","E","?","R","T","E","M","M","M","E","R","B",null,"R","$","E","B"],"character_chosen":"IRONCLAD","items_purchased":["Flash of Steel","Shockwave","Shrug It Off","Singing Bowl","Shrug It Off","Good Instincts","Fruit Juice","SmokeBomb"],"campfire_rested":1,"item_purchase_floors":[4,4,14,14,22,53,53,53],"current_hp_per_floor":[96,87,85,85,84,84,59,59,59,60,49,49,22,22,50,45,96,95,95,96,96,96,96,72,72,72,72,71,51,51,51,51,54,96,96,96,98,86,92,75,75,75,75,64,70,76,82,79,79,53,100,100,105,105,0],"gold":42,"neow_bonus":"TWENTY_PERCENT_HP_BONUS","is_prod":false,"is_daily":false,"chose_seed":false,"campfire_upgraded":6,"win_rate":0,"timestamp":1541533288,"path_taken":["M","?","?","$","M","R","E","?","T","M","?","?","E","?","R","BOSS","M","?","M","?","$","R","E","R","T","?","?","E","?","?","R","BOSS","M","?","?","?","M","E","?","R","T","E","M","?","?","E","R","BOSS","R","$","E","BOSS"],"build_version":"2018-11-05","purchased_purges":3,"victory":false,"max_hp_per_floor":[96,96,96,96,96,96,96,96,96,96,96,96,96,96,96,96,96,96,96,96,96,96,96,96,96,96,96,96,96,96,96,96,96,96,96,96,98,98,98,98,98,98,98,100,100,100,100,100,100,100,100,100,105,105,105],"card_choices":[{"not_picked":["Pummel","Thunderclap"],"picked":"Body Slam","floor":1},{"not_picked":["Dropkick","Power Through"],"picked":"Shrug It Off","floor":3},{"not_picked":["Perfected Strike","Pommel Strike"],"picked":"Anger","floor":5},{"not_picked":["Rupture","Combust"],"picked":"Twin Strike","floor":7},{"not_picked":["True Grit","Carnage+1"],"picked":"Headbutt+1","floor":10},{"not_picked":["Sever Soul+1","Thunderclap+1"],"picked":"Cleave+1","floor":13},{"not_picked":["Juggernaut","Berserk"],"picked":"Impervious","floor":16},{"not_picked":["Headbutt+1","Pommel Strike+1"],"picked":"Dropkick+1","floor":18},{"not_picked":["Feel No Pain","Ghostly Armor"],"picked":"Shrug It Off","floor":20},{"not_picked":["Bludgeon+1","Intimidate"],"picked":"Infernal Blade+1","floor":24},{"not_picked":["Havoc","Whirlwind+1"],"picked":"Iron Wave+1","floor":28},{"not_picked":["Metallicize","Headbutt+1"],"picked":"Body Slam+1","floor":29},{"not_picked":["Exhume","Reaper+1"],"picked":"Juggernaut+1","floor":33},{"not_picked":["Shrug It Off+1","Heavy Blade+1"],"picked":"Havoc+1","floor":35},{"not_picked":["Perfected Strike+1","Searing Blow+1","Power Through+1"],"picked":"Singing Bowl","floor":37},{"not_picked":["Battle Trance","Whirlwind+1"],"picked":"Body Slam+1","floor":40},{"not_picked":["Evolve+1","Hemokinesis+1","Cleave+1"],"picked":"Singing Bowl","floor":44},{"not_picked":["Fire Breathing+1","Shockwave"],"picked":"Shrug It Off+1","floor":45},{"not_picked":["True Grit+1","Clash+1"],"picked":"Body Slam+1","floor":46},{"not_picked":["Flex","Reckless Charge+1"],"picked":"Ghostly Armor","floor":47},{"not_picked":["Cleave+1","Second Wind+1"],"picked":"Juggernaut+1","floor":48}],"player_experience":881016,"relics_obtained":[{"floor":7,"key":"Bottled Flame"},{"floor":8,"key":"Molten Egg 2"},{"floor":9,"key":"Blue Candle"},{"floor":13,"key":"Incense Burner"},{"floor":24,"key":"Pantograph"},{"floor":26,"key":"Bottled Lightning"},{"floor":27,"key":"Bronze Scales"},{"floor":28,"key":"Ice Cream"},{"floor":28,"key":"The Courier"},{"floor":29,"key":"Letter Opener"},{"floor":30,"key":"Gremlin Horn"},{"floor":40,"key":"Happy Flower"},{"floor":44,"key":"Mercury Hourglass"},{"floor":48,"key":"Dream Catcher"}],"event_choices":[{"damage_healed":0,"gold_gain":75,"player_choice":"Touch","damage_taken":9,"max_hp_gain":0,"max_hp_loss":0,"event_name":"FaceTrader","floor":2,"gold_loss":0},{"damage_healed":0,"gold_gain":75,"player_choice":"Gather Gold","damage_taken":11,"max_hp_gain":0,"max_hp_loss":0,"event_name":"World of Goop","floor":11,"gold_loss":0},{"damage_healed":0,"gold_gain":175,"player_choice":"AGREE","damage_taken":0,"max_hp_gain":0,"max_hp_loss":0,"event_name":"Liars Game","floor":12,"gold_loss":0,"cards_obtained":["Doubt"]},{"damage_healed":0,"gold_gain":0,"player_choice":"Inject Mutagens","damage_taken":0,"relics_obtained":["MutagenicStrength"],"max_hp_gain":0,"max_hp_loss":0,"event_name":"Drug Dealer","floor":19,"gold_loss":0},{"damage_healed":0,"gold_gain":0,"player_choice":"Ignored","damage_taken":0,"max_hp_gain":0,"max_hp_loss":0,"event_name":"Ghosts","floor":21,"gold_loss":0},{"damage_healed":0,"gold_gain":0,"player_choice":"Fight","damage_taken":0,"max_hp_gain":0,"max_hp_loss":0,"event_name":"Colosseum","floor":28,"gold_loss":0},{"damage_healed":0,"gold_gain":0,"player_choice":"Fought Nobs","damage_taken":0,"max_hp_gain":0,"max_hp_loss":0,"event_name":"Colosseum","floor":28,"gold_loss":0},{"damage_healed":0,"gold_gain":0,"player_choice":"Obtained Relic","damage_taken":0,"relics_obtained":["Frozen Egg 2"],"max_hp_gain":0,"max_hp_loss":0,"event_name":"Addict","floor":31,"gold_loss":85},{"cards_removed":["Strike_R"],"damage_healed":0,"gold_gain":0,"player_choice":"Upgrade and Remove","damage_taken":0,"max_hp_gain":0,"max_hp_loss":0,"event_name":"Designer","floor":36,"gold_loss":90,"cards_upgraded":["Anger"]},{"damage_healed":0,"gold_gain":0,"player_choice":"Embrace Madness","damage_taken":12,"max_hp_gain":0,"max_hp_loss":0,"event_name":"Winding Halls","floor":38,"gold_loss":0,"cards_obtained":["Madness","Madness"]},{"cards_removed":["Strike_R"],"damage_healed":0,"gold_gain":0,"player_choice":"Offered Basic","damage_taken":0,"max_hp_gain":0,"max_hp_loss":0,"event_name":"Bonfire Elementals","floor":41,"gold_loss":0}],"is_beta":true,"boss_relics":[{"not_picked":["Velvet Choker","Busted Crown"],"picked":"Lizard Tail"},{"not_picked":["Tiny House","Runic Cube"],"picked":"Philosopher\u0027s Stone"}],"items_purged_floors":[4,22,53],"is_endless":false,"potions_floor_spawned":[3,7,13,20,28,29,33,44,45,47,48,54],"killed_by":"The Heart","ascension_level":1}