{"gold_per_floor":[409,584,584,58,8,36,66,95,175,207,207,240,269,288,288,385,385,402,422,347,63,63,95,120,149,173,207,239,271,305,335,335,433,433,446,446,464,464,6,33,33,60,60,87,112,40,40,70,70,70,70,70,8,35,35],"floor_reached":56,"playtime":4347,"items_purged":["Steam"],"score":2012,"play_id":"1ebf94eb-6789-4739-9e66-c53e55133a44","local_time":"20190105052827","daily_mods":["SealedDeck","Specialized","Vintage","Allstar","Heirloom","Time Dilation","Flight","DeadlyEvents","Elite Swarm"],"is_ascension_mode":false,"campfire_choices":[{"data":"Fission","floor":11,"key":"SMITH"},{"data":"strawberrySpire:Flashback","floor":15,"key":"SMITH"},{"data":"strawberrySpire:Flashback","floor":32,"key":"SMITH"},{"data":"strawberrySpire:Flashback","floor":41,"key":"SMITH"},{"floor":47,"key":"RECALL"},{"data":"Capacitor","floor":49,"key":"SMITH"},{"data":"strawberrySpire:Gammacceleration","floor":52,"key":"SMITH"}],"neow_cost":"","seed_source_timestamp":191752597746077,"circlet_count":0,"master_deck":["Steam","Steam","Steam","strawberrySpire:Adapter","Melter","Conserve Battery","Hologram","Turbo","Coolheaded","Rebound","Go for the Eyes","Beam Cell","Streamline","strawberrySpire:Disconnect","Capacitor+1","strawberrySpire:Flashback","Finesse","strawberrySpire:AnotherWinter","Creative AI","Fission+1","strawberrySpire:Gammacceleration+1","Rainbow","Echo Form","Fission+1","Reboot+1","strawberrySpire:AnotherWinter","Seek+1","Multi-Cast+1","Core Surge","Echo Form","Meteor Strike","Buffer","strawberrySpire:Refactor+1","Madness+1","Madness+1","Enlightenment+1","Apotheosis+1","Hologram+1","FTL","Leap+1","Thunder Strike","strawberrySpire:Refactor+1","strawberrySpire:Refactor+1","Reboot+1","Enlightenment+1","strawberrySpire:NeonFlight+1","Redo+1"],"relics":["Cracked Core","FossilizedHelix","Old Coin","Peace Pipe","Boot","Nunchaku","DataDisk","Bronze Scales","Pear","Mercury Hourglass","Gremlin Horn","Toxic Egg 2","Ancient Tea Set","strawberrySpire:SolarisEssence","Meat on the Bone","Ornamental Fan","Chemical X","Centennial Puzzle","The Courier","Pocketwatch","Oddly Smooth Stone","Bag of Marbles","Singing Bowl","strawberrySpire:KineticCharger","strawberrySpire:MawJerky","Busted Crown","Bird Faced Urn","PreservedInsect","Frozen Eye","Bottled Tornado","Sundial","strawberrySpire:DirtyLipstick","Vajra","Blood Vial","strawberrySpire:Treaders","Mummified Hand"],"potions_floor_usage":[10,28,55,55,55,55,55,55],"damage_taken":[{"damage":0,"enemies":"Cultist","floor":1,"turns":1},{"damage":0,"enemies":"Lagavulin","floor":6,"turns":7},{"damage":0,"enemies":"Gremlin Nob","floor":7,"turns":4},{"damage":0,"enemies":"Lagavulin","floor":8,"turns":9},{"damage":0,"enemies":"3 Sentries","floor":10,"turns":10},{"damage":7,"enemies":"Lagavulin","floor":12,"turns":7},{"damage":0,"enemies":"Gremlin Nob","floor":13,"turns":4},{"damage":0,"enemies":"Jaw Worm","floor":14,"turns":4},{"damage":28,"enemies":"Hexaghost","floor":16,"turns":6},{"damage":0,"enemies":"3 Byrds","floor":18,"turns":3},{"damage":14,"enemies":"2 Thieves","floor":19,"turns":3},{"damage":0,"enemies":"Slavers","floor":23,"turns":4},{"damage":0,"enemies":"Book of Stabbing","floor":24,"turns":3},{"damage":0,"enemies":"Gremlin Leader","floor":25,"turns":5},{"damage":0,"enemies":"Slavers","floor":27,"turns":4},{"damage":5,"enemies":"strawberrySpire:AncientClocktower","floor":28,"turns":6},{"damage":0,"enemies":"Book of Stabbing","floor":29,"turns":3},{"damage":0,"enemies":"Gremlin Leader","floor":30,"turns":3},{"damage":0,"enemies":"Book of Stabbing","floor":31,"turns":3},{"damage":16,"enemies":"Champ","floor":33,"turns":9},{"damage":0,"enemies":"3 Shapes","floor":35,"turns":4},{"damage":0,"enemies":"Orb Walker","floor":37,"turns":2},{"damage":0,"enemies":"Giant Head","floor":40,"turns":6},{"damage":6,"enemies":"Reptomancer","floor":42,"turns":3},{"damage":0,"enemies":"Nemesis","floor":44,"turns":5},{"damage":0,"enemies":"Giant Head","floor":45,"turns":5},{"damage":0,"enemies":"Reptomancer","floor":48,"turns":4},{"damage":11,"enemies":"Donu and Deca","floor":50,"turns":8},{"damage":4,"enemies":"Shield and Spear","floor":54,"turns":5},{"damage":2,"enemies":"The Heart","floor":55,"turns":4}],"seed_played":"-4765374116378490336","potions_obtained":[{"floor":6,"key":"Fire Potion"},{"floor":7,"key":"PowerPotion"},{"floor":8,"key":"FearPotion"},{"floor":19,"key":"Poison Potion"},{"floor":25,"key":"PowerPotion"},{"floor":28,"key":"Dexterity Potion"},{"floor":35,"key":"FocusPotion"},{"floor":45,"key":"EntropicBrew"}],"is_trial":true,"path_per_floor":["M","?","T","$","?","E","E","E","T","E","R","E","E","M","R","B",null,"M","M","?","$","?","E","E","E","T","E","E","E","E","E","R","B",null,"M","?","M","?","$","E","R","E","T","E","E","$","R","E","R","B",null,"R","$","E","B",null],"character_chosen":"DEFECT","items_purchased":["strawberrySpire:Disconnect","Capacitor","strawberrySpire:Flashback","Finesse","Boot","Chemical X","Apotheosis+1","Frozen Eye","Hologram+1","FTL","Leap+1","Enlightenment+1","strawberrySpire:NeonFlight+1","Redo+1"],"campfire_rested":0,"item_purchase_floors":[4,4,4,4,4,21,39,39,39,39,39,46,53,53],"current_hp_per_floor":[75,75,75,75,75,75,75,75,85,85,85,78,78,78,78,50,85,85,71,71,71,71,71,71,71,71,71,66,66,66,66,66,50,85,85,74,82,76,76,93,93,97,97,101,105,105,105,111,111,111,111,111,111,117,117],"gold":35,"neow_bonus":"","is_prod":false,"is_daily":false,"chose_seed":false,"campfire_upgraded":6,"win_rate":0,"timestamp":1546655307,"path_taken":["M","?","?","$","?","E","E","E","T","E","R","E","?","?","R","BOSS","M","?","?","$","?","E","E","E","T","E","E","E","E","E","R","BOSS","M","?","?","?","$","E","R","E","T","E","E","?","R","E","R","BOSS","R","$","E","BOSS"],"build_version":"2019-01-03v4","purchased_purges":1,"victory":true,"max_hp_per_floor":[75,75,75,75,75,75,75,75,85,85,85,85,85,85,85,85,85,85,85,85,85,85,85,85,85,85,85,85,85,85,85,85,85,85,85,85,85,89,89,93,93,97,97,101,105,105,105,111,111,111,111,111,111,117,117],"card_choices":[{"not_picked":["Biased Cognition","Multi-Cast"],"picked":"strawberrySpire:AnotherWinter","floor":6},{"not_picked":["Seek","Biased Cognition"],"picked":"Creative AI","floor":7},{"not_picked":["Meteor Strike","All For One"],"picked":"Fission","floor":8},{"not_picked":["Electrodynamics","Meteor Strike"],"picked":"strawberrySpire:Gammacceleration","floor":10},{"not_picked":["Creative AI","strawberrySpire:Gammacceleration"],"picked":"Rainbow","floor":12},{"not_picked":["Thunder Strike","Creative AI"],"picked":"Echo Form","floor":13},{"not_picked":["Buffer","Thunder Strike"],"picked":"Fission+1","floor":16},{"not_picked":["Hyperbeam","Buffer"],"picked":"Reboot+1","floor":23},{"not_picked":["Multi-Cast+1","Hyperbeam"],"picked":"strawberrySpire:AnotherWinter","floor":24},{"not_picked":["Biased Cognition","Multi-Cast+1"],"picked":"Seek+1","floor":25},{"not_picked":["strawberrySpire:Ronchyble","Hyperbeam"],"picked":"Multi-Cast+1","floor":27},{"not_picked":["strawberrySpire:Ronchyble","Buffer"],"picked":"Core Surge","floor":28},{"not_picked":["Multi-Cast+1","Hyperbeam"],"picked":"Echo Form","floor":29},{"not_picked":["Creative AI","Biased Cognition"],"picked":"Meteor Strike","floor":30},{"not_picked":["Creative AI","Fission+1"],"picked":"Buffer","floor":31},{"not_picked":["Echo Form","strawberrySpire:AnotherWinter"],"picked":"strawberrySpire:Refactor+1","floor":33},{"not_picked":[],"picked":"Enlightenment+1","floor":38},{"not_picked":["Dramatic Entrance"],"picked":"Singing Bowl","floor":38},{"not_picked":["Trip+1"],"picked":"Singing Bowl","floor":38},{"not_picked":[],"picked":"Thunder Strike","floor":40},{"not_picked":[],"picked":"strawberrySpire:Refactor+1","floor":42},{"not_picked":[],"picked":"strawberrySpire:Refactor+1","floor":44},{"not_picked":[],"picked":"Reboot+1","floor":45},{"not_picked":["Biased Cognition"],"picked":"Singing Bowl","floor":48},{"not_picked":["Multi-Cast+1"],"picked":"Singing Bowl","floor":54}],"player_experience":1037735,"relics_obtained":[{"floor":1,"key":"Old Coin"},{"floor":3,"key":"Peace Pipe"},{"floor":6,"key":"Nunchaku"},{"floor":7,"key":"DataDisk"},{"floor":8,"key":"Bronze Scales"},{"floor":9,"key":"Pear"},{"floor":10,"key":"Mercury Hourglass"},{"floor":12,"key":"Gremlin Horn"},{"floor":13,"key":"Toxic Egg 2"},{"floor":14,"key":"Ancient Tea Set"},{"floor":18,"key":"Meat on the Bone"},{"floor":19,"key":"Ornamental Fan"},{"floor":23,"key":"Centennial Puzzle"},{"floor":24,"key":"The Courier"},{"floor":25,"key":"Pocketwatch"},{"floor":27,"key":"Oddly Smooth Stone"},{"floor":28,"key":"Bag of Marbles"},{"floor":29,"key":"Singing Bowl"},{"floor":30,"key":"strawberrySpire:KineticCharger"},{"floor":31,"key":"strawberrySpire:MawJerky"},{"floor":35,"key":"Bird Faced Urn"},{"floor":37,"key":"PreservedInsect"},{"floor":40,"key":"Bottled Tornado"},{"floor":42,"key":"Sundial"},{"floor":43,"key":"strawberrySpire:DirtyLipstick"},{"floor":44,"key":"Vajra"},{"floor":45,"key":"Blood Vial"},{"floor":48,"key":"strawberrySpire:Treaders"},{"floor":54,"key":"Mummified Hand"}],"event_choices":[{"damage_healed":0,"gold_gain":175,"player_choice":"AGREE","damage_taken":0,"max_hp_gain":0,"max_hp_loss":0,"event_name":"Liars Game","floor":2,"gold_loss":0,"cards_obtained":["Doubt"]},{"cards_removed":["Doubt"],"damage_healed":0,"gold_gain":0,"player_choice":"Card Removal","damage_taken":0,"max_hp_gain":0,"max_hp_loss":0,"event_name":"The Cleric","floor":5,"gold_loss":50},{"cards_removed":["Steam"],"damage_healed":0,"gold_gain":0,"player_choice":"Gave Gold","damage_taken":0,"max_hp_gain":0,"max_hp_loss":0,"event_name":"Beggar","floor":20,"gold_loss":75},{"damage_healed":0,"gold_gain":0,"player_choice":"Ignored","damage_taken":0,"max_hp_gain":0,"max_hp_loss":0,"event_name":"Vampires","floor":22,"gold_loss":0},{"damage_healed":0,"gold_gain":0,"player_choice":"Embrace Madness","damage_taken":11,"max_hp_gain":0,"max_hp_loss":0,"event_name":"Winding Halls","floor":36,"gold_loss":0,"cards_obtained":["Madness","Madness"]},{"damage_healed":0,"gold_gain":0,"player_choice":"Memory 3","damage_taken":10,"max_hp_gain":0,"max_hp_loss":0,"event_name":"SensoryStone","floor":38,"gold_loss":0}],"is_beta":true,"boss_relics":[{"not_picked":["Orrery","Sozu"],"picked":"strawberrySpire:SolarisEssence"},{"not_picked":["Fusion Hammer","Snecko Eye"],"picked":"Busted Crown"}],"items_purged_floors":[21],"is_endless":false,"potions_floor_spawned":[6,7,8,19,25,28,33,35,42,45,48,54],"ascension_level":0}