{"path_per_floor":["M","?","?","T","$","R","?","R","T","M","R","?","M","M","R","B",null,"M","?","M","M","M","R","?","?","T","$","M","R","M","E","R","B",null,"M","M","M","$","?","M"],"character_chosen":"THE_SILENT","items_purchased":["Bandage Up","Well Laid Plans","Bouncing Flask","Backflip","Dagger Spray","Pen Nib","Accuracy","Poison Potion","Strawberry","Dexterity Potion"],"gold_per_floor":[114,114,364,415,28,28,203,203,230,240,240,240,260,276,276,380,380,390,315,333,348,360,360,360,360,385,1,20,20,40,67,67,164,164,184,196,214,16,16,34],"floor_reached":41,"campfire_rested":0,"playtime":3198,"current_hp_per_floor":[63,63,63,63,63,63,63,63,63,62,62,62,62,62,62,49,63,63,63,55,59,57,57,57,57,57,57,52,52,51,57,57,33,63,61,52,17,24,24,24],"items_purged":["Regret","All Out Attack"],"gold":34,"score":353,"play_id":"7c1b1e31-c3b1-44b9-9638-28d0652c2c81","is_prod":false,"is_daily":false,"is_ascension_mode":false,"campfire_upgraded":7,"path_taken":["M","?","?","?","$","R","?","R","T","M","R","?","M","?","R","BOSS","M","?","M","?","M","R","?","?","T","?","?","R","M","E","R","BOSS","M","M","M","$","?","M","M"],"build_version":"2018-02-08-BETA1","purchased_purges":2,"victory":false,"master_deck":["Survivor","Neutralize+1","Infinite Blades","Bandage Up+1","Well Laid Plans","Bouncing Flask+1","Backflip+1","Dagger Spray","Dagger Throw","Cloak And Dagger+1","Deadly Poison","Leg Sweep","Cloak And Dagger","Infinite Blades","Dagger Throw+1","Slice+1","Acrobatics","Caltrops+1","Malaise+1","Deflect+1","Accuracy","Footwork+1","Tactician+1","Prepared+1","Die Die Die","Setup+1","PiercingWail","Terror","Dodge and Roll+1"],"max_hp_per_floor":[63,63,63,63,63,63,63,63,63,63,63,63,63,63,63,63,63,63,63,63,63,63,63,63,63,63,63,63,63,63,63,63,63,63,63,63,63,70,70,70],"relics":["Ring of the Snake","Blood Vial","Oddly Smooth Stone","Pandora\u0027s Box","Nloth\u0027s Gift","Bag of Preparation","Pen Nib","Whetstone","Philosopher\u0027s Stone","Strawberry"],"card_choices":[{"not_picked":["Slice","Reflex"],"picked":"Infinite Blades"},{"not_picked":["Heel Hook","Deadly Poison"],"picked":"Dagger Throw"},{"not_picked":["Sucker Punch","Poisoned Stab"],"picked":"Cloak And Dagger"},{"not_picked":["Die Die Die","Storm of Steel"],"picked":"Glass Knife"},{"not_picked":["Reflex","Dagger Spray"],"picked":"Malaise"},{"not_picked":["Setup","Dagger Throw"],"picked":"Deflect"},{"not_picked":["Deflect","Dagger Spray"],"picked":"Footwork"},{"not_picked":["Sucker Punch","Underhanded Strike"],"picked":"Tactician"},{"not_picked":["Quick Slash","Deflect"],"picked":"Prepared"},{"not_picked":["A Thousand Cuts","Storm of Steel"],"picked":"Die Die Die"},{"not_picked":["Caltrops","Masterful Stab"],"picked":"Setup"},{"not_picked":["Infinite Blades","Acrobatics"],"picked":"PiercingWail"},{"not_picked":["Setup","Flying Knee"],"picked":"Terror"},{"not_picked":["Finisher","Slice"],"picked":"Dodge and Roll"}],"player_experience":201646,"potions_floor_usage":[16,16,22,33,33],"damage_taken":[{"damage":0,"enemies":"Small Slimes","floor":1,"turns":3},{"damage":2,"enemies":"Blue Slaver","floor":10,"turns":5},{"damage":1,"enemies":"Jaw Worm","floor":13,"turns":3},{"damage":1,"enemies":"Gremlin Gang","floor":14,"turns":4},{"damage":20,"enemies":"Hexaghost","floor":16,"turns":9},{"damage":0,"enemies":"3 Byrds","floor":18,"turns":5},{"damage":8,"enemies":"Chosen","floor":20,"turns":4},{"damage":4,"enemies":"Centurion and Healer","floor":21,"turns":7},{"damage":10,"enemies":"Cultist and Chosen","floor":22,"turns":8},{"damage":7,"enemies":"Snake Plant","floor":28,"turns":5},{"damage":9,"enemies":"Snecko","floor":30,"turns":5},{"damage":2,"enemies":"Book of Stabbing","floor":31,"turns":5},{"damage":32,"enemies":"Collector","floor":33,"turns":8},{"damage":6,"enemies":"Orb Walker","floor":35,"turns":3},{"damage":17,"enemies":"3 Shapes","floor":36,"turns":5},{"damage":43,"enemies":"Sphere and 2 Shapes","floor":37,"turns":6},{"damage":8,"enemies":"3 Darklings","floor":40,"turns":6},{"damage":36,"enemies":"4 Shapes","floor":41,"turns":5}],"event_choices":[{"event_name":"Accursed Blacksmith","player_choice":"Forge","floor":2,"damage_taken":0},{"event_name":"Golden Shrine","player_choice":"Desecrate","floor":3,"damage_taken":0},{"event_name":"Liars Game","player_choice":"agreed","floor":7,"damage_taken":0},{"event_name":"Living Wall","player_choice":"Forget","floor":12,"damage_taken":0},{"event_name":"Beggar","player_choice":"Gave Gold","floor":19,"damage_taken":0},{"event_name":"Back to Basics","player_choice":"Elegance","floor":24,"damage_taken":0},{"event_name":"N\u0027loth","player_choice":"Traded a Torii","floor":25,"damage_taken":0}],"boss_relics":[{"not_picked":["Orrery","Calling Bell"],"picked":"Pandora\u0027s Box"},{"not_picked":["Astrolabe","Velvet Choker"],"picked":"Philosopher\u0027s Stone"}],"potions_floor_spawned":[10,13,18,21,33,37],"seed_played":"-7406293739824030921","killed_by":"4 Shapes","ascension_level":0,"is_trial":false}