{"path_per_floor":["M","?","?","M","M","R","?","R","T","R","$","M","R","M","R"],"character_chosen":"DEFECT","items_purchased":["Go for the Eyes","Turbo","Madness"],"gold_per_floor":[116,116,116,130,150,150,207,207,207,207,1,14,14,28,28,28],"floor_reached":16,"campfire_rested":0,"playtime":568,"item_purchase_floors":[11,11,11],"current_hp_per_floor":[67,53,53,53,53,53,45,45,45,45,45,44,44,41,41,0],"items_purged":[],"gold":28,"score":90,"play_id":"762f4932-2972-45e2-86d8-cd93e491f2ef","local_time":"20180620095813","is_prod":false,"is_daily":false,"chose_seed":false,"is_ascension_mode":false,"campfire_upgraded":5,"win_rate":0,"timestamp":1529477893,"campfire_choices":[{"data":"Dualcast","floor":6,"key":"SMITH"},{"data":"Zap","floor":8,"key":"SMITH"},{"data":"White Noise","floor":10,"key":"SMITH"},{"data":"Madness","floor":13,"key":"SMITH"},{"data":"Go for the Eyes","floor":15,"key":"SMITH"}],"path_taken":["M","?","?","?","M","R","?","R","T","R","?","M","R","M","R","BOSS"],"build_version":"2018-06-19","seed_source_timestamp":432778175723493,"purchased_purges":0,"circlet_count":0,"victory":false,"master_deck":["Strike_B","Strike_B","Strike_B","Strike_B","Defend_B+1","Defend_B","Defend_B","Defend_B+1","Zap+1","Dualcast+1","Rebound","Decay","White Noise+1","Steam","Tempest","Go for the Eyes+1","Turbo","Madness+1","Gash","Streamline"],"max_hp_per_floor":[68,68,68,68,68,68,68,68,68,68,68,68,68,68,68,68],"relics":["Cracked Core","Thread and Needle","Singing Bowl","Mummified Hand"],"card_choices":[{"not_picked":["Coolheaded","Ball Lightning"],"picked":"Rebound","floor":1},{"not_picked":["Loop","Steam"],"picked":"White Noise","floor":4},{"not_picked":["Chill","Double Energy"],"picked":"Steam","floor":5},{"not_picked":["Barrage","Force Field"],"picked":"Tempest","floor":7},{"not_picked":["Sweeping Beam","Cold Snap"],"picked":"Gash","floor":12},{"not_picked":["Barrage","Force Field"],"picked":"Streamline","floor":14}],"player_experience":525672,"potions_floor_usage":[7,7,16],"damage_taken":[{"damage":1,"enemies":"Jaw Worm","floor":1,"turns":3},{"damage":0,"enemies":"2 Louse","floor":4,"turns":2},{"damage":0,"enemies":"Small Slimes","floor":5,"turns":5},{"damage":8,"enemies":"Lagavulin Event","floor":7,"turns":6},{"damage":1,"enemies":"3 Louse","floor":12,"turns":2},{"damage":3,"enemies":"Lots of Slimes","floor":14,"turns":4},{"damage":41,"enemies":"The Guardian","floor":16,"turns":9}],"relics_obtained":[{"floor":7,"key":"Singing Bowl"},{"floor":9,"key":"Mummified Hand"}],"event_choices":[{"event_name":"Shining Light","player_choice":"Entered Light","floor":2,"damage_taken":0},{"event_name":"Wheel of Change","player_choice":"Curse","floor":3,"damage_taken":0},{"event_name":"Dead Adventurer","player_choice":"Searched \u00271\u0027 times","floor":7,"damage_taken":0}],"boss_relics":[],"items_purged_floors":[],"is_endless":false,"potions_floor_spawned":[4,5,12],"seed_played":"-5936617526615900487","killed_by":"The Guardian","ascension_level":0,"potions_obtained":[{"floor":4,"key":"EssenceOfSteel"},{"floor":5,"key":"Strength Potion"},{"floor":12,"key":"Weak Potion"}],"is_trial":false}