{"gold_per_floor":[111,123,123,123,123,158,176,209,209,220,231,231,27,38,38,140,140,150,160,176,294,294,294],"floor_reached":23,"playtime":1279,"items_purged":["Defend_R","Hemokinesis"],"score":345,"play_id":"a807a94b-ccfa-4339-b2f3-159fb87f7e26","local_time":"20190509193252","is_ascension_mode":true,"campfire_choices":[{"data":"Body Slam","floor":12,"key":"SMITH"},{"data":"Uppercut","floor":15,"key":"SMITH"}],"neow_cost":"","seed_source_timestamp":726467375292247,"circlet_count":0,"master_deck":["Strike_R","Strike_R","Strike_R","Defend_R","Defend_R","Defend_R","Bash","Offering","Shrug It Off","Uppercut+1","Shockwave","Iron Wave","Body Slam+1","Flame Barrier","Clash","Headbutt","Feed","Dual Wield","Infernal Blade","Iron Wave","strawberrySpire:FireDrill+1"],"relics":["Burning Blood","Meat on the Bone","Sundial","Singing Bowl","Anchor","infinitespire:BottledMercury","Bag of Marbles","Letter Opener","Bottled Flame","Unceasing Top","Kunai","infinitespire:CursedDice","Empty Cage"],"potions_floor_usage":[8,23],"damage_taken":[{"damage":6,"enemies":"Cultist","floor":1,"turns":2},{"damage":6,"enemies":"Jaw Worm","floor":2,"turns":2},{"damage":16,"enemies":"strawberrySpire:EnergyPylons","floor":6,"turns":6},{"damage":9,"enemies":"infinitespire:Voidling","floor":7,"turns":2},{"damage":9,"enemies":"3 Sentries","floor":8,"turns":8},{"damage":3,"enemies":"3 Louse","floor":10,"turns":3},{"damage":6,"enemies":"Large Slime","floor":11,"turns":5},{"damage":6,"enemies":"2 Fungi Beasts","floor":14,"turns":2},{"damage":34,"enemies":"Slime Boss","floor":16,"turns":13},{"damage":16,"enemies":"Spheric Guardian","floor":18,"turns":5},{"damage":7,"enemies":"Shell Parasite","floor":19,"turns":4},{"damage":22,"enemies":"Shelled Parasite and Fungi","floor":20,"turns":12},{"damage":9,"enemies":"Centurion and Healer","floor":21,"turns":15},{"damage":48,"enemies":"Nightmare","floor":23,"turns":10}],"seed_played":"-6546394668621156857","potions_obtained":[{"floor":6,"key":"Explosive Potion"},{"floor":7,"key":"Regen Potion"},{"floor":8,"key":"FearPotion"},{"floor":14,"key":"PowerPotion"},{"floor":16,"key":"SteroidPotion"}],"is_trial":false,"path_per_floor":["M","M","?","?","T","E","M","E","T","M","M","R","$","M","R","B",null,"M","M","M","M","?","NM"],"character_chosen":"IRONCLAD","items_purchased":["Meat on the Bone","Sundial","Offering","Hemokinesis","Singing Bowl","Anchor","Flame Barrier","Clash"],"campfire_rested":0,"item_purchase_floors":[0,0,0,0,0,0,13,13],"current_hp_per_floor":[80,80,73,73,73,65,62,76,76,79,79,79,79,79,79,51,84,74,76,63,66,47,0],"gold":294,"neow_bonus":"","is_prod":false,"is_daily":false,"chose_seed":false,"campfire_upgraded":2,"win_rate":0,"timestamp":1557419572,"path_taken":["M","M","?","?","?","E","M","E","T","M","M","R","$","M","R","BOSS","M","?","M","M","?","NM"],"build_version":"2019-01-23","purchased_purges":2,"victory":false,"max_hp_per_floor":[80,80,80,80,80,82,82,84,84,84,84,84,84,84,84,84,84,84,87,90,96,101,101],"card_choices":[{"not_picked":["strawberrySpire:Aggression","Pommel Strike"],"picked":"Shrug It Off","floor":1},{"not_picked":["Wild Strike","strawberrySpire:Spite"],"picked":"Uppercut","floor":2},{"not_picked":["strawberrySpire:GettingOverIt","strawberrySpire:DraftPunk","Armaments"],"picked":"Singing Bowl","floor":6},{"not_picked":["Seeing Red","Havoc"],"picked":"Shockwave","floor":7},{"not_picked":["Combust","strawberrySpire:ZonePlayer","Corruption"],"picked":"Singing Bowl","floor":8},{"not_picked":["Rage","strawberrySpire:Spite"],"picked":"Iron Wave","floor":10},{"not_picked":["Second Wind","strawberrySpire:Beatdown"],"picked":"Body Slam","floor":11},{"not_picked":["Spot Weakness","True Grit"],"picked":"Headbutt","floor":14},{"not_picked":["Reaper","Dark Embrace"],"picked":"Feed","floor":16},{"not_picked":["strawberrySpire:ZonePlayer+1","Sever Soul"],"picked":"Dual Wield","floor":18},{"not_picked":["strawberrySpire:ZonePlayer","Feel No Pain"],"picked":"Infernal Blade","floor":19},{"not_picked":["Infernal Blade+1","Warcry+1"],"picked":"Iron Wave","floor":20},{"not_picked":["Thunderclap","Heavy Blade"],"picked":"strawberrySpire:FireDrill+1","floor":21}],"player_experience":135942,"relics_obtained":[{"floor":4,"key":"Bag of Marbles"},{"floor":5,"key":"Letter Opener"},{"floor":6,"key":"Bottled Flame"},{"floor":8,"key":"Unceasing Top"},{"floor":9,"key":"Kunai"}],"event_choices":[{"damage_healed":0,"gold_gain":0,"player_choice":"Success","damage_taken":7,"relics_obtained":["infinitespire:BottledMercury"],"max_hp_gain":0,"max_hp_loss":0,"event_name":"Scrap Ooze","floor":3,"gold_loss":0},{"damage_healed":0,"gold_gain":0,"player_choice":"Shed Blood","damage_taken":24,"max_hp_gain":5,"max_hp_loss":0,"event_name":"Forgotten Altar","floor":22,"gold_loss":0}],"is_beta":false,"boss_relics":[{"not_picked":["Pandora\u0027s Box","Lizard Tail"],"picked":"Empty Cage"}],"items_purged_floors":[0,13],"is_endless":false,"potions_floor_spawned":[6,7,8,14,16,21],"killed_by":"Nightmare","ascension_level":1}