{"gold_per_floor":[115,115,17,35,210,236,251,251,251,278,278,299,317,336,336,465,465,483,497,497],"floor_reached":20,"playtime":1126,"items_purged":[],"score":222,"play_id":"ce2189a3-54a9-431f-a187-bb9ac5f65dea","local_time":"20190213125120","is_ascension_mode":true,"campfire_choices":[{"data":"Dagger Spray","floor":8,"key":"SMITH"},{"data":"Bouncing Flask","floor":15,"key":"SMITH"}],"neow_cost":"NONE","seed_source_timestamp":6364113349536,"circlet_count":0,"master_deck":["Survivor","Neutralize","Dagger Spray+1","Bouncing Flask+1","Quick Slash","Masterful Stab","Doubt","Infinite Blades","Cloak And Dagger","Finisher","Injury","Dodge and Roll","Flying Knee","Catalyst","A Thousand Cuts","Unload","Setup","Underhanded Strike","Envenom","Leg Sweep","Malaise","Dagger Spray","Outmaneuver","Caltrops","Venomology"],"relics":["Ring of the Snake","NeowsBlessing","Meat on the Bone","Gremlin Horn","The Courier","Golden Idol","Pandora\u0027s Box"],"potions_floor_usage":[10,16,18,19,19,20,20],"damage_taken":[{"damage":0,"enemies":"Jaw Worm","floor":1,"turns":1},{"damage":0,"enemies":"2 Louse","floor":4,"turns":1},{"damage":0,"enemies":"Gremlin Nob","floor":6,"turns":1},{"damage":0,"enemies":"Small Slimes","floor":7,"turns":2},{"damage":8,"enemies":"Lagavulin","floor":10,"turns":5},{"damage":7,"enemies":"Blue Slaver","floor":12,"turns":2},{"damage":0,"enemies":"Lots of Slimes","floor":13,"turns":1},{"damage":0,"enemies":"Large Slime","floor":14,"turns":5},{"damage":15,"enemies":"Hexaghost","floor":16,"turns":7},{"damage":29,"enemies":"theJungle:GiantWrat","floor":18,"turns":6},{"damage":16,"enemies":"theJungle:MUSHROOMGANG","floor":19,"turns":4},{"damage":47,"enemies":"theJungle:2_Snecko_Cultists","floor":20,"turns":4}],"seed_played":"-8469952308595700179","potions_obtained":[{"floor":6,"key":"AttackPotion"},{"floor":12,"key":"GamblersBrew"},{"floor":14,"key":"Ancient Potion"},{"floor":16,"key":"Block Potion"},{"floor":18,"key":"PowerPotion"}],"is_trial":false,"path_per_floor":["M","?","$","M","?","E","M","R","T","E","?","M","M","M","R","B",null,"M","M","M"],"character_chosen":"THE_SILENT","items_purchased":["Bouncing Flask","Quick Slash"],"campfire_rested":0,"item_purchase_floors":[3,3],"current_hp_per_floor":[70,56,56,56,56,56,56,56,56,48,48,41,41,41,41,38,70,41,42,0],"gold":497,"neow_bonus":"THREE_ENEMY_KILL","is_prod":false,"is_daily":false,"chose_seed":false,"campfire_upgraded":2,"win_rate":0,"timestamp":1550051480,"path_taken":["M","?","$","M","?","E","M","R","T","E","?","M","?","M","R","BOSS","M","M","?"],"build_version":"2019-02-06","purchased_purges":0,"victory":false,"max_hp_per_floor":[70,70,70,70,70,70,70,70,70,70,70,70,70,70,70,70,70,70,70,70],"card_choices":[{"not_picked":["Quick Slash","Dagger Throw"],"picked":"Dagger Spray","floor":1},{"not_picked":["Flying Knee","Quick Slash"],"picked":"Masterful Stab","floor":4},{"not_picked":["Dagger Throw","Prepared"],"picked":"Infinite Blades","floor":6},{"not_picked":["Deadly Poison","Escape Plan"],"picked":"Cloak And Dagger","floor":7},{"not_picked":["Bane","Escape Plan"],"picked":"Finisher","floor":10},{"not_picked":["Endless Agony","Reflex"],"picked":"Dodge and Roll","floor":12},{"not_picked":["PiercingWail","Dagger Throw"],"picked":"Flying Knee","floor":13},{"not_picked":["Prepared","Acrobatics"],"picked":"Catalyst","floor":14},{"not_picked":["Bullet Time","Die Die Die"],"picked":"A Thousand Cuts","floor":16},{"not_picked":["Dagger Throw","Quick Slash","Prepared"],"picked":"SKIP","floor":18},{"not_picked":["Sucker Punch","Dagger Throw","Bane"],"picked":"SKIP","floor":19}],"player_experience":1142497,"relics_obtained":[{"floor":6,"key":"Meat on the Bone"},{"floor":9,"key":"Gremlin Horn"},{"floor":10,"key":"The Courier"}],"event_choices":[{"damage_healed":0,"gold_gain":0,"player_choice":"Entered Light","damage_taken":14,"max_hp_gain":0,"max_hp_loss":0,"event_name":"Shining Light","floor":2,"gold_loss":0,"cards_upgraded":["Strike_G","Strike_G"]},{"damage_healed":0,"gold_gain":175,"player_choice":"AGREE","damage_taken":0,"max_hp_gain":0,"max_hp_loss":0,"event_name":"Liars Game","floor":5,"gold_loss":0,"cards_obtained":["Doubt"]},{"damage_healed":0,"gold_gain":0,"player_choice":"Take Wound","damage_taken":0,"relics_obtained":["Golden Idol"],"max_hp_gain":0,"max_hp_loss":0,"event_name":"Golden Idol","floor":11,"gold_loss":0,"cards_obtained":["Injury"]}],"is_beta":true,"boss_relics":[{"not_picked":["White Beast Statue","Runic Dome"],"picked":"Pandora\u0027s Box"}],"items_purged_floors":[],"is_endless":false,"potions_floor_spawned":[6,12,14,16,18],"killed_by":"theJungle:2_Snecko_Cultists","ascension_level":1}