{"gold_per_floor":[115,134,154,168,168,198,210,232,270,282,294,341,366,397,409,526,538,567,614,626,654,683,695,735,847,859,891,938,950,962,46,46,143,143,155,377,377,377,428,428,428,428,428,428,444,444,0,10,10,10],"floor_reached":51,"playtime":2681,"items_purged":["Bite"],"score":818,"play_id":"15750668-0375-4f0a-961a-d24d8c5f797b","local_time":"20180910142843","is_ascension_mode":false,"campfire_choices":[{"data":"Glass Knife","floor":7,"key":"SMITH"},{"data":"Dash","floor":10,"key":"SMITH"},{"data":"Dash","floor":15,"key":"SMITH"},{"data":"Predator","floor":23,"key":"SMITH"},{"floor":29,"key":"REST"},{"data":"Glass Knife","floor":32,"key":"SMITH"},{"data":"Chrysalis","floor":40,"key":"SMITH"},{"data":"1","floor":42,"key":"LIFT"},{"data":"2","floor":44,"key":"LIFT"},{"data":"3","floor":46,"key":"LIFT"},{"data":"Glass Knife","floor":49,"key":"SMITH"}],"neow_cost":"TEN_PERCENT_HP_LOSS","seed_source_timestamp":445293265465902,"circlet_count":0,"master_deck":["Defend_G+1","Defend_G","Defend_G","Defend_G","Defend_G","Survivor","Neutralize","Glass Knife+1","Dash+1","Poisoned Stab","Cloak And Dagger","Bane+1","All Out Attack","Masterful Stab","Die Die Die","Dash","Dash+1","Corpse Explosion","Escape Plan","Catalyst+1","Dash","Caltrops+1","Predator+1","Glass Knife+1","Blur+1","Cloak And Dagger","Terror","Bite","Bite","Bite","Bite","Well Laid Plans","Glass Knife+1","Swift Strike","Mayhem","Bandage Up","Chrysalis+1","Apotheosis","Distraction","Footwork+1"],"relics":["Ring of the Snake","MawBank","Smiling Mask","Happy Flower","Runic Dome","Red Mask","Anchor","WingedGreaves","Sundial","Singing Bowl","Bag of Marbles","PreservedInsect","Centennial Puzzle","HandDrill","Sozu","FossilizedHelix","Girya","Bottled Tornado","Toolbox"],"potions_floor_usage":[6,12,12,19,24,25,25,33,33,33,50],"damage_taken":[{"damage":0,"enemies":"Cultist","floor":1,"turns":2},{"damage":0,"enemies":"Jaw Worm","floor":2,"turns":3},{"damage":0,"enemies":"2 Louse","floor":3,"turns":2},{"damage":0,"enemies":"2 Fungi Beasts","floor":4,"turns":3},{"damage":1,"enemies":"3 Sentries","floor":6,"turns":6},{"damage":0,"enemies":"Blue Slaver","floor":8,"turns":2},{"damage":12,"enemies":"Lagavulin","floor":12,"turns":4},{"damage":0,"enemies":"3 Louse","floor":13,"turns":1},{"damage":0,"enemies":"2 Fungi Beasts","floor":14,"turns":2},{"damage":12,"enemies":"Hexaghost","floor":16,"turns":10},{"damage":4,"enemies":"Shell Parasite","floor":18,"turns":3},{"damage":12,"enemies":"Masked Bandits","floor":19,"turns":4},{"damage":0,"enemies":"Spheric Guardian","floor":21,"turns":3},{"damage":0,"enemies":"3 Cultists","floor":22,"turns":4},{"damage":2,"enemies":"Slavers","floor":24,"turns":5},{"damage":0,"enemies":"Colosseum Slavers","floor":25,"turns":2},{"damage":0,"enemies":"Colosseum Nobs","floor":25,"turns":2},{"damage":0,"enemies":"Shelled Parasite and Fungi","floor":27,"turns":3},{"damage":35,"enemies":"Gremlin Leader","floor":28,"turns":6},{"damage":14,"enemies":"Collector","floor":33,"turns":5},{"damage":0,"enemies":"3 Shapes","floor":35,"turns":2},{"damage":0,"enemies":"Mysterious Sphere","floor":39,"turns":2},{"damage":16,"enemies":"Mind Bloom Boss Battle","floor":41,"turns":6},{"damage":0,"enemies":"Orb Walker","floor":45,"turns":3},{"damage":0,"enemies":"3 Darklings","floor":48,"turns":2},{"damage":17,"enemies":"Time Eater","floor":50,"turns":9}],"seed_played":"4438148932479586019","potions_obtained":[{"floor":1,"key":"SteroidPotion"},{"floor":2,"key":"Explosive Potion"},{"floor":6,"key":"SpeedPotion"},{"floor":16,"key":"SkillPotion"},{"floor":19,"key":"SteroidPotion"},{"floor":22,"key":"Regen Potion"},{"floor":24,"key":"GamblersBrew"},{"floor":28,"key":"Strength Potion"},{"floor":33,"key":"Energy Potion"}],"is_trial":false,"path_per_floor":["M","M","M","M","?","E","R","M","T","R","?","E","M","M","R","B",null,"M","?","?","M","M","R","E","?","T","M","E","R","?","$","R","B",null,"M","?","?","?","?","R","?","R","T","R","M","R","$","M","R","B"],"character_chosen":"THE_SILENT","items_purchased":["PreservedInsect","Centennial Puzzle","HandDrill","Well Laid Plans","Glass Knife","AttackPotion","EssenceOfSteel","Swift Strike","Apotheosis","Toolbox","Distraction"],"campfire_rested":1,"item_purchase_floors":[31,31,31,31,31,31,31,31,47,47,47],"current_hp_per_floor":[63,63,63,63,50,49,49,49,49,49,54,42,42,42,42,30,68,64,52,52,52,52,52,50,55,55,55,20,40,40,40,40,28,49,51,51,41,41,45,45,36,36,36,36,44,44,44,50,50,40],"gold":10,"neow_bonus":"THREE_RARE_CARDS","is_prod":false,"is_daily":false,"chose_seed":false,"campfire_upgraded":7,"win_rate":0,"timestamp":1536578923,"path_taken":["M","M","M","M","?","E","R","M","T","R","?","E","M","M","R","BOSS","M","?","?","M","M","R","E","?","T","?","E","R","?","$","R","BOSS","M","?","?","?","?","R","?","R","T","R","?","R","?","M","R","BOSS"],"build_version":"2018-09-06","purchased_purges":1,"victory":true,"max_hp_per_floor":[63,63,63,63,63,63,63,63,63,63,68,68,68,68,68,68,68,68,68,68,68,68,68,68,68,68,68,68,68,47,47,47,49,49,51,51,51,48,50,50,52,52,52,52,54,54,54,54,54,54],"card_choices":[{"not_picked":["Malaise","Bullet Time"],"picked":"Glass Knife","floor":0},{"not_picked":["All Out Attack","Expertise"],"picked":"Dash","floor":1},{"not_picked":["Deadly Poison","Underhanded Strike"],"picked":"Poisoned Stab","floor":2},{"not_picked":["Caltrops","Acrobatics"],"picked":"Cloak And Dagger","floor":3},{"not_picked":["Finisher","Caltrops"],"picked":"Bane","floor":4},{"not_picked":["Finisher","Bane"],"picked":"All Out Attack","floor":6},{"not_picked":["Bane","Slice"],"picked":"Masterful Stab","floor":8},{"not_picked":["Poisoned Stab","Tools of the Trade"],"picked":"Die Die Die","floor":12},{"not_picked":["Acrobatics","Poisoned Stab"],"picked":"Dash","floor":13},{"not_picked":["Poisoned Stab","Accuracy"],"picked":"Dash","floor":14},{"not_picked":["Night Terror","Doppelganger"],"picked":"Corpse Explosion","floor":16},{"not_picked":["PiercingWail","Bane"],"picked":"Escape Plan","floor":18},{"not_picked":["Bane+1","Deadly Poison"],"picked":"Catalyst+1","floor":19},{"not_picked":["Slice","Deadly Poison"],"picked":"Caltrops+1","floor":21},{"not_picked":["Quick Slash","Dagger Spray+1"],"picked":"Predator","floor":22},{"not_picked":["Sucker Punch+1","Poisoned Stab+1"],"picked":"Glass Knife","floor":24},{"not_picked":["Flying Knee","Dodge and Roll"],"picked":"Blur+1","floor":25},{"not_picked":["Deadly Poison","Flying Knee"],"picked":"Cloak And Dagger","floor":27},{"not_picked":["Finisher","Night Terror"],"picked":"Terror","floor":28},{"not_picked":["Wraith Form v2","A Thousand Cuts","Corpse Explosion"],"picked":"Singing Bowl","floor":33},{"not_picked":["Escape Plan+1","Dagger Spray+1","Quick Slash+1"],"picked":"Singing Bowl","floor":35},{"not_picked":["Finesse","Secret Technique"],"picked":"Mayhem","floor":37},{"not_picked":["PanicButton","Forethought"],"picked":"Bandage Up","floor":37},{"not_picked":["Jack Of All Trades","Dramatic Entrance"],"picked":"Chrysalis","floor":37},{"not_picked":["Cloak And Dagger+1","Caltrops","Sucker Punch+1"],"picked":"Singing Bowl","floor":39},{"not_picked":["Reflex+1","Riddle With Holes","Backflip"],"picked":"Singing Bowl","floor":41},{"not_picked":["Underhanded Strike","Outmaneuver","Acrobatics"],"picked":"Singing Bowl","floor":45},{"not_picked":["Skewer","Deflect"],"picked":"Footwork+1","floor":48}],"player_experience":685571,"relics_obtained":[{"floor":6,"key":"MawBank"},{"floor":9,"key":"Smiling Mask"},{"floor":12,"key":"Happy Flower"},{"floor":19,"key":"Red Mask"},{"floor":24,"key":"Anchor"},{"floor":25,"key":"WingedGreaves"},{"floor":25,"key":"Sundial"},{"floor":26,"key":"Singing Bowl"},{"floor":28,"key":"Bag of Marbles"},{"floor":39,"key":"FossilizedHelix"},{"floor":41,"key":"Girya"},{"floor":43,"key":"Bottled Tornado"}],"event_choices":[{"event_name":"Shining Light","player_choice":"Entered Light","floor":5,"damage_taken":0},{"event_name":"Big Fish","player_choice":"Donut","floor":11,"damage_taken":0},{"event_name":"Masked Bandits","player_choice":"Fought Bandits","floor":19,"damage_taken":0},{"event_name":"The Library","player_choice":"Read","floor":20,"damage_taken":0},{"event_name":"Colosseum","player_choice":"Fight","floor":25,"damage_taken":0},{"event_name":"Colosseum","player_choice":"Fought Nobs","floor":25,"damage_taken":0},{"event_name":"Vampires","player_choice":"Became a vampire","floor":30,"damage_taken":0},{"event_name":"Tomb of Lord Red Mask","player_choice":"Wore Mask","floor":36,"damage_taken":0},{"event_name":"SensoryStone","player_choice":"Memory 3","floor":37,"damage_taken":0},{"event_name":"Winding Halls","player_choice":"Max HP","floor":38,"damage_taken":0},{"event_name":"Mysterious Sphere","player_choice":"Fight","floor":39,"damage_taken":0},{"event_name":"MindBloom","player_choice":"Fight","floor":41,"damage_taken":0}],"is_beta":true,"boss_relics":[{"not_picked":["Calling Bell","Ring of the Serpent"],"picked":"Runic Dome"},{"not_picked":["Orrery","Fusion Hammer"],"picked":"Sozu"}],"items_purged_floors":[31],"is_endless":false,"potions_floor_spawned":[1,2,6,16,19,22,24,28,33,35,41,48],"ascension_level":0}