{"gold_per_floor":[117,136,154,169,187,220,238,238,238,238,255,255,287,312,312,408,408,423,440,355,14,25,25,39,39,63,63,78,3,20,32,32,132,432,445,464,12,12],"floor_reached":38,"playtime":3081,"items_purged":["Strike_G","Pain"],"score":417,"play_id":"2183286c-6749-4325-9ed1-48adffbfa782","local_time":"20180811090814","is_ascension_mode":false,"campfire_choices":[{"data":"Neutralize","floor":8,"key":"SMITH"},{"data":"Predator","floor":10,"key":"SMITH"},{"data":"Backstab","floor":12,"key":"SMITH"},{"floor":15,"key":"REST"},{"data":"Bullet Time","floor":23,"key":"SMITH"},{"data":"Prepared","floor":25,"key":"SMITH"},{"data":"Footwork","floor":32,"key":"SMITH"}],"neow_cost":"NONE","seed_source_timestamp":130358651544954,"circlet_count":0,"master_deck":["Defend_G+1","Defend_G","Defend_G","Defend_G","Defend_G","Strike_G","Strike_G","Strike_G","Strike_G","Survivor","Neutralize+1","Sucker Punch","Quick Slash","Dagger Throw","Footwork","Predator+1","Backflip","Footwork+1","Backstab+1","All Out Attack","Prepared+1","Bullet Time+1","Cloak And Dagger","Cloak And Dagger+1","Sadistic Nature","PiercingWail+1","Sucker Punch","Dodge and Roll","After Image","Prepared+1","Glass Knife","Regret","Shame","Slice+1","Mayhem"],"relics":["Ring of the Serpent","Bottled Flame","Gremlin Horn","Bronze Scales","Odd Mushroom","Ninja Scroll","Bag of Preparation","Boot","CultistMask","Calling Bell","Anchor","Meat on the Bone","Old Coin","War Paint"],"potions_floor_usage":[5,13,13,16,18,33,36,38,38],"damage_taken":[{"damage":0,"enemies":"2 Louse","floor":1,"turns":2},{"damage":0,"enemies":"Jaw Worm","floor":2,"turns":5},{"damage":0,"enemies":"Cultist","floor":3,"turns":3},{"damage":0,"enemies":"Exordium Thugs","floor":4,"turns":4},{"damage":10,"enemies":"Lots of Slimes","floor":5,"turns":4},{"damage":21,"enemies":"Gremlin Nob","floor":6,"turns":5},{"damage":4,"enemies":"Blue Slaver","floor":7,"turns":5},{"damage":0,"enemies":"3 Louse","floor":11,"turns":3},{"damage":21,"enemies":"Lagavulin","floor":13,"turns":4},{"damage":0,"floor":14,"turns":2},{"damage":14,"enemies":"Slime Boss","floor":16,"turns":14},{"damage":14,"enemies":"2 Thieves","floor":18,"turns":4},{"damage":10,"enemies":"Spheric Guardian","floor":19,"turns":3},{"damage":6,"enemies":"Chosen and Byrds","floor":22,"turns":6},{"damage":4,"enemies":"Cultist and Chosen","floor":24,"turns":7},{"damage":1,"enemies":"Snake Plant","floor":28,"turns":2},{"damage":0,"enemies":"3 Cultists","floor":30,"turns":5},{"damage":0,"enemies":"Snecko","floor":31,"turns":4},{"damage":12,"enemies":"Automaton","floor":33,"turns":18},{"damage":7,"enemies":"Orb Walker","floor":35,"turns":4},{"damage":13,"enemies":"3 Darklings","floor":36,"turns":7},{"damage":51,"enemies":"Transient","floor":38,"turns":4}],"seed_played":"475298483888943257","potions_obtained":[{"floor":3,"key":"Fire Potion"},{"floor":5,"key":"Ancient Potion"},{"floor":6,"key":"Poison Potion"},{"floor":11,"key":"Swift Potion"},{"floor":13,"key":"GamblersBrew"},{"floor":14,"key":"Energy Potion"},{"floor":16,"key":"Swift Potion"},{"floor":19,"key":"GhostInAJar"},{"floor":24,"key":"SkillPotion"},{"floor":33,"key":"Dexterity Potion"},{"floor":35,"key":"Strength Potion"},{"floor":36,"key":"Poison Potion"}],"is_trial":false,"path_per_floor":["M","M","M","M","M","E","M","R","T","R","M","R","E","?","R","B",null,"M","M","?","$","M","R","M","R","T","?","M","$","M","M","R","B",null,"M","M","$"],"character_chosen":"THE_SILENT","items_purchased":["Sadistic Nature","Bag of Preparation","War Paint","Mayhem"],"campfire_rested":1,"item_purchase_floors":[21,21,37,37],"current_hp_per_floor":[70,70,70,70,60,39,35,35,35,35,35,35,14,14,35,21,70,56,46,46,46,40,40,36,36,36,36,35,35,35,35,35,23,70,63,50,50,0],"gold":12,"neow_bonus":"THREE_CARDS","is_prod":false,"is_daily":false,"chose_seed":false,"campfire_upgraded":6,"win_rate":0,"timestamp":1533967694,"path_taken":["M","M","M","M","M","E","M","R","T","R","M","R","E","?","R","BOSS","M","?","?","$","M","R","M","R","T","?","M","?","M","M","R","BOSS","M","?","$","M"],"build_version":"2018-08-08","purchased_purges":2,"victory":false,"max_hp_per_floor":[70,70,70,70,70,70,70,70,70,70,70,70,70,70,70,70,70,70,70,70,70,70,70,70,70,70,70,70,70,70,70,70,70,70,70,70,70,70],"card_choices":[{"not_picked":["Underhanded Strike","Blur"],"picked":"Sucker Punch","floor":0},{"not_picked":["Poisoned Stab","Bane"],"picked":"Quick Slash","floor":1},{"not_picked":["Blade Dance","Expertise"],"picked":"Dagger Throw","floor":2},{"not_picked":["After Image","Concentrate"],"picked":"Footwork","floor":3},{"not_picked":["Catalyst","Bane"],"picked":"Predator","floor":4},{"not_picked":["Deadly Poison","Blur"],"picked":"Backflip","floor":5},{"not_picked":["Dagger Throw","Accuracy"],"picked":"Footwork","floor":6},{"not_picked":["Deflect","Quick Slash"],"picked":"Backstab","floor":7},{"not_picked":["Bane","Setup"],"picked":"All Out Attack","floor":11},{"not_picked":["Underhanded Strike","Concentrate"],"picked":"Prepared","floor":13},{"not_picked":["Venomology","Doppelganger"],"picked":"Bullet Time","floor":16},{"not_picked":["Sucker Punch","Outmaneuver"],"picked":"Cloak And Dagger","floor":18},{"not_picked":["All Out Attack","Choke"],"picked":"Cloak And Dagger+1","floor":19},{"not_picked":["Underhanded Strike","Acrobatics+1"],"picked":"PiercingWail","floor":22},{"not_picked":["Poisoned Stab","Bouncing Flask"],"picked":"Sucker Punch","floor":24},{"not_picked":["Underhanded Strike","Dagger Throw"],"picked":"Dodge and Roll","floor":28},{"not_picked":["Dagger Throw","Outmaneuver"],"picked":"After Image","floor":30},{"not_picked":["Dagger Throw","Endless Agony+1"],"picked":"Prepared+1","floor":31},{"not_picked":["Tools of the Trade","Night Terror"],"picked":"Glass Knife","floor":33},{"not_picked":["Deadly Poison+1","Concentrate"],"picked":"Slice+1","floor":35},{"not_picked":["Finisher","Dagger Throw","Reflex"],"picked":"SKIP","floor":36}],"player_experience":614749,"relics_obtained":[{"floor":6,"key":"Bottled Flame"},{"floor":9,"key":"Gremlin Horn"},{"floor":13,"key":"Bronze Scales"},{"floor":14,"key":"Odd Mushroom"},{"floor":26,"key":"Boot"},{"floor":34,"key":"Anchor"},{"floor":34,"key":"Meat on the Bone"},{"floor":34,"key":"Old Coin"}],"event_choices":[{"event_name":"Mushrooms","player_choice":"Fought Mushrooms","floor":14,"damage_taken":0},{"event_name":"Addict","player_choice":"Obtained Relic","floor":20,"damage_taken":0},{"event_name":"FaceTrader","player_choice":"Trade","floor":27,"damage_taken":0}],"is_beta":true,"boss_relics":[{"not_picked":["White Beast Statue","Snecko Eye"],"picked":"Ring of the Serpent"},{"not_picked":["Runic Pyramid","Lizard Tail"],"picked":"Calling Bell"}],"items_purged_floors":[29,37],"is_endless":false,"potions_floor_spawned":[3,5,6,11,13,14,16,19,24,28,33,35,36],"killed_by":"Transient","ascension_level":0}