{"path_per_floor":["M","M","?","M","$","E","R","M","T","E","M","?","M","M","R","B",null,"M","?","?","?","?","E","R","E","T","?","M","M","R","M","R","B",null,"M","?","M","?","M","R","T","$","T","$","M","R","M","M","R"],"character_chosen":"IRONCLAD","items_purchased":["Demon Form","Double Tap","Meat on the Bone","Reaper"],"gold_per_floor":[114,133,308,326,22,57,57,67,92,119,138,138,151,170,170,268,268,286,286,286,186,214,240,240,274,274,274,293,311,311,323,323,420,420,439,439,450,410,422,422,422,11,41,41,53,53,65,83,83,83],"floor_reached":50,"campfire_rested":1,"playtime":3431,"current_hp_per_floor":[83,77,77,86,86,62,62,61,61,38,25,5,10,13,45,39,110,101,101,77,77,63,53,53,60,60,60,72,80,80,57,57,34,87,91,80,76,76,54,54,54,54,54,54,66,66,82,83,83,0],"items_purged":["Doubt","Regret"],"gold":83,"score":620,"play_id":"ff4aee9d-fd88-43e1-9e3f-70f6d77ac326","local_time":"20180320123546","is_prod":false,"is_daily":false,"is_ascension_mode":false,"campfire_upgraded":7,"timestamp":1521538546,"path_taken":["M","M","?","M","$","E","R","M","T","E","?","?","?","M","R","BOSS","M","?","?","?","?","E","R","E","T","?","M","?","R","M","R","BOSS","M","?","?","?","M","R","?","?","T","$","M","R","?","M","R","BOSS"],"build_version":"2018-03-19","purchased_purges":2,"victory":false,"master_deck":["Defend_R","Defend_R","Defend_R","Defend_R","Bash","Feed+1","Rampage+1","Shrug It Off+1","Dropkick","Demon Form+1","Double Tap+1","Flame Barrier","True Grit+1","Feel No Pain","Thunderclap","Burning Pact","Offering+1","Bite","Bite","Bite","Bite","J.A.X.","Ghostly Armor","Heavy Blade+1","Battle Trance+1","Blood for Blood","Demon Form+1","Heavy Blade+1","Madness","Madness","Reaper","Doubt","Disarm","Flame Barrier+1","Seeing Red+1"],"max_hp_per_floor":[83,86,86,89,89,92,92,95,95,98,101,101,104,107,107,110,110,110,110,77,77,80,80,80,80,80,80,80,80,80,83,83,87,87,91,91,91,91,95,95,95,95,95,95,99,99,99,103,103,103],"relics":["Burning Blood","Toolbox","Happy Flower","Pen Nib","Snecko Eye","Red Mask","Bottled Tornado","Mercury Hourglass","Unceasing Top","Cursed Key","Prayer Wheel","Meat on the Bone","Tiny Chest"],"card_choices":[{"not_picked":["Bludgeon","Sentinel"],"picked":"Rampage","floor":1},{"not_picked":["Sword Boomerang","Second Wind"],"picked":"Shrug It Off","floor":2},{"not_picked":["Thunderclap","Flex"],"picked":"Dropkick","floor":4},{"not_picked":["Combust","Flex"],"picked":"Flame Barrier","floor":6},{"not_picked":["Perfected Strike","Armaments"],"picked":"True Grit","floor":10},{"not_picked":["Twin Strike","Flex"],"picked":"Feel No Pain","floor":11},{"not_picked":["True Grit","Infernal Blade"],"picked":"Thunderclap","floor":13},{"not_picked":["Shrug It Off","True Grit"],"picked":"Burning Pact","floor":14},{"not_picked":["Immolate","Dark Embrace"],"picked":"Offering","floor":16},{"not_picked":["Perfected Strike","Entrench"],"picked":"Ghostly Armor","floor":22},{"not_picked":["Whirlwind","Power Through"],"picked":"Heavy Blade","floor":23},{"not_picked":["Fiend Fire","Sentinel"],"picked":"Battle Trance","floor":25},{"not_picked":["Dropkick","Searing Blow"],"picked":"Blood for Blood","floor":29},{"not_picked":["Dark Embrace","Feed"],"picked":"Demon Form","floor":33},{"not_picked":["Rage","Blood for Blood"],"picked":"Heavy Blade","floor":35},{"not_picked":["Iron Wave","Evolve"],"picked":"Disarm","floor":43},{"not_picked":["Fire Breathing","Twin Strike"],"picked":"Flame Barrier","floor":45},{"not_picked":["Twin Strike","Flex"],"picked":"Seeing Red","floor":48}],"player_experience":288838,"potions_floor_usage":[13,13,13,22,33,33,50,50,50],"damage_taken":[{"damage":1,"enemies":"Cultist","floor":1,"turns":4},{"damage":15,"enemies":"Jaw Worm","floor":2,"turns":5},{"damage":0,"enemies":"Small Slimes","floor":4,"turns":3},{"damage":33,"enemies":"Lagavulin","floor":6,"turns":7},{"damage":10,"enemies":"Blue Slaver","floor":8,"turns":3},{"damage":32,"enemies":"3 Sentries","floor":10,"turns":7},{"damage":22,"enemies":"3 Louse","floor":11,"turns":3},{"damage":4,"enemies":"Gremlin Gang","floor":13,"turns":4},{"damage":6,"enemies":"Exordium Wildlife","floor":14,"turns":3},{"damage":15,"enemies":"The Guardian","floor":16,"turns":9},{"damage":15,"enemies":"3 Byrds","floor":18,"turns":4},{"damage":33,"enemies":"Masked Bandits","floor":22,"turns":4},{"damage":30,"enemies":"Book of Stabbing","floor":23,"turns":4},{"damage":7,"enemies":"Gremlin Leader","floor":25,"turns":3},{"damage":0,"enemies":"Spheric Guardian","floor":28,"turns":3},{"damage":4,"enemies":"Chosen and Byrds","floor":29,"turns":3},{"damage":34,"enemies":"Slaver and Parasite","floor":31,"turns":4},{"damage":58,"enemies":"Collector","floor":33,"turns":7},{"damage":6,"enemies":"3 Shapes","floor":35,"turns":4},{"damage":14,"enemies":"Flame Bruiser 1 Orb","floor":37,"turns":4},{"damage":36,"enemies":"Spire Growth","floor":39,"turns":4},{"damage":4,"enemies":"Sphere and 2 Shapes","floor":45,"turns":3},{"damage":27,"enemies":"Flame Bruiser 2 Orb","floor":47,"turns":5},{"damage":13,"enemies":"4 Shapes","floor":48,"turns":4},{"damage":120,"enemies":"Awakened One","floor":50,"turns":8}],"event_choices":[{"event_name":"Liars Game","player_choice":"agreed","floor":3,"damage_taken":0},{"event_name":"Shining Light","player_choice":"Entered Light","floor":12,"damage_taken":0},{"event_name":"Upgrade Shrine","player_choice":"Upgraded","floor":19,"damage_taken":0},{"event_name":"Vampires","player_choice":"Became a vampire","floor":20,"damage_taken":0},{"event_name":"Drug Dealer","player_choice":"Got JAXXED","floor":21,"damage_taken":0},{"event_name":"Masked Bandits","player_choice":"Fought over 186 gold","floor":22,"damage_taken":0},{"event_name":"Purifier","player_choice":"One Purge","floor":27,"damage_taken":0},{"event_name":"Winding Halls","player_choice":"Embrace Madness","floor":36,"damage_taken":0},{"event_name":"The Woman in Blue","player_choice":"Bought 3 Potions","floor":38,"damage_taken":0}],"boss_relics":[{"not_picked":["Orrery","Lizard Tail"],"picked":"Snecko Eye"},{"not_picked":["Sozu","Black Blood"],"picked":"Cursed Key"}],"potions_floor_spawned":[1,2,4,11,14,16,23,25,29,31,37,45,47],"seed_played":"-5138672818629355275","killed_by":"Awakened One","ascension_level":0,"is_trial":false}