{"gold_per_floor":[115,127,127,19,39,64,64,98,145,177,191,191,191,212,212,342,342,360,360,360,374,399,399,433,457,457,457,29,48,91,106,106,234,234,257,271,19,19,19,19,57,57,57,91,18,18,18,39,39,39,39,39,0,40,40],"floor_reached":55,"playtime":3289,"items_purged":["Clumsy"],"score":900,"play_id":"804a161e-b21e-47a0-a2b6-b174db7ab4af","local_time":"20190124212251","is_ascension_mode":true,"campfire_choices":[{"data":"Consume","floor":7,"key":"SMITH"},{"data":"Loop","floor":13,"key":"SMITH"},{"floor":15,"key":"REST"},{"data":"Hologram","floor":23,"key":"SMITH"},{"data":"strawberrySpire:AnotherWinter","floor":27,"key":"SMITH"},{"data":"Loop","floor":32,"key":"SMITH"},{"data":"Defragment","floor":40,"key":"SMITH"},{"data":"Zap","floor":42,"key":"SMITH"},{"floor":46,"key":"REST"},{"floor":49,"key":"RECALL"},{"data":"FTL","floor":52,"key":"SMITH"}],"neow_cost":"NONE","seed_source_timestamp":171242131178832,"circlet_count":0,"master_deck":["Strike_B","Defend_B","Defend_B","Defend_B","Defend_B","Zap+1","Dualcast","Go for the Eyes","Cold Snap","Loop+1","Consume+1","Conserve Battery","strawberrySpire:AnotherWinter+1","Double Energy","Gash","strawberrySpire:Disconnect","Hologram+1","Electrodynamics","Leap","Undo","Turbo","Defragment+1","strawberrySpire:Compressor+1","Ball Lightning+1","Loop+1","Glacier","Self Repair+1","strawberrySpire:Ronchyble+1","FTL+1","Glacier+1","strawberrySpire:Gammacceleration","Doubt","Static Discharge+1","Clumsy","Coolheaded+1","Capacitor","Stack+1"],"relics":["Cracked Core","NeowsBlessing","Ornamental Fan","Happy Flower","DataDisk","strawberrySpire:ElefentMask","Golden Idol","Cursed Key","theJungle:BirthdayCake","strawberrySpire:CharschorBlot","Pen Nib","Potion Belt","Medical Kit","Letter Opener","strawberrySpire:RottenAvocado","Chemical X","Centennial Puzzle","Kunai","Cables","Bottled Lightning"],"potions_floor_usage":[22,25,33,44,48,54,55,55,55],"damage_taken":[{"damage":0,"enemies":"Small Slimes","floor":1,"turns":1},{"damage":0,"enemies":"Cultist","floor":2,"turns":1},{"damage":0,"enemies":"Jaw Worm","floor":5,"turns":1},{"damage":23,"enemies":"Lagavulin","floor":6,"turns":9},{"damage":13,"enemies":"Gremlin Nob","floor":8,"turns":8},{"damage":0,"enemies":"Lagavulin","floor":10,"turns":9},{"damage":4,"enemies":"Blue Slaver","floor":11,"turns":4},{"damage":4,"enemies":"Exordium Wildlife","floor":14,"turns":3},{"damage":8,"enemies":"Slime Boss","floor":16,"turns":13},{"damage":0,"enemies":"theJungle:Flameango_and_Byrd","floor":18,"turns":4},{"damage":4,"enemies":"theJungle:MUSHROOMGANG","floor":21,"turns":2},{"damage":5,"enemies":"theJungle:2_Flameangoes","floor":22,"turns":5},{"damage":0,"enemies":"theJungle:Cassacara","floor":24,"turns":6},{"damage":3,"enemies":"theJungle:SlimyTreeVines","floor":25,"turns":11},{"damage":20,"enemies":"theJungle:2_Snecko_Cultists","floor":29,"turns":4},{"damage":0,"enemies":"theJungle:MamaSnecko","floor":30,"turns":9},{"damage":14,"enemies":"theJungle:Lyon","floor":31,"turns":3},{"damage":4,"enemies":"theJungle:FunGuy","floor":33,"turns":13},{"damage":0,"enemies":"3 Shapes","floor":35,"turns":3},{"damage":28,"enemies":"3 Darklings","floor":36,"turns":5},{"damage":66,"enemies":"strawberrySpire:EssenceStones","floor":41,"turns":4},{"damage":0,"enemies":"Reptomancer","floor":44,"turns":5},{"damage":3,"enemies":"Transient","floor":48,"turns":5},{"damage":11,"enemies":"Time Eater","floor":50,"turns":12},{"damage":28,"enemies":"Shield and Spear","floor":54,"turns":5},{"damage":74,"enemies":"The Heart","floor":55,"turns":3}],"seed_played":"1969235498339497480","potions_obtained":[{"floor":2,"key":"Dexterity Potion"},{"floor":6,"key":"LiquidBronze"},{"floor":8,"key":"Swift Potion"},{"floor":18,"key":"AttackPotion"},{"floor":24,"key":"Block Potion"},{"floor":30,"key":"SkillPotion"},{"floor":44,"key":"Poison Potion"},{"floor":48,"key":"Block Potion"}],"is_trial":false,"path_per_floor":["M","M","?","$","M","E","R","E","T","E","M","?","R","M","R","B",null,"M","?","?","M","M","R","E","M","T","R","$","M","E","M","R","B",null,"M","M","$","?","$","R","E","R","T","E","$","R","T","M","R","B",null,"R","$","E","B"],"character_chosen":"DEFECT","items_purchased":["Loop","Consume","Potion Belt","Medical Kit","Chemical X","PowerPotion","FocusPotion","Capacitor"],"campfire_rested":2,"item_purchase_floors":[4,4,28,28,37,37,45,53],"current_hp_per_floor":[75,75,75,75,75,52,52,39,39,39,35,17,17,13,35,27,75,75,95,95,91,86,86,86,89,89,89,89,69,69,55,55,61,95,94,75,75,75,75,75,19,19,19,19,19,43,43,50,50,49,78,77,76,57,0],"gold":40,"neow_bonus":"THREE_ENEMY_KILL","is_prod":false,"is_daily":false,"chose_seed":false,"campfire_upgraded":8,"win_rate":0,"timestamp":1548354171,"path_taken":["M","M","?","$","?","E","R","E","T","E","M","?","R","M","R","BOSS","M","?","?","?","M","R","E","M","T","R","$","M","E","M","R","BOSS","M","M","$","?","?","R","E","R","T","E","$","R","?","M","R","BOSS","R","$","E","BOSS"],"build_version":"2019-01-23","purchased_purges":1,"victory":false,"max_hp_per_floor":[75,75,75,75,75,75,75,75,75,75,75,75,75,75,75,75,75,75,95,95,95,95,95,95,95,95,95,95,95,95,95,95,95,95,94,93,92,91,90,89,88,87,86,85,84,83,82,81,80,79,78,77,76,75,74],"card_choices":[{"not_picked":["Streamline","Coolheaded"],"picked":"Go for the Eyes","floor":1},{"not_picked":["strawberrySpire:GearCrunch","Gash"],"picked":"Cold Snap","floor":2},{"not_picked":["strawberrySpire:Adapter","Blizzard"],"picked":"Conserve Battery","floor":5},{"not_picked":["Steam","Chaos"],"picked":"strawberrySpire:AnotherWinter","floor":6},{"not_picked":["Reprogram","strawberrySpire:BreederCore"],"picked":"Double Energy","floor":8},{"not_picked":["Machine Learning","Sweeping Beam"],"picked":"Gash","floor":10},{"not_picked":["Scrape","FTL"],"picked":"strawberrySpire:Disconnect","floor":11},{"not_picked":["Conserve Battery","Reinforced Body"],"picked":"Hologram","floor":14},{"not_picked":["Multi-Cast","Thunder Strike"],"picked":"Electrodynamics","floor":16},{"not_picked":["strawberrySpire:BreederCore","strawberrySpire:ReturnNull"],"picked":"Leap","floor":18},{"not_picked":["strawberrySpire:FocalLaser","Tempest+1"],"picked":"Undo","floor":21},{"not_picked":["strawberrySpire:NeonFlight","strawberrySpire:DataDump"],"picked":"Turbo","floor":22},{"not_picked":["Rip and Tear","Conserve Battery+1"],"picked":"Defragment","floor":24},{"not_picked":["Conserve Battery","strawberrySpire:Disconnect"],"picked":"Ball Lightning+1","floor":25},{"not_picked":["Chaos+1","Redo"],"picked":"Loop","floor":29},{"not_picked":["Coolheaded","Cold Snap"],"picked":"Glacier","floor":30},{"not_picked":["strawberrySpire:NeonFlight","Reprogram+1"],"picked":"Self Repair+1","floor":31},{"not_picked":["strawberrySpire:Refactor","Core Surge"],"picked":"strawberrySpire:Ronchyble","floor":33},{"not_picked":["Streamline","Conserve Battery"],"picked":"FTL","floor":35},{"not_picked":["Recycle+1","Steam"],"picked":"Glacier+1","floor":36},{"not_picked":["strawberrySpire:DataDump","Genetic Algorithm+1"],"picked":"strawberrySpire:Gammacceleration","floor":41},{"not_picked":["strawberrySpire:Disconnect","Hologram"],"picked":"Static Discharge+1","floor":44},{"not_picked":["Fusion","Streamline"],"picked":"Coolheaded+1","floor":48},{"not_picked":["Hello World+1","Go for the Eyes"],"picked":"Stack+1","floor":54}],"player_experience":1093062,"relics_obtained":[{"floor":6,"key":"Ornamental Fan"},{"floor":8,"key":"Happy Flower"},{"floor":9,"key":"DataDisk"},{"floor":10,"key":"strawberrySpire:ElefentMask"},{"floor":24,"key":"strawberrySpire:CharschorBlot"},{"floor":26,"key":"Pen Nib"},{"floor":30,"key":"Letter Opener"},{"floor":41,"key":"Centennial Puzzle"},{"floor":43,"key":"Kunai"},{"floor":44,"key":"Cables"},{"floor":54,"key":"Bottled Lightning"}],"event_choices":[{"cards_removed":["Strike_B"],"damage_healed":0,"gold_gain":0,"player_choice":"Purged","damage_taken":0,"max_hp_gain":0,"max_hp_loss":0,"event_name":"Purifier","floor":3,"gold_loss":0},{"damage_healed":0,"gold_gain":0,"player_choice":"Take Damage","damage_taken":18,"relics_obtained":["Golden Idol"],"max_hp_gain":0,"max_hp_loss":0,"event_name":"Golden Idol","floor":12,"gold_loss":0},{"cards_removed":["Strike_B"],"damage_healed":0,"gold_gain":0,"player_choice":"Offered Basic","damage_taken":0,"max_hp_gain":0,"max_hp_loss":0,"event_name":"Bonfire Elementals","floor":20,"gold_loss":0},{"damage_healed":0,"gold_gain":0,"player_choice":"Upgraded","damage_taken":0,"max_hp_gain":0,"max_hp_loss":0,"event_name":"Upgrade Shrine","floor":38,"gold_loss":0,"cards_upgraded":["strawberrySpire:Ronchyble"]}],"is_beta":true,"boss_relics":[{"not_picked":["Black Star","Orrery"],"picked":"Cursed Key"},{"not_picked":["Runic Dome","Velvet Choker"],"picked":"strawberrySpire:RottenAvocado"}],"items_purged_floors":[28],"is_endless":false,"potions_floor_spawned":[2,6,8,11,18,24,30,44,48],"killed_by":"The Heart","ascension_level":1}