{"gold_per_floor":[110,130,14,27,47,81,81,106,133,149,167,167,167,186,186,306,306,325,341,357,357,357],"floor_reached":22,"playtime":1900,"items_purged":[],"score":236,"play_id":"79b56571-59cd-45e5-b058-b19ee488de76","local_time":"20181223152712","is_ascension_mode":true,"campfire_choices":[{"floor":7,"key":"REST"},{"floor":15,"key":"REST"}],"neow_cost":"PERCENT_DAMAGE","seed_source_timestamp":839017804861336,"circlet_count":0,"master_deck":["Strike_B","Strike_B","Defend_B","Defend_B","Defend_B","Defend_B","Zap","Dualcast","Leap","White Noise","Creative AI","Hologram","Rebound","Ball Lightning","Hologram","Redo","Go for the Eyes","Cold Snap","Cold Snap","Echo Form","Gash+1","Chaos+1"],"relics":["Cracked Core","Bronze Scales","Bag of Marbles","Golden Idol","Busted Crown","Orichalcum"],"potions_floor_usage":[6,8],"damage_taken":[{"damage":0,"enemies":"Cultist","floor":1,"turns":3},{"damage":0,"enemies":"Small Slimes","floor":2,"turns":3},{"damage":15,"enemies":"Jaw Worm","floor":4,"turns":6},{"damage":13,"enemies":"Large Slime","floor":5,"turns":6},{"damage":16,"enemies":"Gremlin Nob","floor":6,"turns":5},{"damage":0,"enemies":"3 Sentries","floor":8,"turns":4},{"damage":3,"enemies":"Red Slaver","floor":10,"turns":3},{"damage":12,"enemies":"Blue Slaver","floor":11,"turns":2},{"damage":0,"enemies":"2 Fungi Beasts","floor":14,"turns":2},{"damage":17,"enemies":"Slime Boss","floor":16,"turns":8},{"damage":26,"enemies":"2 Thieves","floor":18,"turns":4},{"damage":6,"enemies":"Shell Parasite","floor":19,"turns":3},{"damage":29,"enemies":"Centurion and Healer","floor":20,"turns":7},{"damage":9,"enemies":"3 Cultists","floor":22,"turns":2}],"seed_played":"3071164613757408039","potions_obtained":[{"floor":1,"key":"Explosive Potion"},{"floor":4,"key":"Block Potion"},{"floor":8,"key":"Dexterity Potion"},{"floor":14,"key":"Ancient Potion"}],"is_trial":false,"path_per_floor":["M","M","$","M","M","E","R","E","T","M","M","?","?","M","R","B",null,"M","M","M","?","M"],"character_chosen":"DEFECT","items_purchased":["Creative AI","Hologram"],"campfire_rested":2,"item_purchase_floors":[3,3],"current_hp_per_floor":[54,54,54,39,26,10,32,32,32,29,17,17,5,5,25,8,69,43,37,8,8,0],"gold":357,"neow_bonus":"REMOVE_TWO","is_prod":false,"is_daily":false,"chose_seed":false,"campfire_upgraded":0,"win_rate":0,"timestamp":1545568032,"path_taken":["M","M","$","M","M","E","R","E","T","M","M","?","?","?","R","BOSS","M","M","M","?","M"],"build_version":"2018-12-20","purchased_purges":0,"victory":false,"max_hp_per_floor":[75,75,75,75,75,75,75,75,75,75,75,69,69,69,69,69,69,69,69,69,69,69],"card_choices":[{"not_picked":["White Noise","Stack"],"picked":"Leap","floor":1},{"not_picked":["FTL","Double Energy"],"picked":"White Noise","floor":2},{"not_picked":["Steam","Turbo"],"picked":"Rebound","floor":4},{"not_picked":["Genetic Algorithm","Gash"],"picked":"Ball Lightning","floor":5},{"not_picked":["Barrage","Thunder Strike"],"picked":"Hologram","floor":6},{"not_picked":["Hologram","Barrage"],"picked":"Redo","floor":8},{"not_picked":["Lockon","Rebound"],"picked":"Go for the Eyes","floor":10},{"not_picked":["Go for the Eyes","Redo"],"picked":"Cold Snap","floor":11},{"not_picked":["Heatsinks","Go for the Eyes"],"picked":"Cold Snap","floor":14},{"not_picked":["Reboot","Machine Learning"],"picked":"Echo Form","floor":16},{"not_picked":[],"picked":"Gash+1","floor":18},{"not_picked":["Skim+1"],"picked":"SKIP","floor":19},{"not_picked":[],"picked":"Chaos+1","floor":20}],"player_experience":1008967,"relics_obtained":[{"floor":6,"key":"Bronze Scales"},{"floor":8,"key":"Bag of Marbles"},{"floor":21,"key":"Orichalcum"}],"event_choices":[{"damage_healed":0,"gold_gain":0,"player_choice":"Lose Max HP","damage_taken":0,"relics_obtained":["Golden Idol"],"max_hp_gain":0,"max_hp_loss":6,"event_name":"Golden Idol","floor":12,"gold_loss":0},{"damage_healed":0,"gold_gain":0,"player_choice":"Fled","damage_taken":12,"max_hp_gain":0,"max_hp_loss":0,"event_name":"Scrap Ooze","floor":13,"gold_loss":0},{"damage_healed":0,"gold_gain":0,"player_choice":"Relic","damage_taken":0,"max_hp_gain":0,"max_hp_loss":0,"event_name":"Wheel of Change","floor":21,"gold_loss":0}],"is_beta":true,"boss_relics":[{"not_picked":["Black Star","White Beast Statue"],"picked":"Busted Crown"}],"items_purged_floors":[],"is_endless":false,"potions_floor_spawned":[1,4,8,14],"killed_by":"3 Cultists","ascension_level":1}