{"path_per_floor":["M","?","M","?","M","R","M","$","T","M","M","R","M","M","R","B",null,"M","M","?","?","M","R","?","R","T","E","R","?","$","M","R","B",null,"M","?","$","?","M","R","?"],"character_chosen":"IRONCLAD","items_purchased":["Vajra","Molten Egg 2","Dropkick","Shockwave"],"gold_per_floor":[116,116,132,132,151,151,169,21,47,64,77,77,88,105,105,202,202,218,236,161,411,421,421,421,421,421,451,451,451,20,30,30,128,128,141,141,41,41,51,51,51],"floor_reached":42,"campfire_rested":1,"playtime":1642,"current_hp_per_floor":[72,58,54,54,62,62,62,62,62,67,72,72,72,72,72,72,72,72,53,53,53,27,48,35,35,35,26,26,26,26,40,40,47,60,60,60,60,52,21,33,33],"items_purged":["Regret","Bite"],"gold":51,"score":384,"play_id":"0d68e9aa-03f3-4159-973d-399cdc2951ea","is_prod":false,"is_daily":false,"is_ascension_mode":false,"campfire_upgraded":7,"path_taken":["M","?","?","?","M","R","M","$","T","M","?","R","M","M","R","BOSS","M","M","?","?","?","R","?","R","T","E","R","?","$","M","R","BOSS","M","?","$","?","M","R","?","E"],"build_version":"2018-02-21-BETA1","purchased_purges":2,"victory":false,"master_deck":["Defend_R","Defend_R","Defend_R","Defend_R","Bash","Reaper+1","Rampage+1","Corruption+1","Metallicize+1","True Grit+1","Iron Wave","Thunderclap+1","Clothesline+1","Offering+1","Sword Boomerang+1","Armaments+1","Headbutt","Intimidate","Sentinel+1","Bite","Bite","Bite","Bite","Dropkick+1","Shockwave","Disarm","Double Tap","Clash+1","Madness","Madness","Disarm","Sentinel+1"],"max_hp_per_floor":[72,72,72,72,72,72,72,72,72,72,72,72,72,72,72,72,72,72,72,72,72,72,72,77,77,77,87,87,60,60,60,60,60,60,60,60,60,60,60,60,60],"relics":["Burning Blood","Vajra","Dream Catcher","Mark of Pain","Ice Cream","Pear","Molten Egg 2","Eternal Feather"],"card_choices":[{"not_picked":["Feed","Fiend Fire"],"picked":"Reaper"},{"not_picked":["Sword Boomerang","Pommel Strike"],"picked":"Rampage"},{"not_picked":["Whirlwind","Twin Strike"],"picked":"Corruption"},{"not_picked":["True Grit","Iron Wave"],"picked":"Metallicize"},{"not_picked":["Double Tap","Headbutt"],"picked":"True Grit"},{"not_picked":["Clash","Ghostly Armor"],"picked":"Iron Wave"},{"not_picked":["Wild Strike","Havoc"],"picked":"Thunderclap"},{"not_picked":["Shrug It Off","Reckless Charge"],"picked":"Clothesline"},{"not_picked":["Immolate","Barricade"],"picked":"Offering"},{"not_picked":["Infernal Blade","Clothesline"],"picked":"Sword Boomerang"},{"not_picked":["Fire Breathing","Second Wind"],"picked":"Armaments"},{"not_picked":["True Grit","Flex"],"picked":"Headbutt"},{"not_picked":["Rage","Twin Strike"],"picked":"Intimidate"},{"not_picked":["Havoc","Wild Strike"],"picked":"Sentinel"},{"not_picked":["Feel No Pain","Rage"],"picked":"Disarm"},{"not_picked":["Reaper","Exhume"],"picked":"Double Tap"},{"not_picked":["Pommel Strike","True Grit"],"picked":"Clash"},{"not_picked":["Heavy Blade","Anger"],"picked":"Disarm"}],"player_experience":228580,"potions_floor_usage":[13,16,16,27,33,42,42,42],"damage_taken":[{"damage":0,"enemies":"Small Slimes","floor":1,"turns":3},{"damage":10,"enemies":"Jaw Worm","floor":3,"turns":4},{"damage":8,"enemies":"2 Louse","floor":5,"turns":3},{"damage":16,"enemies":"Lots of Slimes","floor":7,"turns":5},{"damage":7,"enemies":"Blue Slaver","floor":10,"turns":5},{"damage":9,"enemies":"3 Louse","floor":11,"turns":4},{"damage":0,"enemies":"Large Slime","floor":13,"turns":4},{"damage":8,"enemies":"Gremlin Gang","floor":14,"turns":4},{"damage":13,"enemies":"Slime Boss","floor":16,"turns":8},{"damage":14,"enemies":"3 Byrds","floor":18,"turns":5},{"damage":29,"enemies":"Spheric Guardian","floor":19,"turns":6},{"damage":32,"enemies":"Snake Plant","floor":22,"turns":5},{"damage":31,"enemies":"Book of Stabbing","floor":27,"turns":5},{"damage":11,"enemies":"Chosen and Byrds","floor":31,"turns":7},{"damage":48,"enemies":"Automaton","floor":33,"turns":11},{"damage":6,"enemies":"Orb Walker","floor":35,"turns":4},{"damage":57,"enemies":"3 Shapes","floor":39,"turns":6},{"damage":57,"enemies":"Giant Head","floor":42,"turns":8}],"event_choices":[{"event_name":"Shining Light","player_choice":"Entered Light","floor":2,"damage_taken":0},{"event_name":"Living Wall","player_choice":"Grow","floor":4,"damage_taken":0},{"event_name":"Beggar","player_choice":"Gave Gold","floor":20,"damage_taken":0},{"event_name":"Golden Shrine","player_choice":"Desecrate","floor":21,"damage_taken":0},{"event_name":"Forgotten Altar","player_choice":"Shed Blood","floor":24,"damage_taken":0},{"event_name":"Vampires","player_choice":"Became a vampire","floor":29,"damage_taken":0},{"event_name":"The Lab","player_choice":"Got Potions","floor":36,"damage_taken":0},{"event_name":"Winding Halls","player_choice":"Embrace Madness","floor":38,"damage_taken":0},{"event_name":"Duplicator","player_choice":"One dupe","floor":41,"damage_taken":0}],"boss_relics":[{"not_picked":["Astrolabe","Orrery"],"picked":"Mark of Pain"},{"not_picked":["Runic Dome","Snecko Eye"],"picked":"Eternal Feather"}],"potions_floor_spawned":[1,11,13,22,27,33,35,39],"seed_played":"-3419030969841870355","killed_by":"Giant Head","ascension_level":0,"is_trial":false}