{"gold_per_floor":[111,411,411,189,189,215,225,252,252,252,267,284,294,321,321,418,418,437,452,468,485,497,525,541,541,541,570,570,589,599,613,613,717,717,734,734,734,8,25,53,53,0,73,102,180,205,224,239,239,239],"floor_reached":51,"playtime":2510,"items_purged":["Defend_G"],"score":889,"play_id":"d036f542-026e-49b6-b5c6-0aed40bafc13","local_time":"20181225210301","is_ascension_mode":true,"campfire_choices":[{"floor":15,"key":"REST"},{"data":"Adrenaline","floor":25,"key":"SMITH"},{"floor":32,"key":"REST"},{"data":"Enlightenment","floor":41,"key":"SMITH"},{"data":"Footwork","floor":49,"key":"SMITH"}],"neow_cost":"TEN_PERCENT_HP_LOSS","seed_source_timestamp":1031349739307033,"circlet_count":0,"master_deck":["Defend_G","Defend_G","Defend_G","Defend_G+1","Strike_G","Strike_G","Survivor","Neutralize+1","Backstab","Deflect","Dash","Flechettes","Dodge and Roll","Terror","Adrenaline+1","Die Die Die","Endless Agony","Footwork+1","Noxious Fumes","Deflect+1","Dash","Die Die Die","Regret","Escape Plan","PiercingWail","Bouncing Flask","Noxious Fumes+1","Violence+1","Enlightenment+1","Flash of Steel","Finesse","Sadistic Nature","Caltrops","Bouncing Flask+1","Decay","Clumsy","Malaise","Parasite","Footwork+1"],"relics":["Ring of the Snake","Old Coin","Orichalcum","Bag of Marbles","Bottled Flame","Ninja Scroll","Cursed Key","Oddly Smooth Stone","Dodecahedron","Calipers","Black Star","Bird Faced Urn","Bottled Tornado","Du-Vu Doll","Red Mask","Ornamental Fan","Molten Egg 2","Anchor","Letter Opener","Smiling Mask","War Paint"],"potions_floor_usage":[6,14,16,20,23,30,33,33,50,50,50],"damage_taken":[{"damage":0,"enemies":"2 Louse","floor":1,"turns":4},{"damage":21,"enemies":"3 Sentries","floor":6,"turns":12},{"damage":0,"enemies":"Jaw Worm","floor":7,"turns":2},{"damage":13,"enemies":"Lagavulin","floor":8,"turns":8},{"damage":0,"enemies":"Small Slimes","floor":11,"turns":1},{"damage":0,"enemies":"3 Louse","floor":12,"turns":2},{"damage":0,"enemies":"Exordium Wildlife","floor":13,"turns":3},{"damage":16,"enemies":"Gremlin Nob","floor":14,"turns":4},{"damage":8,"enemies":"Hexaghost","floor":16,"turns":10},{"damage":0,"enemies":"Chosen","floor":18,"turns":2},{"damage":0,"enemies":"2 Thieves","floor":19,"turns":1},{"damage":10,"enemies":"Snake Plant","floor":20,"turns":5},{"damage":0,"enemies":"Centurion and Healer","floor":21,"turns":3},{"damage":18,"enemies":"Snecko","floor":22,"turns":6},{"damage":2,"enemies":"Book of Stabbing","floor":23,"turns":5},{"damage":0,"enemies":"Snake Plant","floor":24,"turns":3},{"damage":8,"enemies":"Gremlin Leader","floor":27,"turns":5},{"damage":6,"enemies":"Shelled Parasite and Fungi","floor":29,"turns":5},{"damage":26,"enemies":"Snecko","floor":30,"turns":6},{"damage":2,"enemies":"Cultist and Chosen","floor":31,"turns":5},{"damage":5,"enemies":"Automaton","floor":33,"turns":15},{"damage":2,"enemies":"Orb Walker","floor":35,"turns":3},{"damage":0,"enemies":"3 Shapes","floor":39,"turns":5},{"damage":24,"enemies":"Giant Head","floor":40,"turns":9},{"damage":23,"enemies":"Reptomancer","floor":44,"turns":7},{"damage":6,"enemies":"Giant Head","floor":46,"turns":6},{"damage":2,"enemies":"Writhing Mass","floor":47,"turns":3},{"damage":1,"enemies":"Jaw Worm Horde","floor":48,"turns":3},{"damage":9,"enemies":"Awakened One","floor":50,"turns":14}],"seed_played":"-58132365338437732","potions_obtained":[{"floor":1,"key":"Explosive Potion"},{"floor":11,"key":"Energy Potion"},{"floor":12,"key":"Swift Potion"},{"floor":13,"key":"Poison Potion"},{"floor":16,"key":"Energy Potion"},{"floor":18,"key":"Swift Potion"},{"floor":19,"key":"Ancient Potion"},{"floor":22,"key":"FairyPotion"},{"floor":27,"key":"Weak Potion"},{"floor":30,"key":"SpeedPotion"},{"floor":39,"key":"SteroidPotion"},{"floor":47,"key":"Block Potion"}],"is_trial":false,"path_per_floor":["M","?","?","$","?","E","M","E","T","?","M","M","M","E","R","B",null,"M","M","M","M","M","E","M","R","T","E","?","M","M","M","R","B",null,"M","?","?","$","M","E","R","?","T","E","T","E","M","M","R","B",null],"character_chosen":"THE_SILENT","items_purchased":["Orichalcum","Bird Faced Urn","Finesse","Ancient Potion","Sadistic Nature","Caltrops"],"campfire_rested":2,"item_purchase_floors":[4,38,38,38,38,38],"current_hp_per_floor":[63,60,65,65,65,44,44,31,31,24,24,24,24,8,28,20,68,68,68,58,58,40,38,38,38,38,30,30,24,6,4,24,19,68,66,66,56,56,66,45,45,45,45,32,32,36,40,43,43,46],"gold":239,"neow_bonus":"REMOVE_TWO","is_prod":false,"is_daily":false,"chose_seed":false,"campfire_upgraded":3,"win_rate":0,"timestamp":1545760981,"path_taken":["M","?","?","?","?","E","M","E","T","?","M","M","?","E","R","BOSS","M","M","M","M","M","E","M","R","T","E","?","M","M","?","R","BOSS","M","?","?","?","M","E","R","?","T","E","?","E","?","M","R","BOSS"],"build_version":"2018-12-20","purchased_purges":1,"victory":true,"max_hp_per_floor":[63,63,68,68,68,68,68,68,68,68,68,68,68,68,68,68,68,68,68,68,68,68,68,68,68,68,68,68,68,68,68,68,68,68,68,68,68,68,68,68,68,68,68,68,68,68,68,68,68,68],"card_choices":[{"not_picked":["Bouncing Flask","Blur"],"picked":"Backstab","floor":1},{"not_picked":["Backflip","Blur"],"picked":"Deflect","floor":6},{"not_picked":["Choke","Sucker Punch"],"picked":"Dash","floor":7},{"not_picked":["Expertise","Accuracy"],"picked":"Flechettes","floor":8},{"not_picked":["Calculated Gamble","Flying Knee"],"picked":"Dodge and Roll","floor":11},{"not_picked":["Dagger Spray","Backflip"],"picked":"Terror","floor":12},{"not_picked":["Slice","Sucker Punch"],"picked":"Blade Dance","floor":13},{"not_picked":["Heel Hook","Riddle With Holes"],"picked":"Adrenaline","floor":14},{"not_picked":["Unload","Night Terror"],"picked":"Die Die Die","floor":16},{"not_picked":["Quick Slash+1","Prepared"],"picked":"Endless Agony","floor":18},{"not_picked":["Noxious Fumes+1","Choke"],"picked":"Footwork","floor":19},{"not_picked":["Terror+1","Sucker Punch+1"],"picked":"Noxious Fumes","floor":20},{"not_picked":["Prepared","Predator+1"],"picked":"Deflect+1","floor":21},{"not_picked":["All Out Attack","Underhanded Strike+1","Bane+1"],"picked":"SKIP","floor":22},{"not_picked":["Deadly Poison+1","Outmaneuver+1"],"picked":"Dash","floor":23},{"not_picked":["Skewer","Sucker Punch"],"picked":"Die Die Die","floor":24},{"not_picked":["Outmaneuver","Poisoned Stab","Slice+1"],"picked":"SKIP","floor":27},{"not_picked":["Reflex","Heel Hook"],"picked":"PiercingWail","floor":29},{"not_picked":["Sucker Punch+1","Deflect"],"picked":"Bouncing Flask","floor":30},{"not_picked":["Deadly Poison","Venomology","Sucker Punch+1"],"picked":"SKIP","floor":31},{"not_picked":["PiercingWail+1","Dodge and Roll+1"],"picked":"Noxious Fumes+1","floor":35},{"not_picked":["Deep Breath","Swift Strike"],"picked":"Violence","floor":37},{"not_picked":["Secret Technique","Jack Of All Trades"],"picked":"Enlightenment","floor":37},{"not_picked":["Mind Blast","Swift Strike"],"picked":"Flash of Steel","floor":37},{"not_picked":["Prepared+1","Slice"],"picked":"Bouncing Flask+1","floor":39},{"not_picked":["Flying Knee","Bouncing Flask","Choke"],"picked":"SKIP","floor":40},{"not_picked":["Quick Slash+1","Terror","Bane"],"picked":"SKIP","floor":44},{"not_picked":["Underhanded Strike+1","Terror"],"picked":"Malaise","floor":46},{"not_picked":["Outmaneuver+1","Acrobatics","Bane+1"],"picked":"SKIP","floor":47},{"not_picked":["Flying Knee+1","Backflip+1"],"picked":"Footwork+1","floor":48}],"player_experience":1015664,"relics_obtained":[{"floor":6,"key":"Bag of Marbles"},{"floor":8,"key":"Bottled Flame"},{"floor":14,"key":"Ninja Scroll"},{"floor":23,"key":"Oddly Smooth Stone"},{"floor":26,"key":"Dodecahedron"},{"floor":27,"key":"Calipers"},{"floor":40,"key":"Bottled Tornado"},{"floor":40,"key":"Du-Vu Doll"},{"floor":43,"key":"Ornamental Fan"},{"floor":44,"key":"Molten Egg 2"},{"floor":44,"key":"Anchor"},{"floor":45,"key":"Letter Opener"},{"floor":46,"key":"Smiling Mask"},{"floor":46,"key":"War Paint"}],"event_choices":[{"damage_healed":0,"gold_gain":0,"player_choice":"Success","damage_taken":3,"relics_obtained":["Old Coin"],"max_hp_gain":0,"max_hp_loss":0,"event_name":"Scrap Ooze","floor":2,"gold_loss":0},{"damage_healed":0,"gold_gain":0,"player_choice":"Donut","damage_taken":0,"max_hp_gain":5,"max_hp_loss":0,"event_name":"Big Fish","floor":3,"gold_loss":0},{"damage_healed":0,"gold_gain":0,"player_choice":"Grow","damage_taken":0,"max_hp_gain":0,"max_hp_loss":0,"event_name":"Living Wall","floor":5,"gold_loss":0,"cards_upgraded":["Neutralize"]},{"cards_removed":["Strike_G"],"damage_healed":0,"gold_gain":0,"player_choice":"Card Removal","damage_taken":7,"max_hp_gain":0,"max_hp_loss":0,"event_name":"Golden Wing","floor":10,"gold_loss":0},{"damage_healed":0,"gold_gain":0,"player_choice":"1 cards matched","damage_taken":0,"max_hp_gain":0,"max_hp_loss":0,"event_name":"Match and Keep!","floor":28,"gold_loss":0,"cards_obtained":["Escape Plan"]},{"cards_removed":["Blade Dance"],"damage_healed":0,"gold_gain":0,"player_choice":"Removed Skill","damage_taken":0,"max_hp_gain":0,"max_hp_loss":0,"event_name":"Falling","floor":36,"gold_loss":0},{"damage_healed":0,"gold_gain":0,"player_choice":"Memory 3","damage_taken":10,"max_hp_gain":0,"max_hp_loss":0,"event_name":"SensoryStone","floor":37,"gold_loss":0},{"damage_healed":0,"gold_gain":0,"player_choice":"Paid","damage_taken":0,"relics_obtained":["Red Mask"],"max_hp_gain":0,"max_hp_loss":0,"event_name":"Tomb of Lord Red Mask","floor":42,"gold_loss":53}],"is_beta":true,"boss_relics":[{"not_picked":["Pandora\u0027s Box","Astrolabe"],"picked":"Cursed Key"},{"not_picked":["Fusion Hammer","Busted Crown"],"picked":"Black Star"}],"items_purged_floors":[4],"is_endless":false,"potions_floor_spawned":[1,11,12,13,16,18,19,22,27,30,39,47],"ascension_level":1}