{"gold_per_floor":[112,112,125,139,151,151,326,326,351,383,397,429,429,462,462,565,615,631,631,456,474,491,491,516,516,570,570,645,663,689,133,133,231,231,244,262,222,232,232,232,264,274,274,286,4,15,15,46,46,46],"floor_reached":51,"playtime":1852,"items_purged":["Strike_R"],"score":1242,"play_id":"fc3d41fa-6453-45b2-8a6d-391b31877839","local_time":"20190224152513","is_ascension_mode":true,"campfire_choices":[{"data":"Trip","floor":6.0,"key":"SMITH"},{"data":"Immolate","floor":15.0,"key":"SMITH"},{"data":"Body Slam","floor":23.0,"key":"SMITH"},{"data":"Flame Barrier","floor":25.0,"key":"SMITH"},{"data":"Inflame","floor":27.0,"key":"SMITH"},{"data":"Enlightenment","floor":32.0,"key":"SMITH"},{"data":"Demon Form","floor":40,"key":"SMITH"},{"data":"Heavy Blade","floor":44,"key":"SMITH"},{"data":"Feel No Pain","floor":47,"key":"SMITH"},{"data":"Metallicize","floor":49,"key":"SMITH"}],"neow_cost":"","seed_source_timestamp":0,"circlet_count":0,"master_deck":["Strike_R+1","Strike_R","Strike_R+1","Strike_R","Defend_R","Defend_R","Defend_R","Defend_R+1","Bash","Feel No Pain+1","Dropkick+1","Intimidate","Trip+1","Master of Strategy","Carnage","Iron Wave","Iron Wave","Metallicize+1","Shrug It Off+1","Shrug It Off","Flame Barrier+1","Immolate+1","Body Slam+1","Reaper","Inflame+1","Power Through+1","Impervious","Headbutt","Pummel+1","Reckless Charge","Enlightenment+1","Clothesline","Demon Form+1","Iron Wave","Heavy Blade+1","Juggernaut+1","Metallicize+1"],"special_seed":0,"relics":["Burning Blood","Whetstone","Mercury Hourglass","MealTicket","PreservedInsect","Oddly Smooth Stone","Bottled Tornado","Happy Flower","Bottled Flame","Tiny House","theJungle:BirthdayCakeSlice","theJungle:ShellPeas","Paper Frog","Vajra","Bag of Marbles","Potion Belt","energizedSpire:DeflatedTyre","Anchor","MawBank","Frozen Egg 2","Bag of Preparation"],"potions_floor_usage":[42,50,50,50],"damage_taken":[{"damage":0.0,"enemies":"2 Louse","floor":1.0,"turns":2.0},{"damage":0.0,"enemies":"Small Slimes","floor":3.0,"turns":2.0},{"damage":0.0,"enemies":"Jaw Worm","floor":4.0,"turns":2.0},{"damage":0.0,"enemies":"3 Louse","floor":5.0,"turns":2.0},{"damage":0.0,"enemies":"3 Sentries","floor":10.0,"turns":4.0},{"damage":3.0,"enemies":"Blue Slaver","floor":11.0,"turns":3.0},{"damage":1.0,"enemies":"Gremlin Nob","floor":12.0,"turns":4.0},{"damage":0.0,"enemies":"Lagavulin","floor":14.0,"turns":4.0},{"damage":23.0,"enemies":"Slime Boss","floor":16.0,"turns":9.0},{"damage":21.0,"enemies":"theJungle:GiantWrat","floor":18.0,"turns":6.0},{"damage":4.0,"enemies":"theJungle:MUSHROOMGANG","floor":21.0,"turns":2.0},{"damage":10.0,"enemies":"theJungle:Lyon","floor":22.0,"turns":6.0},{"damage":0.0,"enemies":"theJungle:MamaSnecko","floor":24.0,"turns":4.0},{"damage":15.0,"enemies":"theJungle:2_Snecko_Cultists","floor":29.0,"turns":6.0},{"damage":0.0,"enemies":"theJungle:Cassacara","floor":30.0,"turns":5.0},{"damage":0.0,"enemies":"theJungle:QueenSpyder","floor":33.0,"turns":10.0},{"damage":0,"enemies":"3 Darklings","floor":35,"turns":1},{"damage":0,"enemies":"Orb Walker","floor":36,"turns":2},{"damage":0,"enemies":"Transient","floor":38,"turns":5},{"damage":15,"enemies":"Reptomancer","floor":41,"turns":4},{"damage":0,"enemies":"Maw","floor":42,"turns":8},{"damage":0,"enemies":"4 Shapes","floor":46,"turns":1},{"damage":46,"enemies":"Giant Head","floor":48,"turns":9},{"damage":14,"enemies":"Time Eater","floor":50,"turns":9}],"seed_played":"7881601540139096560","potions_obtained":[{"floor":3.0,"key":"BloodPotion"},{"floor":12.0,"key":"Strength Potion"},{"floor":14.0,"key":"Strength Potion"},{"floor":16.0,"key":"PowerPotion"},{"floor":21.0,"key":"Regen Potion"},{"floor":30.0,"key":"GamblersBrew"},{"floor":37,"key":"SkillPotion"},{"floor":41,"key":"SteroidPotion"}],"is_trial":false,"path_per_floor":["M","?","M","M","M","R","?","?","T","E","M","E","?","E","R","B",null,"M","?","?","M","M","R","E","R","T","R","?","M","E","$","R","B",null,"M","M","?","M","?","R","E","M","T","R","$","M","R","E","R","B",null],"character_chosen":"IRONCLAD","items_purchased":["Feel No Pain","Dropkick","Intimidate","Trip","Master of Strategy","Whetstone","Mercury Hourglass","MealTicket","Carnage","Iron Wave","Energy Potion","Potion Belt","Ancient Potion","Energy Potion","Energy Potion","Enlightenment","Clothesline","Frozen Egg 2","PowerPotion"],"campfire_rested":0,"item_purchase_floors":[0,0,0,0,0,0,0,0,0,0,0,31,31,31,31,31,31,45,45],"current_hp_per_floor":[80,77,80,80,80,80,80,80,80,80,80,80,64,70,70,53,85,70,75,75,77,77,77,90,90,90,90,81,90,90,90,90,90,90,90,90,90,90,90,90,81,87,87,87,90,90,90,50,50,42],"gold":46,"neow_bonus":"","is_prod":false,"is_daily":false,"chose_seed":false,"campfire_upgraded":10,"win_rate":0,"timestamp":1551011113,"path_taken":["M","?","M","M","M","R","?","?","T","E","M","E","?","E","R","BOSS","M","?","?","M","M","R","E","R","T","R","?","M","E","$","R","BOSS","M","?","?","?","?","R","E","M","T","R","$","M","R","E","R","BOSS"],"build_version":"2019-02-06","purchased_purges":1,"victory":true,"max_hp_per_floor":[80,80,80,80,80,80,80,80,80,80,80,80,80,80,80,80,85,85,90,90,90,90,90,90,90,90,90,90,90,90,90,90,90,90,90,90,90,90,90,90,90,90,90,90,90,90,90,90,90,90],"card_choices":[{"not_picked":["Ghostly Armor","Battle Trance"],"picked":"Iron Wave","floor":1.0},{"not_picked":["Ghostly Armor","Blood for Blood"],"picked":"Metallicize","floor":3.0},{"not_picked":["Ghostly Armor","Perfected Strike"],"picked":"Shrug It Off","floor":4.0},{"not_picked":["Combust","Armaments"],"picked":"Shrug It Off","floor":5.0},{"not_picked":["True Grit","Anger"],"picked":"Flame Barrier","floor":10.0},{"not_picked":["Entrench","Perfected Strike","Pommel Strike"],"picked":"SKIP","floor":11.0},{"not_picked":["Hemokinesis","Thunderclap"],"picked":"Immolate","floor":12.0},{"not_picked":["Warcry","Heavy Blade"],"picked":"Body Slam","floor":14.0},{"not_picked":["Berserk","Brutality"],"picked":"Reaper","floor":16.0},{"not_picked":["Twin Strike","Evolve"],"picked":"Inflame","floor":17.0},{"not_picked":["Thunderclap","Perfected Strike"],"picked":"Power Through+1","floor":18.0},{"not_picked":["Sword Boomerang","Pommel Strike","Warcry+1"],"picked":"SKIP","floor":21.0},{"not_picked":["Armaments","Perfected Strike"],"picked":"Impervious","floor":22.0},{"not_picked":["Combust","Twin Strike"],"picked":"Headbutt","floor":24.0},{"not_picked":["Cleave","Perfected Strike"],"picked":"Pummel+1","floor":29.0},{"not_picked":["Perfected Strike","Battle Trance"],"picked":"Reckless Charge","floor":30.0},{"not_picked":["Feed","Double Tap"],"picked":"Demon Form","floor":33.0},{"not_picked":["Second Wind","Battle Trance","Havoc+1"],"picked":"SKIP","floor":35},{"not_picked":["Warcry","Rampage+1","Infernal Blade"],"picked":"SKIP","floor":36},{"not_picked":["Shrug It Off","Body Slam"],"picked":"Iron Wave","floor":38},{"not_picked":["Bloodletting","Fire Breathing+1","Burning Pact+1"],"picked":"SKIP","floor":41},{"not_picked":["Burning Pact+1","Cleave"],"picked":"Heavy Blade","floor":42},{"not_picked":["Headbutt+1","Blood for Blood+1"],"picked":"Juggernaut+1","floor":46},{"not_picked":["Power Through","Burning Pact"],"picked":"Metallicize+1","floor":48}],"player_experience":1161259,"relics_obtained":[{"floor":9.0,"key":"Oddly Smooth Stone"},{"floor":10.0,"key":"Bottled Tornado"},{"floor":12.0,"key":"Happy Flower"},{"floor":14.0,"key":"Bottled Flame"},{"floor":24.0,"key":"Paper Frog"},{"floor":26.0,"key":"Vajra"},{"floor":30.0,"key":"Bag of Marbles"},{"floor":41,"key":"Anchor"},{"floor":43,"key":"MawBank"},{"floor":48,"key":"Bag of Preparation"}],"event_choices":[{"damage_healed":0.0,"max_hp_gain":0.0,"max_hp_loss":0.0,"gold_gain":0.0,"event_name":"Scrap Ooze","player_choice":"Success","floor":2.0,"gold_loss":0.0,"damage_taken":3.0,"relics_obtained":["PreservedInsect"]},{"damage_healed":0.0,"max_hp_gain":0.0,"max_hp_loss":0.0,"gold_gain":175.0,"event_name":"Liars Game","player_choice":"AGREE","floor":7.0,"gold_loss":0.0,"damage_taken":0.0,"cards_obtained":["Doubt"]},{"cards_removed":["Doubt"],"damage_healed":0.0,"max_hp_gain":0.0,"max_hp_loss":0.0,"gold_gain":0.0,"event_name":"Living Wall","player_choice":"Forget","floor":8.0,"gold_loss":0.0,"damage_taken":0.0},{"damage_healed":0.0,"max_hp_gain":0.0,"max_hp_loss":0.0,"gold_gain":0.0,"event_name":"Shining Light","player_choice":"Entered Light","floor":13.0,"gold_loss":0.0,"damage_taken":16.0,"cards_upgraded":["Shrug It Off","Strike_R"]},{"damage_healed":0.0,"max_hp_gain":0.0,"max_hp_loss":0.0,"gold_gain":75.0,"event_name":"FaceTrader","player_choice":"Touch","floor":28.0,"gold_loss":0.0,"damage_taken":9.0},{"damage_healed":0,"gold_gain":0,"player_choice":"Bought 3 Potions","damage_taken":0,"max_hp_gain":0,"max_hp_loss":0,"event_name":"The Woman in Blue","floor":37,"gold_loss":0},{"damage_healed":0,"gold_gain":0,"player_choice":"Ignored","damage_taken":0,"max_hp_gain":0,"max_hp_loss":0,"event_name":"Tomb of Lord Red Mask","floor":39,"gold_loss":0}],"is_beta":true,"boss_relics":[{"not_picked":["Busted Crown","Runic Dome"],"picked":"Tiny House"},{"not_picked":["Fusion Hammer","Mark of Pain"],"picked":"energizedSpire:DeflatedTyre"}],"items_purged_floors":[31],"is_endless":false,"potions_floor_spawned":[3,12,14,16,21,30,38,41,48],"ascension_level":1}