{"gold_per_floor":[117,117,87,102,113,113,147,165,165,184,184,211,176,202,202,299,299,319,329,329,239,250,285,285,302,302,314,27,55,355,355,355,455,455,471,30,30,43,53,53,82,82,82,93,113,124,141,141,141,141,141,141,8,8],"floor_reached":54,"playtime":2679,"items_purged":["Strike_B","Strike_B"],"score":756,"play_id":"f13d94e3-7a4d-4718-b29e-7c35faf9e439","local_time":"20181105231306","is_ascension_mode":false,"campfire_choices":[{"data":"Zap","floor":6,"key":"SMITH"},{"data":"Hologram","floor":15,"key":"SMITH"},{"data":"Reinforced Body","floor":24,"key":"SMITH"},{"floor":32,"key":"REST"},{"floor":40,"key":"RECALL"},{"data":"Buffer","floor":42,"key":"SMITH"},{"data":"Thunder Strike","floor":49,"key":"SMITH"},{"data":"Ball Lightning","floor":52,"key":"SMITH"}],"neow_cost":"TEN_PERCENT_HP_LOSS","seed_source_timestamp":35860211227000,"circlet_count":0,"master_deck":["Strike_B+1","Defend_B","Defend_B","Defend_B","Zap+1","Dualcast+1","Electrodynamics","Doom and Gloom","Beam Cell","Ball Lightning+1","Conserve Battery","Ball Lightning","Hologram+1","Steam","Thunder Strike+1","Buffer+1","Reinforced Body+1","Hologram+1","Steam","Leap","Rebound","BootSequence+1","FTL","Beam Cell","Capacitor","Turbo","Gash","Multi-Cast","Leap+1","Go for the Eyes","Trip","Aggregate+1","Compile Driver","Defragment+1","Auto Shields","Turbo"],"relics":["Cracked Core","Gremlin Horn","Emotion Chip","Turnip","Cables","Busted Crown","Bottled Flame","Shuriken","Omamori","Old Coin","Runic Pyramid","Chemical X","Blue Candle"],"potions_floor_usage":[7,11,12,12,12,12,14,22,23,29,33,33,44,45,50,50],"damage_taken":[{"damage":0,"enemies":"Small Slimes","floor":1,"turns":2},{"damage":1,"enemies":"Cultist","floor":4,"turns":3},{"damage":0,"enemies":"2 Louse","floor":5,"turns":1},{"damage":9,"enemies":"3 Sentries","floor":7,"turns":3},{"damage":10,"enemies":"Looter","floor":8,"turns":2},{"damage":8,"enemies":"Red Slaver","floor":10,"turns":2},{"damage":0,"enemies":"Exordium Wildlife","floor":11,"turns":1},{"damage":15,"enemies":"Lagavulin","floor":12,"turns":3},{"damage":1,"enemies":"Gremlin Nob","floor":14,"turns":3},{"damage":18,"enemies":"The Guardian","floor":16,"turns":6},{"damage":0,"enemies":"Chosen","floor":18,"turns":3},{"damage":9,"enemies":"Spheric Guardian","floor":19,"turns":4},{"damage":0,"enemies":"Cultist and Chosen","floor":22,"turns":5},{"damage":22,"enemies":"Gremlin Leader","floor":23,"turns":5},{"damage":0,"enemies":"Snecko","floor":25,"turns":4},{"damage":0,"enemies":"Sentry and Sphere","floor":27,"turns":3},{"damage":21,"enemies":"Book of Stabbing","floor":29,"turns":5},{"damage":15,"enemies":"Automaton","floor":33,"turns":7},{"damage":33,"enemies":"3 Darklings","floor":35,"turns":4},{"damage":0,"enemies":"Orb Walker","floor":38,"turns":4},{"damage":0,"enemies":"Sphere and 2 Shapes","floor":39,"turns":3},{"damage":0,"enemies":"Reptomancer","floor":41,"turns":5},{"damage":4,"enemies":"4 Shapes","floor":44,"turns":3},{"damage":0,"enemies":"Spire Growth","floor":45,"turns":5},{"damage":2,"enemies":"3 Darklings","floor":46,"turns":3},{"damage":2,"enemies":"Sphere and 2 Shapes","floor":47,"turns":4},{"damage":35,"enemies":"Awakened One","floor":50,"turns":9},{"damage":69,"enemies":"Shield and Spear","floor":54,"turns":5}],"seed_played":"-6181812183823997826","potions_obtained":[{"floor":1,"key":"Regen Potion"},{"floor":3,"key":"SmokeBomb"},{"floor":3,"key":"LiquidBronze"},{"floor":10,"key":"EntropicBrew"},{"floor":14,"key":"FocusPotion"},{"floor":19,"key":"Swift Potion"},{"floor":22,"key":"Swift Potion"},{"floor":23,"key":"Strength Potion"},{"floor":33,"key":"Fruit Juice"},{"floor":35,"key":"Energy Potion"},{"floor":47,"key":"FocusPotion"}],"is_trial":false,"path_per_floor":["M","?","?","M","M","R","E","M","T","M","M","E","?","E","R","B",null,"M","M","?","?","M","E","R","M","T","M","$","E","?","?","R","B",null,"M","$","?","M","M","R","E","R","T","M","M","M","M","?","R","B",null,"R","$","E"],"character_chosen":"DEFECT","items_purchased":["FTL","Beam Cell","Capacitor","Turbo","Chemical X","Go for the Eyes","Block Potion","SkillPotion","Auto Shields","Turbo"],"campfire_rested":1,"item_purchase_floors":[28,28,28,28,36,36,36,36,53,53],"current_hp_per_floor":[68,54,54,53,53,53,53,43,43,35,35,20,37,36,36,18,68,68,59,47,47,47,25,25,25,25,25,25,4,4,4,25,15,78,45,45,35,35,35,35,35,35,35,31,31,29,27,68,68,33,68,68,68,0],"gold":8,"neow_bonus":"THREE_RARE_CARDS","is_prod":false,"is_daily":false,"chose_seed":false,"campfire_upgraded":6,"win_rate":0,"timestamp":1541448786,"path_taken":["M","?","?","?","M","R","E","M","T","M","M","E","?","E","R","BOSS","M","M","?","?","?","E","R","M","T","M","$","E","?","?","R","BOSS","M","$","?","M","M","R","E","R","T","M","M","M","M","?","R","BOSS","R","$","E"],"build_version":"2018-11-02","purchased_purges":2,"victory":false,"max_hp_per_floor":[68,68,68,68,68,68,68,68,68,68,68,68,68,68,68,68,68,68,68,73,73,73,73,73,73,73,73,73,73,73,73,73,78,78,78,78,78,78,78,78,78,78,78,78,78,78,78,68,68,68,68,68,68,68],"card_choices":[{"not_picked":["Biased Cognition","Hyperbeam"],"picked":"Electrodynamics","floor":0},{"not_picked":["Streamline","Rebound"],"picked":"Doom and Gloom","floor":1},{"not_picked":["Sunder","Genetic Algorithm"],"picked":"Beam Cell","floor":4},{"not_picked":["Skim","BootSequence"],"picked":"Ball Lightning","floor":5},{"not_picked":["Cold Snap","Barrage"],"picked":"Conserve Battery","floor":7},{"not_picked":["Thunder Strike","Tempest"],"picked":"Ball Lightning","floor":8},{"not_picked":["Tempest","Cold Snap"],"picked":"Hologram","floor":10},{"not_picked":["Turbo","Stack"],"picked":"Steam","floor":12},{"not_picked":["Turbo","Meteor Strike"],"picked":"Thunder Strike","floor":14},{"not_picked":["Thunder Strike","Meteor Strike"],"picked":"Buffer","floor":16},{"not_picked":[],"picked":"Reinforced Body","floor":18},{"not_picked":[],"picked":"Hologram","floor":19},{"not_picked":[],"picked":"Steam","floor":22},{"not_picked":[],"picked":"Leap","floor":23},{"not_picked":[],"picked":"Rebound","floor":25},{"not_picked":[],"picked":"BootSequence+1","floor":27},{"not_picked":[],"picked":"Gash","floor":29},{"not_picked":[],"picked":"Multi-Cast","floor":33},{"not_picked":[],"picked":"Leap+1","floor":35},{"not_picked":[],"picked":"Trip","floor":37},{"not_picked":["Capacitor"],"picked":"SKIP","floor":38},{"not_picked":[],"picked":"Aggregate+1","floor":39},{"not_picked":[],"picked":"Compile Driver","floor":41},{"not_picked":["Sweeping Beam+1"],"picked":"SKIP","floor":44},{"not_picked":[],"picked":"Defragment+1","floor":45},{"not_picked":["Rip and Tear"],"picked":"SKIP","floor":46},{"not_picked":["Sweeping Beam+1"],"picked":"SKIP","floor":47}],"player_experience":875435,"relics_obtained":[{"floor":7,"key":"Gremlin Horn"},{"floor":9,"key":"Emotion Chip"},{"floor":12,"key":"Turnip"},{"floor":14,"key":"Cables"},{"floor":23,"key":"Bottled Flame"},{"floor":26,"key":"Shuriken"},{"floor":29,"key":"Omamori"},{"floor":41,"key":"Blue Candle"}],"event_choices":[{"damage_healed":0,"gold_gain":0,"player_choice":"Entered Light","damage_taken":14,"max_hp_gain":0,"max_hp_loss":0,"event_name":"Shining Light","floor":2,"gold_loss":0,"cards_upgraded":["Strike_B","Dualcast"]},{"damage_healed":0,"gold_gain":0,"player_choice":"Bought 2 Potions","damage_taken":0,"max_hp_gain":0,"max_hp_loss":0,"event_name":"The Woman in Blue","floor":3,"gold_loss":0},{"damage_healed":17,"gold_gain":0,"player_choice":"Healed","damage_taken":0,"max_hp_gain":0,"max_hp_loss":0,"event_name":"The Cleric","floor":13,"gold_loss":35},{"damage_healed":0,"gold_gain":0,"player_choice":"Shed Blood","damage_taken":17,"max_hp_gain":5,"max_hp_loss":0,"event_name":"Forgotten Altar","floor":20,"gold_loss":0},{"cards_removed":["Strike_B"],"damage_healed":0,"gold_gain":0,"player_choice":"Upgrade and Remove","damage_taken":0,"max_hp_gain":0,"max_hp_loss":0,"event_name":"Designer","floor":21,"gold_loss":90,"cards_upgraded":["Hologram"]},{"damage_healed":0,"gold_gain":0,"player_choice":"Opened","damage_taken":0,"relics_obtained":["Old Coin"],"max_hp_gain":0,"max_hp_loss":0,"event_name":"The Mausoleum","floor":30,"gold_loss":0},{"cards_removed":["Defend_B"],"damage_healed":0,"gold_gain":0,"player_choice":"Elegance","damage_taken":0,"max_hp_gain":0,"max_hp_loss":0,"event_name":"Back to Basics","floor":31,"gold_loss":0},{"damage_healed":0,"gold_gain":0,"player_choice":"Memory 3","damage_taken":10,"max_hp_gain":0,"max_hp_loss":0,"event_name":"SensoryStone","floor":37,"gold_loss":0},{"damage_healed":68,"gold_gain":0,"player_choice":"Heal","damage_taken":0,"max_hp_gain":0,"max_hp_loss":10,"event_name":"The Moai Head","floor":48,"gold_loss":0}],"is_beta":true,"boss_relics":[{"not_picked":["Astrolabe","Velvet Choker"],"picked":"Busted Crown"},{"not_picked":["Nuclear Battery","Empty Cage"],"picked":"Runic Pyramid"}],"items_purged_floors":[28,36],"is_endless":false,"potions_floor_spawned":[1,10,11,14,19,22,23,33,35,41,47],"killed_by":"Shield and Spear","ascension_level":0}