{"path_per_floor":["M","$","?","?","M","?","M","M","T","?","M","R","E","M","R"],"character_chosen":"THE_SILENT","items_purchased":[],"gold_per_floor":[118,43,118,118,132,132,148,169,244,244,268,268,299,315,315,315],"floor_reached":16,"campfire_rested":0,"playtime":697,"current_hp_per_floor":[70,70,59,52,50,33,33,30,30,30,30,30,27,23,23,0],"items_purged":["Defend_G"],"gold":315,"score":102,"play_id":"96640e65-f942-403e-a915-c951ed90be93","local_time":"20180331212904","is_prod":false,"is_daily":false,"is_ascension_mode":false,"campfire_upgraded":2,"timestamp":1522520944,"path_taken":["M","$","?","?","M","?","M","M","T","?","?","R","E","M","R","BOSS"],"build_version":"2018-03-29","purchased_purges":1,"victory":false,"master_deck":["Defend_G","Defend_G","Defend_G","Defend_G","Strike_G","Strike_G","Strike_G","Survivor","Neutralize+1","Terror","PiercingWail","Dash+1","Dodge and Roll","Predator","Backflip","Deflect"],"max_hp_per_floor":[70,70,70,70,70,70,70,70,70,70,70,70,70,70,70,70],"relics":["Ring of the Snake","Orichalcum","Golden Idol","Mummified Hand","Blue Candle"],"card_choices":[{"not_picked":["Prepared","PiercingWail"],"picked":"Terror","floor":1},{"not_picked":["Eviscerate","Slice"],"picked":"PiercingWail","floor":5},{"not_picked":["Sucker Punch","PiercingWail"],"picked":"Dash","floor":7},{"not_picked":["Finisher","All Out Attack"],"picked":"Dodge and Roll","floor":8},{"not_picked":["PiercingWail","Unload"],"picked":"Backflip","floor":13},{"not_picked":["Blade Dance","Terror"],"picked":"Deflect","floor":14}],"player_experience":304687,"potions_floor_usage":[13,16,16],"damage_taken":[{"damage":0,"enemies":"2 Louse","floor":1,"turns":2},{"damage":2,"enemies":"Jaw Worm","floor":5,"turns":4},{"damage":0,"enemies":"Cultist","floor":7,"turns":3},{"damage":3,"enemies":"Blue Slaver","floor":8,"turns":4},{"damage":0,"enemies":"Looter","floor":11,"turns":3},{"damage":3,"enemies":"Lagavulin","floor":13,"turns":6},{"damage":4,"enemies":"Large Slime","floor":14,"turns":6},{"damage":31,"enemies":"Slime Boss","floor":16,"turns":11}],"event_choices":[{"event_name":"World of Goop","player_choice":"Gather Gold","floor":3,"damage_taken":0},{"event_name":"Golden Wing","player_choice":"Card Removal","floor":4,"damage_taken":0},{"event_name":"Golden Idol","player_choice":"Take Damage","floor":6,"damage_taken":0},{"event_name":"Transmorgrifier","player_choice":"Transform","floor":10,"damage_taken":0}],"boss_relics":[],"potions_floor_spawned":[7,11,13],"seed_played":"-7248463621335389970","killed_by":"Slime Boss","ascension_level":0,"is_trial":false}