{"gold_per_floor":[117,67,67,15,40,79,94,94,170,170,201,226,270,284,284,404,404,423,522,467,467,483,523,542,542,618,618,631,631],"floor_reached":29,"playtime":937,"items_purged":[],"score":338,"play_id":"544ccc7e-7cb8-4506-ae5c-d0925744e3a7","local_time":"20181104070416","is_ascension_mode":false,"campfire_choices":[{"data":"Havoc","floor":8,"key":"SMITH"},{"data":"Havoc","floor":10,"key":"SMITH"},{"data":"Bash","floor":15,"key":"SMITH"},{"floor":27,"key":"REST"}],"neow_cost":"NONE","seed_source_timestamp":512537248899928,"circlet_count":0,"master_deck":["Bash+1","Headbutt","Havoc+1","Havoc+1","Ghostly Armor","Pommel Strike","Clothesline","Fire Breathing","Rampage","Demon Form","Rampage","Bloodletting","Perfected Strike","True Grit","Perfected Strike","Clothesline","Body Slam","Cleave","Flame Barrier","Carnage","Shrug It Off","Intimidate+1"],"relics":["Burning Blood","NeowsBlessing","Golden Idol","Happy Flower","Smiling Mask","Mercury Hourglass","War Paint","Pandora\u0027s Box","Tiny Chest","Incense Burner","Ice Cream","Toxic Egg 2"],"potions_floor_usage":[16,29,29],"damage_taken":[{"damage":0,"enemies":"2 Louse","floor":1,"turns":1},{"damage":0,"enemies":"Small Slimes","floor":5,"turns":1},{"damage":0,"enemies":"Gremlin Nob","floor":6,"turns":1},{"damage":1,"enemies":"Cultist","floor":7,"turns":3},{"damage":24,"enemies":"3 Sentries","floor":11,"turns":10},{"damage":0,"enemies":"Large Slime","floor":12,"turns":4},{"damage":11,"enemies":"Lagavulin","floor":13,"turns":5},{"damage":0,"enemies":"Blue Slaver","floor":14,"turns":3},{"damage":0,"enemies":"Slime Boss","floor":16,"turns":6},{"damage":13,"enemies":"Spheric Guardian","floor":18,"turns":3},{"damage":5,"enemies":"3 Byrds","floor":22,"turns":3},{"damage":45,"enemies":"Slavers","floor":23,"turns":5},{"damage":21,"enemies":"Cultist and Chosen","floor":24,"turns":5},{"damage":42,"enemies":"3 Cultists","floor":28,"turns":5},{"damage":8,"enemies":"Snake Plant","floor":29,"turns":3}],"seed_played":"1379833969439328885","potions_obtained":[{"floor":12,"key":"FearPotion"},{"floor":13,"key":"PowerPotion"},{"floor":16,"key":"PowerPotion"},{"floor":18,"key":"Dexterity Potion"}],"is_trial":false,"path_per_floor":["M","?","?","?","M","E","M","R","T","R","E","M","E","M","R","B",null,"M","?","?","T","M","E","M","?","T","R","M","M"],"character_chosen":"IRONCLAD","items_purchased":[],"campfire_rested":1,"item_purchase_floors":[],"current_hp_per_floor":[80,80,60,60,66,72,77,77,77,77,59,65,60,66,66,72,80,73,73,73,73,74,35,20,20,20,44,8,0],"gold":631,"neow_bonus":"THREE_ENEMY_KILL","is_prod":false,"is_daily":false,"chose_seed":false,"campfire_upgraded":3,"win_rate":0,"timestamp":1541304256,"path_taken":["M","?","?","?","M","E","M","R","T","R","E","M","E","?","R","BOSS","M","?","?","?","M","E","M","?","T","R","M","?"],"build_version":"2018-11-02","purchased_purges":0,"victory":false,"max_hp_per_floor":[80,80,80,80,80,80,80,80,80,80,80,80,80,80,80,80,80,80,80,80,80,80,80,80,80,80,80,80,80],"card_choices":[{"not_picked":["Anger","Cleave"],"picked":"Headbutt","floor":1},{"not_picked":["Anger","Armaments"],"picked":"Havoc","floor":5},{"not_picked":["Reaper","Sentinel"],"picked":"Havoc","floor":6},{"not_picked":["Corruption","Thunderclap"],"picked":"Ghostly Armor","floor":7},{"not_picked":["Cleave","Warcry"],"picked":"Pommel Strike","floor":11},{"not_picked":["True Grit","Heavy Blade"],"picked":"Clothesline","floor":12},{"not_picked":["Feel No Pain","Power Through"],"picked":"Fire Breathing","floor":13},{"not_picked":["Hemokinesis","True Grit"],"picked":"Rampage","floor":14},{"not_picked":["Immolate","Exhume"],"picked":"Demon Form","floor":16},{"not_picked":["Clash+1","Shrug It Off"],"picked":"Flame Barrier","floor":18},{"not_picked":["Rampage","Pommel Strike","Clothesline"],"picked":"SKIP","floor":22},{"not_picked":["Havoc+1","Pummel"],"picked":"Carnage","floor":23},{"not_picked":["Twin Strike","Warcry"],"picked":"Shrug It Off","floor":24},{"not_picked":["Clothesline","Evolve"],"picked":"Intimidate+1","floor":28}],"player_experience":874498,"relics_obtained":[{"floor":6,"key":"Smiling Mask"},{"floor":11,"key":"Mercury Hourglass"},{"floor":13,"key":"War Paint"},{"floor":21,"key":"Incense Burner"},{"floor":23,"key":"Ice Cream"},{"floor":26,"key":"Toxic Egg 2"}],"event_choices":[{"cards_removed":["Strike_R"],"damage_healed":0,"gold_gain":0,"player_choice":"Card Removal","damage_taken":0,"max_hp_gain":0,"max_hp_loss":0,"event_name":"The Cleric","floor":2,"gold_loss":50},{"damage_healed":0,"gold_gain":0,"player_choice":"Take Damage","damage_taken":20,"relics_obtained":["Golden Idol"],"max_hp_gain":0,"max_hp_loss":0,"event_name":"Golden Idol","floor":3,"gold_loss":0},{"damage_healed":0,"gold_gain":0,"player_choice":"Paid Gold","damage_taken":0,"relics_obtained":["Happy Flower"],"max_hp_gain":0,"max_hp_loss":0,"event_name":"WeMeetAgain","floor":4,"gold_loss":52},{"damage_healed":0,"gold_gain":99,"player_choice":"Stole From Cult","damage_taken":0,"max_hp_gain":0,"max_hp_loss":0,"event_name":"Nest","floor":19,"gold_loss":0},{"damage_healed":0,"gold_gain":0,"player_choice":"Obtained Relic","damage_taken":0,"relics_obtained":["Tiny Chest"],"max_hp_gain":0,"max_hp_loss":0,"event_name":"Addict","floor":20,"gold_loss":85},{"damage_healed":0,"gold_gain":0,"player_choice":"Ignored","damage_taken":0,"max_hp_gain":0,"max_hp_loss":0,"event_name":"Vampires","floor":25,"gold_loss":0}],"is_beta":true,"boss_relics":[{"not_picked":["Velvet Choker","Runic Dome"],"picked":"Pandora\u0027s Box"}],"items_purged_floors":[],"is_endless":false,"potions_floor_spawned":[12,13,16,18,28],"killed_by":"Snake Plant","ascension_level":0}