{"path_per_floor":["M","?","?","M","M","R","?","M","T","E","M","T","M","M","R","B",null,"M","?","$","?","M","E","R","?","T","M","R","T","R","$","R","B",null,"M","M","?","M","?","R","M","M","T","R","$","R","M","M","R"],"character_chosen":"THE_SILENT","items_purchased":["Infinite Blades","Orichalcum","Singing Bowl","Noxious Fumes","Deadly Poison","Accuracy"],"gold_per_floor":[214,214,214,234,249,249,249,259,259,287,298,380,396,411,411,513,513,533,533,93,8,25,51,51,83,138,151,151,151,151,29,29,129,129,147,165,165,179,179,179,193,207,207,207,34,34,44,56,56],"floor_reached":50,"campfire_rested":1,"playtime":5475,"current_hp_per_floor":[69,69,62,62,62,62,48,47,47,28,10,10,10,8,29,54,70,70,70,70,70,70,54,54,68,68,70,70,70,70,70,70,47,72,36,23,41,28,62,62,23,19,19,19,19,19,5,17,17],"items_purged":["Dagger Spray","Writhe"],"gold":56,"play_id":"4aa59741-4f52-4365-ae0c-fd9031af74ba","is_prod":false,"is_daily":false,"campfire_rituals":0,"campfire_upgraded":7,"is_hardmode":false,"path_taken":["BOSS","M","?","?","M","?","R","?","M","T","E","M","?","M","M","R","BOSS","M","?","$","?","?","E","R","?","T","M","R","?","R","?","R","BOSS","M","?","?","M","?","R","M","M","T","R","$","R","M","M","R","BOSS"],"build_version":"2018-01-18-BETA1","purchased_purges":2,"victory":false,"master_deck":["Survivor","Neutralize","Sucker Punch","Cloak And Dagger","Quick Slash","Caltrops","Dash","Malaise","Bullet Time","Slice","Dagger Spray","Skewer","Dagger Spray","Sucker Punch","Slice","Well Laid Plans","Infinite Blades","Poisoned Stab","Heel Hook","Accuracy","Noxious Fumes","Deadly Poison","A Thousand Cuts","Escape Plan","Dash","Cloak And Dagger","Calculated Gamble","Accuracy","PiercingWail","Deflect"],"max_hp_per_floor":[70,70,70,70,70,70,70,70,70,70,70,70,70,70,70,70,70,70,70,70,70,70,70,70,72,72,72,72,72,72,72,72,72,72,72,72,72,72,62,62,64,64,64,64,64,64,64,64,64],"relics":["Ring of the Snake","Frozen Egg","Toxic Egg","Pantograph","Pandora\u0027s Box","Orichalcum","Singing Bowl","Mercury Hourglass","Bird Faced Urn","Red Mask","Art of War","Calipers","The Specimen","Girya"],"campfire_meditates":0,"card_choices":[{"not_picked":["Underhanded Strike","Deflect"],"picked":"Sucker Punch"},{"not_picked":["Sucker Punch","Caltrops"],"picked":"Cloak And Dagger"},{"not_picked":["Dagger Spray","Slice"],"picked":"Quick Slash"},{"not_picked":["Slice","Reflex"],"picked":"Caltrops"},{"not_picked":["Bouncing Flask","Sucker Punch"],"picked":"Dash"},{"not_picked":["Dodge and Roll","Expertise"],"picked":"Malaise"},{"not_picked":["After Image","Adrenaline"],"picked":"Bullet Time"},{"not_picked":["Sucker Punch","Underhanded Strike"],"picked":"Poisoned Stab"},{"not_picked":["Bouncing Flask","PiercingWail"],"picked":"Heel Hook"},{"not_picked":["Deflect","Bouncing Flask"],"picked":"Accuracy"},{"not_picked":["Glass Knife","Phantasmal Killer"],"picked":"A Thousand Cuts"},{"not_picked":["Masterful Stab","Slice"],"picked":"Escape Plan"},{"not_picked":["Sucker Punch","Endless Agony"],"picked":"Dash"},{"not_picked":["Slice","Deflect"],"picked":"Cloak And Dagger"},{"not_picked":["Deadly Poison","Catalyst"],"picked":"Calculated Gamble"},{"not_picked":["Quick Slash","Acrobatics"],"picked":"PiercingWail"},{"not_picked":["Reflex","Slice"],"picked":"Deflect"}],"player_experience":132999,"potions_floor_usage":[11,11,18,25,33,33,36,47,48,50,50],"damage_taken":[{"damage":1,"enemies":"Cultist","floor":1,"turns":4},{"damage":0,"enemies":"2 Louse","floor":4,"turns":4},{"damage":0,"enemies":"Jaw Worm","floor":5,"turns":4},{"damage":1,"enemies":"Looter","floor":8,"turns":3},{"damage":19,"enemies":"Lagavulin","floor":10,"turns":8},{"damage":18,"enemies":"Exordium Thugs","floor":11,"turns":3},{"damage":0,"enemies":"Gremlin Gang","floor":13,"turns":6},{"damage":2,"enemies":"Looter","floor":14,"turns":3},{"damage":0,"enemies":"Hexaghost","floor":16,"turns":11},{"damage":0,"enemies":"3 Byrds","floor":18,"turns":3},{"damage":0,"enemies":"Shell Parasite","floor":22,"turns":4},{"damage":16,"enemies":"Gremlin Leader","floor":23,"turns":7},{"damage":3,"enemies":"Masked Bandits","floor":25,"turns":3},{"damage":4,"enemies":"Snake Plant","floor":27,"turns":4},{"damage":27,"enemies":"Automaton","floor":33,"turns":8},{"damage":41,"enemies":"3 Shapes","floor":35,"turns":4},{"damage":25,"enemies":"3 Darklings","floor":36,"turns":5},{"damage":23,"enemies":"Spire Growth","floor":38,"turns":6},{"damage":45,"enemies":"Sphere and 2 Shapes","floor":41,"turns":5},{"damage":16,"enemies":"Maw","floor":42,"turns":8},{"damage":24,"enemies":"Spire Growth","floor":47,"turns":4},{"damage":2,"enemies":"3 Darklings","floor":48,"turns":5},{"damage":66,"enemies":"Donu and Deca","floor":50,"turns":8}],"event_choices":[{"event_name":"Living Wall","player_choice":"Forget","floor":2,"damage_taken":0},{"event_name":"Golden Wing","player_choice":"Card Removal","floor":3,"damage_taken":0},{"event_name":"Shining Light","player_choice":"Entered Light","floor":7,"damage_taken":0},{"event_name":"The Lab","player_choice":"Got Potions","floor":19,"damage_taken":0},{"event_name":"Addict","player_choice":"Obtained Relic","floor":21,"damage_taken":0},{"event_name":"Masked Bandits","player_choice":"Fought over 51 gold","floor":25,"damage_taken":0},{"event_name":"Winding Halls","player_choice":"Writhe","floor":37,"damage_taken":0},{"event_name":"The Moai Head","player_choice":"Heal","floor":39,"damage_taken":0}],"boss_relics":[{"not_picked":["Sozu","Ectoplasm"],"picked":"Pandora\u0027s Box"},{"not_picked":["Snecko Eye","Philosopher\u0027s Stone"],"picked":"The Specimen"}],"potions_floor_spawned":[8,10,16,25,33,35,42,47],"seed_played":"3711871379166828310","killed_by":"Donu and Deca","is_trial":false}