{"path_per_floor":["M","M","?","M","$","R","M","M","T","M","R","M","$","M","R","B",null,"M","M","?","?","?","R","E","R","T","?","M","M","M","?","R","B",null,"M","M","?"],"character_chosen":"IRONCLAD","items_purchased":["Bandage Up","Shrug It Off","Armaments"],"gold_per_floor":[113,132,82,100,8,8,22,32,59,78,78,97,0,13,13,113,113,128,141,56,56,56,56,86,86,86,86,101,117,135,135,135,240,240,250,264,264,264],"floor_reached":38,"campfire_rested":1,"playtime":1323,"item_purchase_floors":[5,13,13],"current_hp_per_floor":[88,88,88,86,86,86,82,80,80,70,70,80,80,88,88,82,88,59,51,51,51,35,35,17,58,58,65,69,75,41,41,41,48,66,45,53,53,0],"items_purged":[],"gold":264,"score":415,"play_id":"a96eecee-09a7-4383-b803-fc68b0d61bd3","local_time":"20180614194554","is_prod":false,"is_daily":false,"chose_seed":false,"is_ascension_mode":false,"campfire_upgraded":5,"win_rate":0,"timestamp":1528994754,"campfire_choices":[{"data":"Searing Blow","floor":6,"key":"SMITH"},{"data":"Searing Blow+1","floor":11,"key":"SMITH"},{"data":"Searing Blow+2","floor":15,"key":"SMITH"},{"data":"Searing Blow+3","floor":23,"key":"SMITH"},{"floor":25,"key":"REST"},{"data":"Searing Blow+4","floor":32,"key":"SMITH"}],"path_taken":["M","?","?","M","$","R","M","M","T","M","R","?","?","M","R","BOSS","M","M","?","?","?","R","E","R","T","?","?","M","M","?","R","BOSS","M","M","?","BOSS"],"build_version":"2018-06-13v3","seed_source_timestamp":435139231171507,"purchased_purges":0,"victory":false,"master_deck":["Defend_R","Defend_R","Defend_R","Bash","Searing Blow+5","Disarm","Headbutt","Bandage Up","Iron Wave","Clothesline","Demon Form","Shrug It Off","Armaments","Seeing Red","Immolate","Battle Trance","Flame Barrier+1","Necronomicurse","Dual Wield","Power Through+1","Writhe","Disarm","Bloodletting","Bite","Bite","Bite","Bite","Bite","Iron Wave+1"],"max_hp_per_floor":[88,88,88,88,88,88,88,88,88,88,88,88,88,88,88,88,88,88,88,88,88,88,88,88,88,88,95,95,95,95,66,66,66,66,66,66,66,66],"relics":["Burning Blood","Dream Catcher","Empty Cage","Regal Pillow","Necronomicon","Anchor","Gremlin Horn","Strawberry","Snecko Eye"],"card_choices":[{"not_picked":["Inflame","Anger"],"picked":"Searing Blow","floor":1},{"not_picked":["Clothesline","Rage"],"picked":"Disarm","floor":2},{"not_picked":["Sword Boomerang","Warcry"],"picked":"Headbutt","floor":4},{"not_picked":["Havoc","Combust"],"picked":"Iron Wave","floor":7},{"not_picked":["Anger","True Grit","Clash"],"picked":"SKIP","floor":8},{"not_picked":["Combust","Blood for Blood"],"picked":"Clothesline","floor":10},{"not_picked":["Flex","Iron Wave"],"picked":"Demon Form","floor":12},{"not_picked":["Searing Blow","Heavy Blade"],"picked":"Seeing Red","floor":14},{"not_picked":["Bludgeon","Fiend Fire"],"picked":"Immolate","floor":16},{"not_picked":["Pummel","Twin Strike"],"picked":"Battle Trance","floor":18},{"not_picked":["Havoc","Dual Wield"],"picked":"Flame Barrier+1","floor":19},{"not_picked":["Searing Blow","Cleave"],"picked":"Dual Wield","floor":24},{"not_picked":["Battle Trance","Sword Boomerang+1"],"picked":"Power Through+1","floor":25},{"not_picked":["Shrug It Off","Clothesline"],"picked":"Disarm","floor":28},{"not_picked":["Bludgeon","Heavy Blade","Hemokinesis+1"],"picked":"SKIP","floor":29},{"not_picked":["Headbutt","Sentinel"],"picked":"Bloodletting","floor":30},{"not_picked":["Twin Strike+1","Inflame+1"],"picked":"Iron Wave+1","floor":35},{"not_picked":["Spot Weakness+1","Thunderclap","Wild Strike"],"picked":"SKIP","floor":36}],"player_experience":514795,"potions_floor_usage":[8,16,16,38,38,38],"damage_taken":[{"damage":1,"enemies":"Cultist","floor":1,"turns":3},{"damage":5,"enemies":"Jaw Worm","floor":2,"turns":4},{"damage":8,"enemies":"2 Louse","floor":4,"turns":3},{"damage":14,"enemies":"2 Fungi Beasts","floor":7,"turns":3},{"damage":12,"enemies":"Gremlin Gang","floor":8,"turns":4},{"damage":20,"enemies":"Exordium Thugs","floor":10,"turns":5},{"damage":0,"enemies":"Large Slime","floor":12,"turns":5},{"damage":1,"enemies":"2 Fungi Beasts","floor":14,"turns":3},{"damage":16,"enemies":"The Guardian","floor":16,"turns":11},{"damage":35,"enemies":"Chosen","floor":18,"turns":5},{"damage":18,"enemies":"Shell Parasite","floor":19,"turns":4},{"damage":28,"enemies":"Book of Stabbing","floor":24,"turns":4},{"damage":6,"enemies":"Snake Plant","floor":28,"turns":2},{"damage":0,"enemies":"Centurion and Healer","floor":29,"turns":3},{"damage":44,"enemies":"Cultist and Chosen","floor":30,"turns":9},{"damage":9,"enemies":"Collector","floor":33,"turns":6},{"damage":29,"enemies":"3 Darklings","floor":35,"turns":4},{"damage":0,"enemies":"Orb Walker","floor":36,"turns":2},{"damage":73,"enemies":"Awakened One","floor":38,"turns":11}],"relics_obtained":[{"floor":9,"key":"Dream Catcher"},{"floor":22,"key":"Necronomicon"},{"floor":24,"key":"Anchor"},{"floor":26,"key":"Gremlin Horn"}],"event_choices":[{"event_name":"The Cleric","player_choice":"Card Removal","floor":3,"damage_taken":0},{"event_name":"Addict","player_choice":"Obtained Relic","floor":20,"damage_taken":0},{"event_name":"Ghosts","player_choice":"Ignored","floor":21,"damage_taken":0},{"event_name":"Cursed Tome","player_choice":"Obtained Book","floor":22,"damage_taken":0},{"event_name":"The Mausoleum","player_choice":"Yes","floor":27,"damage_taken":0},{"event_name":"Vampires","player_choice":"Became a vampire","floor":31,"damage_taken":0},{"event_name":"SecretPortal","player_choice":"Took Portal.","floor":37,"damage_taken":0}],"boss_relics":[{"not_picked":["Velvet Choker","Ectoplasm"],"picked":"Empty Cage"},{"not_picked":["Lizard Tail","Orrery"],"picked":"Snecko Eye"}],"items_purged_floors":[],"potions_floor_spawned":[1,7,10,19,30,33,36],"seed_played":"-22424264464390013","killed_by":"Awakened One","ascension_level":0,"potions_obtained":[{"floor":1,"key":"Block Potion"},{"floor":7,"key":"Fire Potion"},{"floor":10,"key":"Block Potion"},{"floor":19,"key":"EssenceOfSteel"},{"floor":30,"key":"Poison Potion"},{"floor":33,"key":"SteroidPotion"},{"floor":36,"key":"Poison Potion"}],"is_trial":false}