{"path_per_floor":["M","M","M","M","?","R","M","$","T","?","M","R","M","M","R"],"character_chosen":"IRONCLAD","items_purchased":[],"gold_per_floor":[19,33,52,62,62,62,87,12,35,35,56,56,75,96,96,96],"floor_reached":16,"campfire_rested":0,"playtime":478,"current_hp_per_floor":[96,96,91,80,56,56,50,50,50,50,39,39,46,39,39,0],"items_purged":["Strike_R"],"gold":96,"score":121,"play_id":"7e9d2f39-5e21-4b66-9b66-701c9fb19741","local_time":"20180506133402","is_prod":false,"is_daily":false,"chose_seed":false,"is_ascension_mode":false,"campfire_upgraded":3,"timestamp":1525602842,"path_taken":["M","M","?","M","?","R","?","?","T","?","M","R","M","?","R","BOSS"],"build_version":"2018-05-03","seed_source_timestamp":576920770516958,"purchased_purges":1,"victory":false,"master_deck":["Strike_R","Strike_R","Strike_R","Strike_R","Defend_R","Defend_R","Defend_R","Defend_R","Bash","Bloodletting","Thunderclap","Headbutt","Clothesline+1","Iron Wave+1","Infernal Blade+1","Shrug It Off","Pommel Strike"],"max_hp_per_floor":[96,96,96,96,96,96,96,96,96,96,96,96,98,100,100,100],"relics":["Burning Blood","Golden Idol","Singing Bowl"],"card_choices":[{"not_picked":["Spot Weakness","Anger"],"picked":"Bloodletting","floor":1},{"not_picked":["Perfected Strike","Entrench"],"picked":"Thunderclap","floor":2},{"not_picked":["Carnage","Heavy Blade"],"picked":"Headbutt","floor":3},{"not_picked":["Uppercut","Reckless Charge"],"picked":"Clothesline","floor":4},{"not_picked":["Pummel","Anger"],"picked":"Iron Wave","floor":7},{"not_picked":["Headbutt","Rampage"],"picked":"Pommel Strike","floor":11}],"player_experience":405562,"potions_floor_usage":[4],"damage_taken":[{"damage":1,"enemies":"Cultist","floor":1,"turns":3},{"damage":0,"enemies":"2 Louse","floor":2,"turns":3},{"damage":11,"enemies":"Jaw Worm","floor":3,"turns":3},{"damage":17,"enemies":"Gremlin Gang","floor":4,"turns":3},{"damage":12,"enemies":"Blue Slaver","floor":7,"turns":3},{"damage":17,"enemies":"Exordium Thugs","floor":11,"turns":5},{"damage":1,"enemies":"Exordium Wildlife","floor":13,"turns":3},{"damage":15,"enemies":"Blue Slaver","floor":14,"turns":3},{"damage":41,"enemies":"Hexaghost","floor":16,"turns":9}],"event_choices":[{"event_name":"Golden Idol","player_choice":"Take Damage","floor":5,"damage_taken":0},{"event_name":"Match and Keep!","player_choice":"2 cards matched","floor":10,"damage_taken":0}],"boss_relics":[],"potions_floor_spawned":[1,2,7,14],"seed_played":"4759823149357179029","killed_by":"Hexaghost","ascension_level":0,"is_trial":false}