{"path_per_floor":["M","?","?","M","$","R","?","R","T","E","?","R","M","M","R","B",null,"M","?","$"],"character_chosen":"DEFECT","items_purchased":["Redo","Genetic Algorithm"],"gold_per_floor":[115,115,115,126,47,47,47,47,70,102,102,102,118,131,131,226,226,237,160,13,13],"floor_reached":21,"campfire_rested":0,"playtime":1192,"current_hp_per_floor":[68,68,68,70,70,70,75,75,75,64,64,64,71,55,55,27,80,80,80,80,0],"items_purged":["Strike_B"],"gold":13,"score":175,"play_id":"40564b83-c786-425e-aefb-d99e92aad1f6","local_time":"20180427213959","is_prod":false,"is_daily":false,"chose_seed":false,"is_ascension_mode":false,"campfire_upgraded":4,"timestamp":1524854399,"path_taken":["M","?","?","?","?","R","?","R","T","E","?","R","M","M","R","BOSS","M","?","$","M"],"build_version":"2018-04-26v2","seed_source_timestamp":719349049167067,"purchased_purges":1,"victory":false,"master_deck":["Strike_B","Strike_B","Defend_B","Defend_B+1","Defend_B","Defend_B","Zap+1","Dualcast+1","Prime+1","Self Repair","Decay","Coolheaded","Redo+1","Hologram+1","Streamline+1","Loop","Fission","Hello World","J.A.X.","Genetic Algorithm"],"max_hp_per_floor":[75,75,75,75,75,75,80,80,80,80,80,80,80,80,80,80,80,80,80,80,80],"relics":["Cracked Core","War Paint","Juzu Bracelet","Philosopher\u0027s Stone"],"card_choices":[{"not_picked":["Loop","Hologram"],"picked":"Self Repair","floor":1},{"not_picked":["Force Field","Heatsinks"],"picked":"Coolheaded","floor":4},{"not_picked":["Conserve Battery","Blizzard"],"picked":"Hologram","floor":10},{"not_picked":["Beam Cell","Self Repair"],"picked":"Streamline","floor":13},{"not_picked":["Biased Cognition","Flux Capacitor"],"picked":"Loop","floor":14},{"not_picked":["Prime","Seek"],"picked":"Fission","floor":16},{"not_picked":["Hologram","Barrage"],"picked":"Hello World","floor":18}],"player_experience":380572,"potions_floor_usage":[10,10,21],"damage_taken":[{"damage":7,"enemies":"2 Louse","floor":1,"turns":2},{"damage":5,"enemies":"Cultist","floor":4,"turns":5},{"damage":18,"enemies":"Gremlin Nob","floor":10,"turns":4},{"damage":0,"enemies":"Small Slimes","floor":13,"turns":4},{"damage":23,"enemies":"Gremlin Gang","floor":14,"turns":5},{"damage":35,"enemies":"Slime Boss","floor":16,"turns":9},{"damage":4,"enemies":"Chosen","floor":18,"turns":6},{"damage":88,"enemies":"3 Byrds","floor":21,"turns":3}],"event_choices":[{"event_name":"Purifier","player_choice":"One Purge","floor":2,"damage_taken":0},{"event_name":"Wheel of Change","player_choice":"Curse","floor":3,"damage_taken":0},{"event_name":"Big Fish","player_choice":"Donut","floor":7,"damage_taken":0},{"event_name":"Living Wall","player_choice":"Grow","floor":11,"damage_taken":0},{"event_name":"Drug Dealer","player_choice":"Got JAXXED","floor":19,"damage_taken":0}],"boss_relics":[{"not_picked":["Calling Bell","Tiny House"],"picked":"Philosopher\u0027s Stone"}],"potions_floor_spawned":[1,4,18],"seed_played":"-5654744668830018813","killed_by":"3 Byrds","ascension_level":0,"is_trial":false}