{"gold_per_floor":[114,74,85,10,22,53,73,73,96,117,82,97,97,111,111,232,232,246,345,0,0,19,58,58,92,139,160,160],"floor_reached":28,"playtime":1957,"items_purged":["Strike_B","Strike_B"],"score":299,"play_id":"c91ab0bf-080f-451a-a3b5-2fbfe3d9fbff","local_time":"20181211101143","is_ascension_mode":true,"campfire_choices":[{"data":"Hologram","floor":13.0,"key":"SMITH"},{"floor":15.0,"key":"REST"},{"data":"Fission","floor":24,"key":"SMITH"}],"neow_cost":"PERCENT_DAMAGE","seed_source_timestamp":0,"circlet_count":0,"master_deck":["Strike_B","Defend_B","Defend_B","Defend_B","Defend_B","Zap","Dualcast","Heatsinks","Ball Lightning","Streamline","Echo Form","Steam","Sunder","Hologram+1","Defragment","Fission+1","Genetic Algorithm","Rebound","Enlightenment","Turbo","Leap","Leap","Cold Snap","Coolheaded"],"special_seed":0,"relics":["Cracked Core","Boot","Golden Idol","Coffee Dripper","Lantern","Regal Pillow","Bag of Marbles"],"potions_floor_usage":[25],"damage_taken":[{"damage":6.0,"enemies":"Jaw Worm","floor":1.0,"turns":3.0},{"damage":1.0,"enemies":"Cultist","floor":3.0,"turns":3.0},{"damage":5.0,"enemies":"Small Slimes","floor":5.0,"turns":2.0},{"damage":33.0,"enemies":"3 Sentries","floor":6.0,"turns":7.0},{"damage":2.0,"enemies":"2 Fungi Beasts","floor":7.0,"turns":4.0},{"damage":10.0,"enemies":"Looter","floor":10.0,"turns":3.0},{"damage":8.0,"enemies":"Exordium Thugs","floor":12.0,"turns":2.0},{"damage":5.0,"enemies":"Large Slime","floor":14.0,"turns":6.0},{"damage":36.0,"enemies":"The Guardian","floor":16.0,"turns":8.0},{"damage":8.0,"enemies":"3 Byrds","floor":18.0,"turns":5.0},{"damage":0.0,"enemies":"Chosen","floor":22.0,"turns":6.0},{"damage":49,"enemies":"Slavers","floor":23,"turns":6},{"damage":0,"enemies":"Gremlin Leader","floor":25,"turns":7},{"damage":17,"enemies":"3 Cultists","floor":27,"turns":6},{"damage":12,"enemies":"Shelled Parasite and Fungi","floor":28,"turns":1}],"seed_played":"6839823102590130836","potions_obtained":[{"floor":2.0,"key":"Swift Potion"},{"floor":2.0,"key":"Swift Potion"},{"floor":2.0,"key":"Strength Potion"},{"floor":3.0,"key":"Block Potion"},{"floor":7.0,"key":"LiquidBronze"},{"floor":10.0,"key":"AttackPotion"},{"floor":22.0,"key":"FocusPotion"}],"is_trial":false,"path_per_floor":["M","?","M","$","M","E","M","?","T","M","?","M","R","M","R","B",null,"M","?","$","?","M","E","R","E","T","M","M"],"character_chosen":"DEFECT","items_purchased":["Rebound","Enlightenment","Turbo","Leap"],"campfire_rested":1,"item_purchase_floors":[20,20,20,20],"current_hp_per_floor":[62,62,61,61,56,23,21,21,21,11,31,23,23,18,42,6,82,74,74,74,74,74,25,25,25,25,8,0],"gold":160,"neow_bonus":"TWENTY_PERCENT_HP_BONUS","is_prod":false,"is_daily":false,"chose_seed":false,"campfire_upgraded":2,"win_rate":0,"timestamp":1544512303,"path_taken":["M","?","M","?","?","E","M","?","T","M","?","M","R","M","R","BOSS","M","?","$","?","M","E","R","E","T","M","?"],"build_version":"2018-12-06","purchased_purges":2,"victory":false,"max_hp_per_floor":[89,89,89,89,89,89,89,82,82,82,82,82,82,82,82,82,82,82,82,82,82,82,82,82,82,82,82,82],"card_choices":[{"not_picked":["Barrage","Lockon"],"picked":"Heatsinks","floor":1.0},{"not_picked":["Sweeping Beam","Cold Snap"],"picked":"Ball Lightning","floor":3.0},{"not_picked":["Coolheaded","Hologram"],"picked":"Streamline","floor":5.0},{"not_picked":["Force Field","Buffer"],"picked":"Echo Form","floor":6.0},{"not_picked":["Sweeping Beam","Steam Power"],"picked":"Steam","floor":7.0},{"not_picked":["Stack","Recycle"],"picked":"Sunder","floor":10.0},{"not_picked":["Reprogram","Conserve Battery"],"picked":"Hologram","floor":12.0},{"not_picked":["Genetic Algorithm","Stack"],"picked":"Defragment","floor":14.0},{"not_picked":["Hyperbeam","Reboot"],"picked":"Fission","floor":16.0},{"not_picked":["Reprogram","Beam Cell"],"picked":"Genetic Algorithm","floor":18.0},{"not_picked":["Sweeping Beam","Compile Driver+1"],"picked":"Leap","floor":22.0},{"not_picked":["Aggregate+1","Biased Cognition"],"picked":"Cold Snap","floor":23},{"not_picked":["Sweeping Beam","Skim"],"picked":"Coolheaded","floor":25},{"not_picked":["Coolheaded+1","Redo","Streamline"],"picked":"SKIP","floor":27}],"player_experience":966927,"relics_obtained":[{"floor":6.0,"key":"Boot"},{"floor":23,"key":"Lantern"},{"floor":25,"key":"Regal Pillow"},{"floor":26,"key":"Bag of Marbles"}],"event_choices":[{"damage_healed":0.0,"max_hp_gain":0.0,"max_hp_loss":0.0,"gold_gain":0.0,"event_name":"The Woman in Blue","player_choice":"Bought 3 Potions","floor":2.0,"gold_loss":0.0,"damage_taken":0.0},{"damage_healed":0.0,"max_hp_gain":0.0,"max_hp_loss":7.0,"gold_gain":0.0,"event_name":"Golden Idol","player_choice":"Lose Max HP","floor":8.0,"gold_loss":0.0,"damage_taken":0.0,"relics_obtained":["Golden Idol"]},{"damage_healed":20.0,"max_hp_gain":0.0,"max_hp_loss":0.0,"gold_gain":0.0,"event_name":"The Cleric","player_choice":"Healed","floor":11.0,"gold_loss":35.0,"damage_taken":0.0},{"damage_healed":0.0,"max_hp_gain":0.0,"max_hp_loss":0.0,"gold_gain":99.0,"event_name":"Nest","player_choice":"Stole From Cult","floor":19.0,"gold_loss":0.0,"damage_taken":0.0},{"cards_removed":["Strike_B"],"damage_healed":0.0,"max_hp_gain":0.0,"max_hp_loss":0.0,"gold_gain":0.0,"event_name":"Purifier","player_choice":"Purged","floor":21.0,"gold_loss":0.0,"damage_taken":0.0}],"is_beta":true,"boss_relics":[{"not_picked":["Astrolabe","Velvet Choker"],"picked":"Coffee Dripper"}],"items_purged_floors":[4,20],"is_endless":false,"potions_floor_spawned":[3,7,10,22],"killed_by":"Shelled Parasite and Fungi","ascension_level":1}