{"path_per_floor":["M","M","?","M","M","?","?","T","T","R","M","M","?","M","R","B",null,"M","$","M","M","M","R","M","R","T","?","R","?","T","M","R"],"character_chosen":"IRONCLAD","items_purchased":["Shovel","Apotheosis"],"gold_per_floor":[110,124,124,148,171,171,171,171,171,171,189,209,384,407,407,531,531,550,5,30,54,68,68,83,83,106,106,106,106,175,190,190,190],"floor_reached":33,"campfire_rested":3,"playtime":1821,"current_hp_per_floor":[68,72,54,60,26,26,19,19,19,40,26,27,27,33,33,39,72,57,57,44,39,41,41,18,41,41,41,41,25,25,10,33,0],"items_purged":["Doubt"],"gold":190,"score":291,"play_id":"165fb908-d91a-4266-b397-6aa552b51b46","local_time":"20180320113659","is_prod":false,"is_daily":false,"is_ascension_mode":false,"campfire_upgraded":2,"timestamp":1521535019,"path_taken":["M","M","?","?","M","?","?","?","T","R","M","M","?","M","R","BOSS","M","$","M","M","M","R","M","R","T","?","R","?","?","M","R","BOSS"],"build_version":"2018-03-19","purchased_purges":1,"victory":false,"master_deck":["Strike_R","Strike_R","Strike_R","Defend_R","Defend_R","Defend_R","Defend_R","Bash","Headbutt","Armaments+1","Clothesline","Shrug It Off","Flex","Berserk+1","Juggernaut","Decay","Clumsy","Clumsy","Thunderclap","Apotheosis+1","Shockwave","Whirlwind+1"],"max_hp_per_floor":[72,72,72,72,72,72,72,72,72,72,72,72,72,72,72,72,72,72,72,72,74,76,76,78,78,78,78,78,78,78,78,78,78],"relics":["Burning Blood","Champion Belt","Golden Idol","Ice Cream","Toolbox","Calling Bell","Singing Bowl","Torii","Orichalcum","Shovel","Bag of Preparation","Omamori","Enchiridion","Molten Egg 2"],"card_choices":[{"not_picked":["Wild Strike","Metallicize"],"picked":"Headbutt","floor":1},{"not_picked":["Second Wind","Twin Strike"],"picked":"Armaments","floor":2},{"not_picked":["True Grit","Armaments"],"picked":"Clothesline","floor":4},{"not_picked":["Evolve","Carnage"],"picked":"Shrug It Off","floor":5},{"not_picked":["Clash","Sever Soul"],"picked":"Flex","floor":11},{"not_picked":["Armaments","Twin Strike"],"picked":"Berserk","floor":12},{"not_picked":["Berserk","Dark Embrace"],"picked":"Juggernaut","floor":16},{"not_picked":["Flame Barrier","Clash"],"picked":"Thunderclap","floor":18},{"not_picked":["Iron Wave","Flex"],"picked":"Shockwave","floor":20},{"not_picked":["Headbutt","Flex"],"picked":"Whirlwind","floor":31}],"player_experience":287017,"potions_floor_usage":[16,16,20,31,33],"damage_taken":[{"damage":10,"enemies":"Jaw Worm","floor":1,"turns":4},{"damage":0,"enemies":"Cultist","floor":2,"turns":3},{"damage":0,"enemies":"2 Louse","floor":4,"turns":3},{"damage":40,"enemies":"Gremlin Gang","floor":5,"turns":6},{"damage":20,"enemies":"Exordium Thugs","floor":11,"turns":6},{"damage":5,"enemies":"Looter","floor":12,"turns":3},{"damage":0,"enemies":"2 Fungi Beasts","floor":14,"turns":4},{"damage":0,"enemies":"Hexaghost","floor":16,"turns":12},{"damage":21,"enemies":"Chosen","floor":18,"turns":7},{"damage":19,"enemies":"3 Byrds","floor":20,"turns":5},{"damage":13,"enemies":"Snecko","floor":21,"turns":7},{"damage":12,"enemies":"Centurion and Healer","floor":22,"turns":7},{"damage":31,"enemies":"Cultist and Chosen","floor":24,"turns":6},{"damage":21,"enemies":"Slaver and Parasite","floor":31,"turns":6},{"damage":37,"enemies":"Collector","floor":33,"turns":6}],"event_choices":[{"event_name":"Golden Idol","player_choice":"Take Damage","floor":3,"damage_taken":0},{"event_name":"Upgrade Shrine","player_choice":"Upgraded","floor":6,"damage_taken":0},{"event_name":"Golden Wing","player_choice":"Card Removal","floor":7,"damage_taken":0},{"event_name":"Liars Game","player_choice":"agreed","floor":13,"damage_taken":0},{"event_name":"Back to Basics","player_choice":"Elegance","floor":27,"damage_taken":0},{"event_name":"Cursed Tome","player_choice":"Obtained Book","floor":29,"damage_taken":0}],"boss_relics":[{"not_picked":["Eternal Feather","Astrolabe"],"picked":"Calling Bell"}],"potions_floor_spawned":[5,11,12,14,20,24],"seed_played":"6642091906960040195","killed_by":"Collector","ascension_level":0,"is_trial":false}