{"gold_per_floor":[212,228,228,241,89,89,114,114,114,132,142,153,181,192,192,267,267,284,92,92],"floor_reached":20,"playtime":596,"items_purged":["Strike_R","Strike_R"],"score":372,"play_id":"cdb9fc66-ed72-449f-8ce8-ce942c4b1b21","local_time":"20190804203342","is_ascension_mode":true,"campfire_choices":[{"data":"Armaments","floor":6.0,"key":"SMITH"},{"data":"Bash","floor":8.0,"key":"SMITH"},{"data":"Limit Break","floor":15.0,"key":"SMITH"}],"neow_cost":"NONE","seed_source_timestamp":181827402839953,"circlet_count":0,"master_deck":["AscendersBane","Strike_R","Strike_R","Defend_R","Defend_R","Defend_R","Defend_R","Bash+1","Sword Boomerang","Thunderclap","Armaments+1","Pommel Strike","Sword Boomerang","Immolate","Limit Break+1","Shrug It Off","Impervious","Havoc+1","Swift Strike"],"special_seed":0,"relics":["Burning Blood","Singing Bowl","Matryoshka","Bag of Preparation","Runic Pyramid"],"potions_floor_usage":[],"damage_taken":[{"damage":4.0,"enemies":"Jaw Worm","floor":1.0,"turns":5.0},{"damage":1.0,"enemies":"Cultist","floor":2.0,"turns":3.0},{"damage":2.0,"enemies":"Small Slimes","floor":4.0,"turns":3.0},{"damage":32.0,"enemies":"Gremlin Nob","floor":7.0,"turns":4.0},{"damage":5.0,"enemies":"Red Slaver","floor":10.0,"turns":3.0},{"damage":11.0,"enemies":"Lots of Slimes","floor":11.0,"turns":3.0},{"damage":7.0,"enemies":"2 Fungi Beasts","floor":12.0,"turns":4.0},{"damage":10.0,"enemies":"3 Sentries","floor":13.0,"turns":4.0},{"damage":8.0,"enemies":"Blue Slaver","floor":14.0,"turns":3.0},{"damage":33.0,"enemies":"The Guardian","floor":16.0,"turns":8.0},{"damage":19.0,"enemies":"3 Byrds","floor":18.0,"turns":5.0},{"damage":66,"enemies":"Shell Parasite","floor":20,"turns":5}],"seed_played":"-8676193493363011884","potions_obtained":[{"floor":2.0,"key":"Regen Potion"},{"floor":10.0,"key":"Poison Potion"},{"floor":13.0,"key":"SteroidPotion"},{"floor":14.0,"key":"Ancient Potion"}],"is_trial":false,"path_per_floor":["M","M","?","M","$","R","E","R","T","M","M","M","E","M","R","B",null,"M","$","M"],"character_chosen":"IRONCLAD","items_purchased":["Armaments","Pommel Strike","Swift Strike"],"campfire_rested":0,"item_purchase_floors":[5,5,19],"current_hp_per_floor":[70,75,68,72,72,72,48,48,48,51,55,54,50,48,48,21,65,52,52,0],"gold":92,"neow_bonus":"HUNDRED_GOLD","is_prod":false,"is_daily":false,"chose_seed":false,"campfire_upgraded":3,"win_rate":0,"timestamp":1564976022,"path_taken":["M","M","?","M","$","R","E","R","T","M","M","M","E","M","R","BOSS","M","$","M"],"build_version":"2019-07-17","purchased_purges":2,"victory":false,"max_hp_per_floor":[75,75,75,75,75,75,77,77,77,79,79,79,79,79,79,79,79,79,79,79],"card_choices":[{"not_picked":["Twin Strike","Warcry"],"picked":"Sword Boomerang","floor":1.0},{"not_picked":["Shrug It Off","Blood for Blood"],"picked":"Thunderclap","floor":2.0},{"not_picked":["Flex","Fire Breathing","Searing Blow"],"picked":"SKIP","floor":4.0},{"not_picked":["Perfected Strike","Wild Strike","Intimidate"],"picked":"Singing Bowl","floor":7.0},{"not_picked":["Clash","Warcry","Sword Boomerang"],"picked":"Singing Bowl","floor":10.0},{"not_picked":["Twin Strike","Wild Strike"],"picked":"Sword Boomerang","floor":11.0},{"not_picked":["Infernal Blade","Clothesline"],"picked":"Immolate","floor":12.0},{"not_picked":["Carnage","Double Tap"],"picked":"Limit Break","floor":13.0},{"not_picked":["Clash","Seeing Red"],"picked":"Shrug It Off","floor":14.0},{"not_picked":["Exhume","Limit Break"],"picked":"Impervious","floor":16.0},{"not_picked":["Hemokinesis","Spot Weakness"],"picked":"Havoc+1","floor":18}],"player_experience":861154,"relics_obtained":[{"floor":7.0,"key":"Singing Bowl"},{"floor":9.0,"key":"Matryoshka"},{"floor":13.0,"key":"Bag of Preparation"}],"event_choices":[{"cards_removed":["Strike_R"],"damage_healed":0.0,"max_hp_gain":0.0,"max_hp_loss":0.0,"gold_gain":0.0,"event_name":"Golden Wing","player_choice":"Card Removal","floor":3.0,"gold_loss":0.0,"damage_taken":7.0}],"is_beta":false,"boss_relics":[{"not_picked":["Pandora\u0027s Box","Runic Dome"],"picked":"Runic Pyramid"}],"items_purged_floors":[5,19],"is_endless":false,"potions_floor_spawned":[2,10,13,14],"killed_by":"Shell Parasite","ascension_level":20}