{"gold_per_floor":[12,12,25,41,53,83,99,99],"floor_reached":8,"playtime":978,"items_purged":[],"score":66,"play_id":"3def6f73-b214-4831-9f72-5ff3366516fb","local_time":"20190805130824","is_ascension_mode":true,"campfire_choices":[],"neow_cost":"NO_GOLD","seed_source_timestamp":31834836607600,"circlet_count":0,"master_deck":["Strike_R","Strike_R","Strike_R","Defend_R","Defend_R","Defend_R","Bash","Rampage","Havoc","Hemokinesis","Exhume","Hemokinesis","Ghostly Armor","Clothesline","Burning Pact"],"relics":["Burning Blood","Darkstone Periapt"],"potions_floor_usage":[],"damage_taken":[{"damage":0,"enemies":"Small Slimes","floor":1,"turns":3},{"damage":10,"enemies":"2 Louse","floor":3,"turns":2},{"damage":1,"enemies":"Cultist","floor":4,"turns":3},{"damage":9,"enemies":"Blue Slaver","floor":5,"turns":3},{"damage":33,"enemies":"Lagavulin","floor":6,"turns":8},{"damage":33,"enemies":"Exordium Thugs","floor":7,"turns":4},{"damage":24,"enemies":"3 Sentries","floor":8,"turns":3}],"seed_played":"2855352521204201954","potions_obtained":[{"floor":1,"key":"SpeedPotion"},{"floor":6,"key":"LiquidBronze"},{"floor":7,"key":"SpeedPotion"}],"is_trial":false,"path_per_floor":["M","?","M","M","M","E","M","E"],"character_chosen":"IRONCLAD","items_purchased":[],"campfire_rested":0,"item_purchase_floors":[],"current_hp_per_floor":[80,80,76,80,77,50,23,0],"gold":99,"neow_bonus":"TRANSFORM_TWO_CARDS","is_prod":false,"is_daily":false,"chose_seed":false,"campfire_upgraded":0,"win_rate":0,"timestamp":1564978104,"path_taken":["M","?","M","M","M","E","M","E"],"build_version":"2019-07-17","purchased_purges":0,"victory":false,"max_hp_per_floor":[80,80,80,80,80,80,80,80],"card_choices":[{"not_picked":["Clothesline","Armaments"],"picked":"Hemokinesis","floor":1},{"not_picked":["Sword Boomerang","Thunderclap","Armaments"],"picked":"SKIP","floor":3},{"not_picked":["Searing Blow","Fiend Fire"],"picked":"Hemokinesis","floor":4},{"not_picked":["Combust","Body Slam"],"picked":"Ghostly Armor","floor":5},{"not_picked":["Second Wind","Hemokinesis"],"picked":"Clothesline","floor":6},{"not_picked":["Thunderclap","Warcry"],"picked":"Burning Pact","floor":7}],"player_experience":152498,"relics_obtained":[{"floor":6,"key":"Darkstone Periapt"}],"event_choices":[{"damage_healed":0,"gold_gain":0,"cards_transformed":["Strike_R"],"player_choice":"Change","damage_taken":0,"max_hp_gain":0,"max_hp_loss":0,"event_name":"Living Wall","floor":2,"gold_loss":0,"cards_obtained":["Exhume"]}],"is_beta":false,"boss_relics":[],"items_purged_floors":[],"is_endless":false,"potions_floor_spawned":[1,6,7],"killed_by":"3 Sentries","ascension_level":2}