{"gold_per_floor":[15,90,106,117,137,137,161,173,173,173,18,18,32,32,32,127,127,142,161,181,181,181,207,207,207,288,298,10,23,23,35,35,35],"floor_reached":33,"playtime":1550,"items_purged":["Defend_R"],"score":284,"play_id":"58486880-9018-4c30-9898-2173b1a76e15","local_time":"20180802102812","is_ascension_mode":false,"campfire_choices":[{"data":"Flex","floor":6,"key":"SMITH"},{"data":"Whirlwind","floor":10,"key":"SMITH"},{"data":"Seeing Red","floor":12,"key":"SMITH"},{"data":"Immolate","floor":15,"key":"SMITH"},{"data":"Spot Weakness","floor":24,"key":"SMITH"},{"data":"Enlightenment","floor":30,"key":"SMITH"},{"data":"True Grit","floor":32,"key":"SMITH"}],"neow_cost":"NO_GOLD","seed_source_timestamp":724497543760447,"circlet_count":0,"master_deck":["Defend_R","Defend_R","Bash","Pommel Strike","Clothesline","Seeing Red+1","Flex+1","Flame Barrier","Whirlwind+1","Immolate+1","Iron Wave","Exhume","Reckless Charge","Spot Weakness+1","Flex","Bite","Bite","Bite","Bite","Bite","Feed","True Grit+1","Dramatic Entrance","Panacea","Purity","Deep Breath","Sword Boomerang","Enlightenment+1","Entrench","Iron Wave"],"relics":["Burning Blood","Odd Mushroom","Omamori","Coffee Dripper","Ancient Tea Set","Darkstone Periapt"],"potions_floor_usage":[16,16,20,23,23],"damage_taken":[{"damage":13,"enemies":"2 Louse","floor":1,"turns":3},{"damage":8,"enemies":"Jaw Worm","floor":3,"turns":3},{"damage":0,"enemies":"Small Slimes","floor":4,"turns":3},{"damage":19,"enemies":"Gremlin Gang","floor":5,"turns":6},{"damage":20,"floor":7,"turns":5},{"damage":0,"enemies":"3 Louse","floor":8,"turns":3},{"damage":0,"enemies":"Exordium Wildlife","floor":13,"turns":1},{"damage":16,"enemies":"Slime Boss","floor":16,"turns":7},{"damage":0,"enemies":"Chosen","floor":18,"turns":3},{"damage":0,"enemies":"2 Thieves","floor":19,"turns":1},{"damage":17,"enemies":"Snake Plant","floor":20,"turns":3},{"damage":22,"enemies":"Gremlin Leader","floor":23,"turns":6},{"damage":14,"enemies":"Centurion and Healer","floor":27,"turns":10},{"damage":6,"enemies":"Chosen and Byrds","floor":29,"turns":5},{"damage":16,"enemies":"Snecko","floor":31,"turns":4},{"damage":56,"enemies":"Automaton","floor":33,"turns":6}],"seed_played":"4684835798901928770","potions_obtained":[{"floor":1,"key":"SpeedPotion"},{"floor":5,"key":"FearPotion"},{"floor":8,"key":"SkillPotion"},{"floor":18,"key":"Poison Potion"},{"floor":20,"key":"LiquidBronze"}],"is_trial":false,"path_per_floor":["M","?","M","M","M","R","?","M","T","R","$","R","M","$","R","B",null,"M","M","M","?","?","E","R","?","T","M","$","M","R","M","R"],"character_chosen":"IRONCLAD","items_purchased":["Immolate","Enlightenment","Entrench"],"campfire_rested":0,"item_purchase_floors":[11,28,28],"current_hp_per_floor":[73,62,60,66,53,53,39,45,45,45,45,45,51,51,51,41,80,80,80,69,56,56,50,50,20,20,29,29,42,42,39,39,0],"gold":35,"neow_bonus":"REMOVE_TWO","is_prod":false,"is_daily":false,"chose_seed":false,"campfire_upgraded":7,"win_rate":0,"timestamp":1533194892,"path_taken":["M","?","M","?","M","R","?","M","T","R","?","R","M","$","R","BOSS","M","M","M","?","?","E","R","?","T","M","$","M","R","?","R","BOSS"],"build_version":"2018-08-01","purchased_purges":1,"victory":false,"max_hp_per_floor":[80,80,80,80,80,80,80,80,80,80,80,80,80,80,80,80,80,80,80,80,56,56,56,56,56,56,59,59,62,62,65,65,65],"card_choices":[{"not_picked":["Second Wind","Twin Strike"],"picked":"Pommel Strike","floor":1},{"not_picked":["Iron Wave","Entrench"],"picked":"Clothesline","floor":3},{"not_picked":["Anger","Wild Strike"],"picked":"Seeing Red","floor":4},{"not_picked":["Thunderclap","Sentinel"],"picked":"Flex","floor":5},{"not_picked":["Bloodletting","Infernal Blade"],"picked":"Flame Barrier","floor":7},{"not_picked":["True Grit","Heavy Blade"],"picked":"Whirlwind","floor":8},{"not_picked":["Wild Strike","Clothesline"],"picked":"Iron Wave","floor":13},{"not_picked":["Fiend Fire","Juggernaut"],"picked":"Exhume","floor":16},{"not_picked":["Twin Strike","Evolve"],"picked":"Reckless Charge","floor":18},{"not_picked":["Cleave","Rampage"],"picked":"Spot Weakness","floor":19},{"not_picked":["Searing Blow","Havoc"],"picked":"Flex","floor":20},{"not_picked":["Entrench+1","Warcry"],"picked":"True Grit","floor":23},{"not_picked":["Dual Wield+1","Feel No Pain"],"picked":"Sword Boomerang","floor":27},{"not_picked":["Warcry","Reckless Charge","Rupture"],"picked":"SKIP","floor":29},{"not_picked":["Pommel Strike","Dual Wield"],"picked":"Iron Wave","floor":31}],"player_experience":580730,"relics_obtained":[{"floor":7,"key":"Odd Mushroom"},{"floor":9,"key":"Omamori"},{"floor":23,"key":"Ancient Tea Set"},{"floor":26,"key":"Darkstone Periapt"}],"event_choices":[{"event_name":"World of Goop","player_choice":"Gather Gold","floor":2,"damage_taken":0},{"event_name":"Mushrooms","player_choice":"Fought Mushrooms","floor":7,"damage_taken":0},{"event_name":"Vampires","player_choice":"Became a vampire","floor":21,"damage_taken":0},{"event_name":"The Library","player_choice":"Read","floor":22,"damage_taken":0},{"event_name":"Knowing Skull","player_choice":"CARD CARD CARD CARD ","floor":25,"damage_taken":0}],"is_beta":true,"boss_relics":[{"not_picked":["Cursed Key","Runic Dome"],"picked":"Coffee Dripper"}],"items_purged_floors":[28],"is_endless":false,"potions_floor_spawned":[1,5,8,18,20],"killed_by":"Automaton","ascension_level":0}