{"gold_per_floor":[113,132,132,132,132,163,163,183,236,180,199,231,231,244,244,343,343,357,368,368,368,387,421,421,421,421,452,452,468,498,4,4,103,103,117,0,17,28,28,42,77,91,137,157,185,185,185,199,199,199],"floor_reached":51,"playtime":2326,"items_purged":["Strike_G"],"score":968,"play_id":"6fa231fc-d74a-41e6-8a9e-435120ab1511","local_time":"20190107015657","is_ascension_mode":true,"campfire_choices":[{"data":"Dodge and Roll","floor":7,"key":"SMITH"},{"data":"Cloak And Dagger","floor":25,"key":"SMITH"},{"data":"Dash","floor":28,"key":"SMITH"},{"floor":32,"key":"REST"},{"data":"strawberrySpire:DreamfoilDart","floor":46,"key":"SMITH"},{"data":"Well Laid Plans","floor":49,"key":"SMITH"}],"neow_cost":"PERCENT_DAMAGE","seed_source_timestamp":357551992700683,"circlet_count":0,"master_deck":["Defend_G","Defend_G","Defend_G+1","Survivor+1","Neutralize","Deflect","Noxious Fumes+1","Dodge and Roll+1","Cloak And Dagger+1","Flying Knee+1","strawberrySpire:Insectonator","Well Laid Plans+1","Corpse Explosion","Quick Slash","strawberrySpire:Insectonator","Necronomicurse","Poisoned Stab+1","Slice+1","Dash+1","strawberrySpire:Insectonator+1","Deflect+1","strawberrySpire:DreamfoilDart+1","Crippling Poison+1","After Image+1","Die Die Die","strawberrySpire:DeltaFlow+1","Backflip+1","strawberrySpire:Insectonator+1","Deadly Poison+1","Cloak And Dagger+1","Predator+1","Underhanded Strike","Terror+1","Catalyst+1"],"relics":["Ring of the Snake","War Paint","Oddly Smooth Stone","strawberrySpire:ElefentMask","Blue Candle","Bottled Flame","strawberrySpire:Swiftfruit","Sozu","Necronomicon","Toxic Egg 2","Darkstone Periapt","strawberrySpire:ByrdBeak","Vajra","strawberrySpire:GlyphStone","strawberrySpire:RottenAvocado","Red Mask","Omamori","strawberrySpire:KineticCharger","Whetstone"],"potions_floor_usage":[30],"damage_taken":[{"damage":0,"enemies":"Cultist","floor":1,"turns":4},{"damage":4,"enemies":"Jaw Worm","floor":2,"turns":6},{"damage":14,"enemies":"Lagavulin","floor":6,"turns":8},{"damage":0,"enemies":"Small Slimes","floor":8,"turns":4},{"damage":0,"enemies":"Looter","floor":11,"turns":4},{"damage":4,"enemies":"3 Sentries","floor":12,"turns":8},{"damage":0,"enemies":"2 Fungi Beasts","floor":14,"turns":3},{"damage":13,"enemies":"The Guardian","floor":16,"turns":10},{"damage":0,"enemies":"3 Byrds","floor":18,"turns":3},{"damage":4,"enemies":"Spheric Guardian","floor":19,"turns":4},{"damage":0,"enemies":"Chosen and Byrds","floor":22,"turns":6},{"damage":28,"enemies":"Book of Stabbing","floor":23,"turns":6},{"damage":4,"enemies":"Gremlin Leader","floor":27,"turns":6},{"damage":2,"enemies":"Centurion and Healer","floor":29,"turns":4},{"damage":8,"enemies":"strawberrySpire:AncientClocktower","floor":30,"turns":8},{"damage":15,"enemies":"Automaton","floor":33,"turns":8},{"damage":0,"enemies":"3 Shapes","floor":35,"turns":4},{"damage":0,"enemies":"Orb Walker","floor":37,"turns":4},{"damage":0,"enemies":"Sphere and 2 Shapes","floor":38,"turns":3},{"damage":0,"enemies":"3 Darklings","floor":40,"turns":2},{"damage":0,"enemies":"Giant Head","floor":41,"turns":8},{"damage":0,"enemies":"Spire Growth","floor":42,"turns":4},{"damage":0,"enemies":"Sphere and 2 Shapes","floor":44,"turns":2},{"damage":4,"enemies":"strawberrySpire:EssenceStones","floor":45,"turns":2},{"damage":0,"enemies":"4 Shapes","floor":48,"turns":4},{"damage":0,"enemies":"Donu and Deca","floor":50,"turns":4}],"seed_played":"-7102843269805715007","potions_obtained":[{"floor":2,"key":"FearPotion"},{"floor":8,"key":"Strength Potion"},{"floor":16,"key":"AttackPotion"}],"is_trial":false,"path_per_floor":["M","M","?","?","?","E","R","M","T","?","M","E","?","M","R","B",null,"M","M","?","?","M","E","?","R","T","E","R","M","E","$","R","B",null,"M","?","M","M","?","M","E","M","T","M","E","R","?","M","R","B",null],"character_chosen":"THE_SILENT","items_purchased":["strawberrySpire:DreamfoilDart","Vajra","strawberrySpire:GlyphStone"],"campfire_rested":1,"item_purchase_floors":[31,31,31],"current_hp_per_floor":[49,45,45,38,35,21,21,21,21,21,21,17,17,17,17,4,70,70,66,50,50,50,22,22,22,22,18,18,16,8,8,29,14,70,69,68,67,66,65,64,63,62,61,60,55,55,57,56,55,54],"gold":199,"neow_bonus":"REMOVE_TWO","is_prod":false,"is_daily":false,"chose_seed":false,"campfire_upgraded":5,"win_rate":0,"timestamp":1546815417,"path_taken":["M","?","?","?","?","E","R","M","T","?","?","E","?","M","R","BOSS","M","M","?","?","?","E","?","R","T","E","R","M","E","$","R","BOSS","M","?","M","M","?","M","E","M","T","?","E","R","?","M","R","BOSS"],"build_version":"2019-01-03v4","purchased_purges":1,"victory":true,"max_hp_per_floor":[70,70,70,70,70,70,70,70,70,70,70,70,70,70,70,70,70,70,70,70,70,70,70,70,70,70,70,70,70,70,70,70,70,70,69,68,67,66,65,64,63,62,61,60,59,58,57,56,55,54],"card_choices":[{"not_picked":["Acrobatics","Underhanded Strike"],"picked":"Deflect","floor":1},{"not_picked":["Backflip","All Out Attack"],"picked":"Noxious Fumes","floor":2},{"not_picked":["strawberrySpire:DeltaFlow","Skewer"],"picked":"Dodge and Roll","floor":6},{"not_picked":["Well Laid Plans","Bane"],"picked":"Cloak And Dagger","floor":8},{"not_picked":["strawberrySpire:DeltaFlow","Eviscerate"],"picked":"Flying Knee","floor":11},{"not_picked":["Dagger Spray","Dodge and Roll"],"picked":"strawberrySpire:Insectonator","floor":12},{"not_picked":["Night Terror","Setup"],"picked":"Well Laid Plans","floor":14},{"not_picked":["Storm of Steel","Unload"],"picked":"Corpse Explosion","floor":16},{"not_picked":["Underhanded Strike","Bane"],"picked":"Quick Slash","floor":18},{"not_picked":["Backflip","strawberrySpire:Rummage"],"picked":"strawberrySpire:Insectonator","floor":19},{"not_picked":["Slice+1","Deadly Poison"],"picked":"Poisoned Stab","floor":22},{"not_picked":["Reflex+1","strawberrySpire:Pant+1"],"picked":"Slice+1","floor":23},{"not_picked":["Predator+1","Masterful Stab+1"],"picked":"Dash","floor":27},{"not_picked":["strawberrySpire:Trickbox+1","strawberrySpire:KnifeParty"],"picked":"strawberrySpire:Insectonator+1","floor":29},{"not_picked":["Flying Knee","strawberrySpire:DeltaFlow+1"],"picked":"Deflect+1","floor":30},{"not_picked":["Wraith Form v2","Phantasmal Killer+1"],"picked":"Die Die Die","floor":33},{"not_picked":["Slice+1","strawberrySpire:SpinKick"],"picked":"strawberrySpire:DeltaFlow+1","floor":35},{"not_picked":["Outmaneuver+1","All Out Attack"],"picked":"Backflip+1","floor":37},{"not_picked":["strawberrySpire:Rummage+1","Endless Agony+1"],"picked":"strawberrySpire:Insectonator+1","floor":38},{"not_picked":["strawberrySpire:Rummage+1","Flying Knee+1"],"picked":"Deadly Poison+1","floor":40},{"not_picked":["Poisoned Stab+1","strawberrySpire:Insectonator+1"],"picked":"Cloak And Dagger+1","floor":41},{"not_picked":["Poisoned Stab","Escape Plan+1"],"picked":"Predator+1","floor":42},{"not_picked":["Poisoned Stab+1","Sucker Punch+1"],"picked":"Underhanded Strike","floor":44},{"not_picked":["Backflip+1","Underhanded Strike+1"],"picked":"Terror+1","floor":45},{"not_picked":["Deadly Poison+1","Outmaneuver+1"],"picked":"Catalyst+1","floor":48}],"player_experience":1042082,"relics_obtained":[{"floor":6,"key":"Oddly Smooth Stone"},{"floor":9,"key":"strawberrySpire:ElefentMask"},{"floor":12,"key":"Bottled Flame"},{"floor":15,"key":"strawberrySpire:Swiftfruit"},{"floor":20,"key":"Necronomicon"},{"floor":23,"key":"Toxic Egg 2"},{"floor":27,"key":"Darkstone Periapt"},{"floor":30,"key":"strawberrySpire:ByrdBeak"},{"floor":41,"key":"Omamori"},{"floor":43,"key":"strawberrySpire:KineticCharger"},{"floor":45,"key":"Whetstone"}],"event_choices":[{"damage_healed":0,"gold_gain":0,"player_choice":"Grow","damage_taken":0,"max_hp_gain":0,"max_hp_loss":0,"event_name":"Living Wall","floor":3,"gold_loss":0,"cards_upgraded":["Noxious Fumes"]},{"cards_removed":["Strike_G"],"damage_healed":0,"gold_gain":0,"player_choice":"Card Removal","damage_taken":7,"max_hp_gain":0,"max_hp_loss":0,"event_name":"Golden Wing","floor":4,"gold_loss":0},{"damage_healed":0,"gold_gain":0,"player_choice":"Success","damage_taken":3,"relics_obtained":["War Paint"],"max_hp_gain":0,"max_hp_loss":0,"event_name":"Scrap Ooze","floor":5,"gold_loss":0},{"damage_healed":0,"gold_gain":0,"player_choice":"Paid Gold","damage_taken":0,"relics_obtained":["Blue Candle"],"max_hp_gain":0,"max_hp_loss":0,"event_name":"WeMeetAgain","floor":10,"gold_loss":56},{"damage_healed":0,"gold_gain":0,"player_choice":"Obtained Book","damage_taken":16,"max_hp_gain":0,"max_hp_loss":0,"event_name":"Cursed Tome","floor":20,"gold_loss":0},{"damage_healed":0,"gold_gain":0,"player_choice":"Got Potions","damage_taken":0,"max_hp_gain":0,"max_hp_loss":0,"event_name":"Lab","floor":21,"gold_loss":0},{"cards_removed":["Clumsy"],"damage_healed":0,"gold_gain":0,"player_choice":"Purged","damage_taken":0,"max_hp_gain":0,"max_hp_loss":0,"event_name":"Purifier","floor":24,"gold_loss":0},{"damage_healed":0,"gold_gain":0,"player_choice":"Paid","damage_taken":0,"relics_obtained":["Red Mask"],"max_hp_gain":0,"max_hp_loss":0,"event_name":"Tomb of Lord Red Mask","floor":36,"gold_loss":117},{"cards_removed":["Defend_G"],"damage_healed":0,"gold_gain":0,"player_choice":"Purged","damage_taken":0,"max_hp_gain":0,"max_hp_loss":0,"event_name":"Purifier","floor":39,"gold_loss":0},{"damage_healed":2,"gold_gain":0,"player_choice":"Full Heal","damage_taken":0,"max_hp_gain":0,"max_hp_loss":0,"event_name":"Wheel of Change","floor":47,"gold_loss":0}],"is_beta":true,"boss_relics":[{"not_picked":["Fusion Hammer","White Beast Statue"],"picked":"Sozu"},{"not_picked":["Cursed Key","HoveringKite"],"picked":"strawberrySpire:RottenAvocado"}],"items_purged_floors":[31],"is_endless":false,"potions_floor_spawned":[2,8,16,27,29,30,37,40,42,44,48],"ascension_level":1}