{"gold_per_floor":[109,109,59,76,92,92,106,165,188,201,232,232,266,280,280,380,380,393,492,472,487,511,511,511,511,511,511,523,523,25,58,58,159,159,174,174,220,236,236,236,255,255,255,255,255,272,606,0,0,0],"floor_reached":51,"playtime":3406,"items_purged":[],"score":761,"play_id":"b4d5a20f-d516-4c78-84f8-888eed5fcd96","local_time":"20181014145811","is_ascension_mode":false,"campfire_choices":[{"data":"Uppercut","floor":6,"key":"SMITH"},{"data":"Inflame","floor":15,"key":"SMITH"},{"data":"Limit Break","floor":23,"key":"SMITH"},{"data":"Inflame","floor":27,"key":"SMITH"},{"data":"Berserk","floor":29,"key":"SMITH"},{"data":"Dodge and Roll","floor":32,"key":"SMITH"},{"data":"Metallicize","floor":40,"key":"SMITH"},{"data":"After Image","floor":42,"key":"SMITH"},{"floor":49,"key":"REST"}],"neow_cost":"","seed_source_timestamp":0,"circlet_count":0,"master_deck":["Bash","Flex+1","Clash","Uppercut+1","Metallicize+1","Ghostly Armor","Reaper","Inflame+1","Limit Break+1","Corruption","Cleave","Intimidate","Clothesline","Inflame+1","Intimidate","Ghostly Armor","Iron Wave","Headbutt","Berserk+1","Enlightenment+1","Dodge and Roll+1","After Image+1","Dramatic Entrance+1","Riddle With Holes+1","Sweeping Beam+1","Headbutt","Heavy Blade+1","Ball Lightning","Mind Blast"],"special_seed":0,"relics":["Burning Blood","Tiny Chest","Regal Pillow","Blood Vial","Juzu Bracelet","Pandora\u0027s Box","Strawberry","Bag of Marbles","Gremlin Horn","PrismaticShard","Lantern","War Paint","White Beast Statue","Bird Faced Urn","Torii","Shuriken","Ornamental Fan","Old Coin","Red Mask"],"potions_floor_usage":[7,8,16,28,31,33,35,39,47,50,50],"damage_taken":[{"damage":0,"enemies":"2 Louse","floor":1,"turns":3},{"damage":11,"enemies":"Jaw Worm","floor":4,"turns":2},{"damage":0,"enemies":"Cultist","floor":5,"turns":2},{"damage":0,"enemies":"Looter","floor":7,"turns":2},{"damage":25,"enemies":"3 Sentries","floor":8,"turns":8},{"damage":6,"enemies":"Red Slaver","floor":10,"turns":3},{"damage":14,"enemies":"Lagavulin","floor":11,"turns":6},{"damage":24,"enemies":"3 Sentries","floor":13,"turns":10},{"damage":12,"enemies":"Exordium Thugs","floor":14,"turns":5},{"damage":20,"enemies":"Hexaghost","floor":16,"turns":8},{"damage":28,"enemies":"2 Thieves","floor":18,"turns":5},{"damage":30,"enemies":"Spheric Guardian","floor":21,"turns":5},{"damage":9,"enemies":"Cultist and Chosen","floor":28,"turns":5},{"damage":32,"enemies":"Slavers","floor":31,"turns":6},{"damage":28,"enemies":"Collector","floor":33,"turns":7},{"damage":17,"enemies":"3 Shapes","floor":35,"turns":5},{"damage":15,"enemies":"Mysterious Sphere","floor":37,"turns":3},{"damage":16,"enemies":"Orb Walker","floor":38,"turns":3},{"damage":13,"enemies":"Mind Bloom Boss Battle","floor":39,"turns":8},{"damage":1,"enemies":"3 Darklings","floor":41,"turns":5},{"damage":37,"enemies":"Sphere and 2 Shapes","floor":46,"turns":5},{"damage":50,"enemies":"Nemesis","floor":47,"turns":7},{"damage":46,"enemies":"Time Eater","floor":50,"turns":6}],"seed_played":"4223886623637366614","potions_obtained":[{"floor":1,"key":"PowerPotion"},{"floor":5,"key":"Block Potion"},{"floor":8,"key":"Weak Potion"},{"floor":14,"key":"AttackPotion"},{"floor":18,"key":"Fire Potion"},{"floor":20,"key":"Weak Potion"},{"floor":33,"key":"Dexterity Potion"},{"floor":35,"key":"Swift Potion"},{"floor":36,"key":"LiquidBronze"},{"floor":37,"key":"Ancient Potion"},{"floor":39,"key":"FearPotion"},{"floor":41,"key":"PowerPotion"},{"floor":46,"key":"SkillPotion"},{"floor":47,"key":"Explosive Potion"}],"is_trial":false,"path_per_floor":["M","?","?","M","M","R","M","E","T","M","E","?","E","M","R","B",null,"M","?","?","M","T","R","?","?","T","R","M","R","$","E","R","B",null,"M","?","?","M","?","R","M","R","T","?","T","M","E","?","R","B"],"character_chosen":"IRONCLAD","items_purchased":["PrismaticShard","Lantern","PowerPotion","Enlightenment"],"campfire_rested":1,"item_purchase_floors":[30,30,30,30],"current_hp_per_floor":[80,73,73,68,74,74,80,61,61,61,53,58,54,56,56,54,85,63,63,63,55,62,62,44,44,44,44,61,61,61,64,64,78,97,90,90,83,91,97,97,97,97,97,97,97,82,50,50,94,63],"gold":0,"neow_bonus":"","is_prod":false,"is_daily":false,"chose_seed":false,"campfire_upgraded":8,"win_rate":0,"timestamp":1539518291,"path_taken":["M","?","?","?","M","R","M","E","T","M","E","?","E","M","R","BOSS","M","?","?","M","?","R","?","?","T","R","M","R","$","E","R","BOSS","M","?","?","M","?","R","M","R","T","?","?","M","E","?","R","BOSS"],"build_version":"2018-10-11","purchased_purges":0,"victory":true,"max_hp_per_floor":[80,80,80,80,80,80,80,80,80,80,80,85,85,85,85,85,85,85,85,85,85,92,92,97,97,97,97,97,97,97,97,97,97,97,97,97,97,97,97,97,97,97,97,97,97,97,97,97,97,97],"card_choices":[{"not_picked":["Rupture","Body Slam"],"picked":"Flex","floor":1},{"not_picked":["Seeing Red","Flex"],"picked":"Clash","floor":4},{"not_picked":["Heavy Blade","Corruption"],"picked":"Uppercut","floor":5},{"not_picked":["Anger","Warcry","Heavy Blade"],"picked":"SKIP","floor":7},{"not_picked":["Anger","Warcry"],"picked":"Metallicize","floor":8},{"not_picked":["Pommel Strike","Perfected Strike"],"picked":"Ghostly Armor","floor":10},{"not_picked":["Armaments","Dark Embrace"],"picked":"Reaper","floor":11},{"not_picked":["True Grit","Fire Breathing"],"picked":"Sever Soul","floor":13},{"not_picked":["Twin Strike","Thunderclap"],"picked":"Inflame","floor":14},{"not_picked":["Double Tap","Berserk"],"picked":"Limit Break","floor":16},{"not_picked":["Clash","Blood for Blood"],"picked":"Iron Wave","floor":18},{"not_picked":["Spot Weakness","Wild Strike"],"picked":"Headbutt","floor":21},{"not_picked":["Clothesline+1","Armaments"],"picked":"Berserk","floor":28},{"not_picked":["Bandage Up","Dagger Spray"],"picked":"Dodge and Roll","floor":31},{"not_picked":["Core Surge","Core Surge"],"picked":"After Image","floor":33},{"not_picked":["Go for the Eyes+1","Finisher"],"picked":"Dramatic Entrance+1","floor":35},{"not_picked":["Hemokinesis+1","Corruption+1"],"picked":"Riddle With Holes+1","floor":37},{"not_picked":["Acrobatics","Blur"],"picked":"Sweeping Beam+1","floor":38},{"not_picked":["Steam Power+1","Underhanded Strike+1"],"picked":"Headbutt","floor":39},{"not_picked":["Havoc+1","Streamline+1"],"picked":"Heavy Blade+1","floor":41},{"not_picked":["Perfected Strike+1","Go for the Eyes+1"],"picked":"Ball Lightning","floor":46},{"not_picked":["Wraith Form v2","Prepared"],"picked":"Mind Blast","floor":47}],"player_experience":786398,"relics_obtained":[{"floor":8,"key":"Tiny Chest"},{"floor":9,"key":"Regal Pillow"},{"floor":11,"key":"Blood Vial"},{"floor":13,"key":"Juzu Bracelet"},{"floor":22,"key":"Strawberry"},{"floor":26,"key":"Gremlin Horn"},{"floor":31,"key":"War Paint"},{"floor":37,"key":"Bird Faced Urn"},{"floor":39,"key":"Torii"},{"floor":43,"key":"Shuriken"},{"floor":45,"key":"Ornamental Fan"},{"floor":47,"key":"Old Coin"}],"event_choices":[{"event_name":"Golden Wing","player_choice":"Card Removal","floor":2,"damage_taken":0},{"event_name":"The Cleric","player_choice":"Card Removal","floor":3,"damage_taken":0},{"event_name":"Big Fish","player_choice":"Donut","floor":12,"damage_taken":0},{"event_name":"Nest","player_choice":"Stole From Cult","floor":19,"damage_taken":0},{"event_name":"The Woman in Blue","player_choice":"Bought 1 Potion","floor":20,"damage_taken":0},{"event_name":"Forgotten Altar","player_choice":"Shed Blood","floor":24,"damage_taken":0},{"event_name":"The Mausoleum","player_choice":"Yes","floor":25,"damage_taken":0},{"event_name":"The Lab","player_choice":"Got Potions","floor":36,"damage_taken":0},{"event_name":"Mysterious Sphere","player_choice":"Fight","floor":37,"damage_taken":0},{"event_name":"MindBloom","player_choice":"Fight","floor":39,"damage_taken":0},{"event_name":"Purifier","player_choice":"One Purge","floor":44,"damage_taken":0},{"event_name":"Tomb of Lord Red Mask","player_choice":"Paid","floor":48,"damage_taken":0}],"is_beta":true,"boss_relics":[{"not_picked":["Astrolabe","Runic Dome"],"picked":"Pandora\u0027s Box"},{"not_picked":["Busted Crown","Snecko Eye"],"picked":"White Beast Statue"}],"items_purged_floors":[],"is_endless":false,"potions_floor_spawned":[1,5,8,14,18,33,35,37,38,39,41,46,47],"ascension_level":0}