{"path_per_floor":["M","?","M","?","?","E","$","?","T","M","M","T","M","M","R","B",null,"M","M","M","?","?","R","?","$","T","$","M","M","R","?","R","B",null,"M","?","?","?","M","T","?","$","T","M","R","?","M"],"character_chosen":"THE_SILENT","items_purchased":["Footwork","Noxious Fumes","Acrobatics","Apotheosis","Regal Pillow"],"gold_per_floor":[14,14,33,108,108,144,30,30,30,54,68,68,83,97,97,225,225,249,227,245,245,145,145,145,14,38,38,59,80,80,80,80,209,209,234,234,567,567,583,630,630,179,179,194,194,245,262],"floor_reached":48,"campfire_rested":4,"playtime":2710,"current_hp_per_floor":[68,68,64,53,53,21,21,21,21,12,10,10,10,6,27,9,70,53,33,33,33,33,54,70,70,70,70,47,26,47,47,47,38,70,60,60,60,70,52,52,52,52,52,6,42,23,5],"items_purged":["Defend_G","Defend_G"],"gold":262,"score":430,"play_id":"f7e1f000-3c18-496c-8cb9-897fdea74c25","is_prod":false,"is_daily":false,"is_ascension_mode":false,"campfire_upgraded":1,"path_taken":["M","?","?","?","?","E","$","?","T","M","M","?","M","?","R","BOSS","M","M","M","?","?","R","?","$","T","?","M","M","R","?","R","BOSS","M","?","?","?","M","?","?","$","T","M","R","?","M","M"],"build_version":"2018-02-08-BETA1","purchased_purges":2,"victory":false,"master_deck":["Defend_G","Defend_G","Strike_G","Strike_G","Strike_G","Survivor","Neutralize+1","Well Laid Plans","Backflip","Poisoned Stab","Footwork","Infinite Blades","Dash","Dagger Spray","Leg Sweep","Tools of the Trade","PiercingWail+1","Terror","Malaise+1","J.A.X.","Noxious Fumes+1","Acrobatics","Prepared","Infinite Blades","After Image","Burst","Writhe","PiercingWail+1","Apotheosis","Backflip+1"],"max_hp_per_floor":[70,70,70,70,70,70,70,70,70,70,70,70,70,70,70,70,70,70,70,70,70,70,70,70,70,70,70,70,70,70,70,70,70,70,70,70,70,70,70,70,70,70,70,70,70,70,70],"relics":["Ring of the Snake","Du-Vu Doll","Art of War","Unceasing Top","Ninja Scroll","Philosopher\u0027s Stone","Juzu Bracelet","The Specimen","Bag of Preparation","Regal Pillow","Dead Branch","Ginger"],"card_choices":[{"not_picked":["Dagger Spray","Quick Slash"],"picked":"Well Laid Plans"},{"not_picked":["Dagger Throw","Outmaneuver"],"picked":"Backflip"},{"not_picked":["Slice","Dagger Throw"],"picked":"Poisoned Stab"},{"not_picked":["Calculated Gamble","Quick Slash"],"picked":"Infinite Blades"},{"not_picked":["Deadly Poison","Quick Slash"],"picked":"Dash"},{"not_picked":["Poisoned Stab","Prepared"],"picked":"Dagger Spray"},{"not_picked":["Flechettes","Night Terror"],"picked":"Leg Sweep"},{"not_picked":["Grand Finale","Envenom"],"picked":"Tools of the Trade"},{"not_picked":["Slice","Leg Sweep"],"picked":"PiercingWail"},{"not_picked":["All Out Attack","Setup"],"picked":"Terror"},{"not_picked":["Catalyst","Slice"],"picked":"Malaise"},{"not_picked":["Flechettes","Dagger Spray"],"picked":"Prepared"},{"not_picked":["Dodge and Roll","Acrobatics"],"picked":"Infinite Blades"},{"not_picked":["A Thousand Cuts","Unload"],"picked":"Burst"},{"not_picked":["Expertise","Dagger Throw"],"picked":"PiercingWail"},{"not_picked":["Skewer","Expertise"],"picked":"Backflip"}],"player_experience":188965,"potions_floor_usage":[6,11,18,46,47],"damage_taken":[{"damage":2,"enemies":"Jaw Worm","floor":1,"turns":5},{"damage":4,"enemies":"Small Slimes","floor":3,"turns":3},{"damage":32,"enemies":"Lagavulin","floor":6,"turns":7},{"damage":9,"enemies":"Blue Slaver","floor":10,"turns":4},{"damage":2,"enemies":"3 Louse","floor":11,"turns":3},{"damage":0,"enemies":"Large Slime","floor":13,"turns":6},{"damage":4,"enemies":"Gremlin Gang","floor":14,"turns":5},{"damage":18,"enemies":"Hexaghost","floor":16,"turns":13},{"damage":17,"enemies":"Spheric Guardian","floor":18,"turns":6},{"damage":20,"enemies":"2 Thieves","floor":19,"turns":5},{"damage":0,"enemies":"Snecko","floor":20,"turns":4},{"damage":23,"enemies":"Cultist and Chosen","floor":28,"turns":6},{"damage":21,"enemies":"Centurion and Healer","floor":29,"turns":7},{"damage":9,"enemies":"Champ","floor":33,"turns":10},{"damage":10,"enemies":"Flame Bruiser 1 Orb","floor":35,"turns":6},{"damage":18,"enemies":"Orb Walker","floor":39,"turns":5},{"damage":46,"enemies":"Sphere and 2 Shapes","floor":44,"turns":7},{"damage":19,"enemies":"Mysterious Sphere","floor":46,"turns":7},{"damage":18,"enemies":"Flame Bruiser 2 Orb","floor":47,"turns":6},{"damage":13,"enemies":"3 Darklings","floor":48,"turns":1}],"event_choices":[{"event_name":"Golden Idol","player_choice":"Take Wound","floor":2,"damage_taken":0},{"event_name":"World of Goop","player_choice":"Gather Gold","floor":4,"damage_taken":0},{"event_name":"Living Wall","player_choice":"Grow","floor":5,"damage_taken":0},{"event_name":"Fountain of Cleansing","player_choice":"Removed Curse","floor":8,"damage_taken":0},{"event_name":"Purifier","player_choice":"One Purge","floor":21,"damage_taken":0},{"event_name":"Drug Dealer","player_choice":"Got JAXXED","floor":22,"damage_taken":0},{"event_name":"The Library","player_choice":"Heal","floor":24,"damage_taken":0},{"event_name":"Transmorgrifier","player_choice":"Transform","floor":31,"damage_taken":0},{"event_name":"Tomb of Lord Red Mask","player_choice":"Ignored","floor":36,"damage_taken":0},{"event_name":"The Moai Head","player_choice":"Gave Idol","floor":37,"damage_taken":0},{"event_name":"Winding Halls","player_choice":"Writhe","floor":38,"damage_taken":0},{"event_name":"Mysterious Sphere","player_choice":"Fight","floor":46,"damage_taken":0}],"boss_relics":[{"not_picked":["Astrolabe","Runic Pyramid"],"picked":"Philosopher\u0027s Stone"},{"not_picked":["Snecko Eye","Cursed Key"],"picked":"The Specimen"}],"potions_floor_spawned":[1,10,13,29,33,39,46],"seed_played":"1676488939823403467","killed_by":"3 Darklings","ascension_level":0,"is_trial":false}