{"path_per_floor":["M","$","M","M","?","?","R","$","T","M","R","E","M","?","R","B",null,"M","?","T","M","?","R","M","M","T","?","M","M","?","M","R"],"character_chosen":"THE_SILENT","items_purchased":["Backstab"],"gold_per_floor":[113,38,55,66,66,241,241,64,64,76,76,107,125,125,125,221,221,240,240,267,277,277,277,297,309,309,209,223,243,243,257,257],"floor_reached":33,"campfire_rested":1,"playtime":3038,"current_hp_per_floor":[60,60,60,60,60,60,60,60,60,60,60,60,60,53,53,33,63,54,54,54,54,63,63,56,55,55,55,43,41,20,20,38],"items_purged":["Strike_G","Doubt"],"gold":257,"play_id":"1cb8cdb3-dd4c-43be-a9a3-3a029a1798c0","is_prod":false,"is_daily":false,"is_ascension_mode":false,"campfire_upgraded":4,"path_taken":["M","$","M","?","?","?","R","$","T","M","R","E","?","?","R","BOSS","M","?","?","M","?","R","M","M","T","?","M","M","?","?","R","BOSS"],"build_version":"2018-02-02-BETA1","purchased_purges":2,"victory":false,"master_deck":["Defend_G","Defend_G","Strike_G","Strike_G+1","Survivor","Neutralize+1","Glass Knife+1","Unload","Dash+1","Cloak And Dagger","Slice","Backstab+1","Backflip","Bouncing Flask","Adrenaline+1","Accuracy+1","Venomology+1","Reflex+1","Writhe","Calculated Gamble+1","J.A.X.","Escape Plan+1","Blind","Dark Shackles","Prepared"],"max_hp_per_floor":[63,63,63,63,63,63,63,63,63,63,63,63,63,63,63,63,63,63,63,63,63,63,63,63,63,63,63,63,63,63,63,63],"relics":["Ring of the Snake","Calipers","Unceasing Top","Astrolabe","Happy Flower","Whetstone","Du-Vu Doll"],"card_choices":[{"not_picked":["Storm of Steel","Envenom"],"picked":"Glass Knife"},{"not_picked":["All Out Attack","Underhanded Strike"],"picked":"Unload"},{"not_picked":["Dodge and Roll","Outmaneuver"],"picked":"Dash"},{"not_picked":["Dagger Throw","Slice"],"picked":"Cloak And Dagger"},{"not_picked":["Dagger Throw","Cloak And Dagger"],"picked":"Backflip"},{"not_picked":["PiercingWail","Sucker Punch"],"picked":"Bouncing Flask"},{"not_picked":["Die Die Die","Glass Knife"],"picked":"Adrenaline"},{"not_picked":["Deflect","Poisoned Stab"],"picked":"Calculated Gamble"},{"not_picked":["Terror","Outmaneuver"],"picked":"Escape Plan"},{"not_picked":["Quick Slash","PiercingWail"],"picked":"Prepared"}],"player_experience":167476,"potions_floor_usage":[16,18,21,21,24,28,29,29,31,31,33],"damage_taken":[{"damage":3,"enemies":"Blue Slaver","floor":1,"turns":4},{"damage":0,"enemies":"Small Slimes","floor":3,"turns":3},{"damage":0,"enemies":"Cultist","floor":4,"turns":2},{"damage":0,"enemies":"Exordium Thugs","floor":10,"turns":4},{"damage":0,"enemies":"3 Sentries","floor":12,"turns":5},{"damage":0,"enemies":"Looter","floor":13,"turns":2},{"damage":20,"enemies":"Hexaghost","floor":16,"turns":8},{"damage":9,"enemies":"2 Thieves","floor":18,"turns":3},{"damage":0,"enemies":"Shell Parasite","floor":21,"turns":3},{"damage":7,"enemies":"Centurion and Healer","floor":24,"turns":3},{"damage":1,"enemies":"Cultist and Chosen","floor":25,"turns":5},{"damage":12,"enemies":"Snecko","floor":28,"turns":4},{"damage":14,"enemies":"Centurion and Healer","floor":29,"turns":4},{"damage":9,"enemies":"3 Cultists","floor":31,"turns":4},{"damage":49,"enemies":"Champ","floor":33,"turns":9}],"event_choices":[{"event_name":"Transmorgrifier","player_choice":"Transform","floor":5,"damage_taken":0},{"event_name":"Liars Game","player_choice":"agreed","floor":6,"damage_taken":0},{"event_name":"Golden Wing","player_choice":"Card Removal","floor":14,"damage_taken":0},{"event_name":"The Mausoleum","player_choice":"Yes","floor":19,"damage_taken":0},{"event_name":"The Library","player_choice":"Heal","floor":22,"damage_taken":0},{"event_name":"Drug Dealer","player_choice":"Got JAXXED","floor":27,"damage_taken":0},{"event_name":"Knowing Skull","player_choice":"CARD CARD ","floor":30,"damage_taken":0}],"boss_relics":[{"not_picked":["Lizard Tail","Orrery"],"picked":"Astrolabe"}],"potions_floor_spawned":[1,4,12,21,25],"seed_played":"-3083887539677492011","killed_by":"Champ","ascension_level":0,"is_trial":false}