{"gold_per_floor":[18,18,18,18,97,97,97,112,136,136,170,188,206,225,225,325,325,342,357,632,732,732,732,744,34,109,6,20,20,20,36,36,135,135,155,171,171,171,11,45,45,74,125,125,125,151,161,7,37,37],"floor_reached":51,"playtime":4315,"items_purged":["Regret","Normality","Shame"],"score":801,"play_id":"8bffd264-7e09-4507-a5c4-0a54c84bdd71","local_time":"20180926233012","is_ascension_mode":false,"campfire_choices":[{"data":"Zap","floor":6,"key":"SMITH"},{"data":"Dualcast","floor":10,"key":"SMITH"},{"data":"Rainbow","floor":15,"key":"SMITH"},{"floor":23,"key":"REST"},{"floor":30,"key":"REST"},{"data":"Hologram","floor":32,"key":"SMITH"},{"floor":41,"key":"DIG"},{"floor":45,"key":"DIG"},{"floor":49,"key":"DIG"}],"neow_cost":"NO_GOLD","seed_source_timestamp":272395985465983,"circlet_count":0,"master_deck":["Strike_B","Strike_B+1","Defend_B","Defend_B","Defend_B+1","Zap+1","Dualcast+1","Beam Cell","White Noise","Rebound","Leap","Rainbow+1","Loop","Steam","Leap","Echo Form","Melter","Darkness+1","Defragment","Hologram+1","Amplify+1","Conserve Battery+1","Hologram+1","Defragment","Stack+1","BootSequence+1","Steam+1","Capacitor","Turbo+1","Electrodynamics","Defragment","Echo Form","Madness+1","Madness+1","Metamorphosis+1","Stack+1","Stack+1","White Noise+1","Rainbow+1","Defragment","Steam+1","Storm","Defragment","Leap+1","Turbo+1"],"relics":["Cracked Core","Meat on the Bone","Smiling Mask","Orichalcum","Sozu","Bird Faced Urn","The Courier","Bag of Preparation","Toxic Egg 2","Membership Card","Anchor","Shovel","Singing Bowl","Enchiridion","Calling Bell","Art of War","Letter Opener","Turnip","Bag of Marbles","Cables","Blue Candle","Oddly Smooth Stone","Pantograph","Potion Belt","Tiny Chest"],"potions_floor_usage":[21,21,21],"damage_taken":[{"damage":6,"enemies":"Jaw Worm","floor":1,"turns":3},{"damage":0,"enemies":"Small Slimes","floor":8,"turns":2},{"damage":13,"enemies":"3 Sentries","floor":11,"turns":9},{"damage":0,"enemies":"2 Louse","floor":12,"turns":2},{"damage":0,"enemies":"2 Fungi Beasts","floor":13,"turns":3},{"damage":8,"enemies":"Large Slime","floor":14,"turns":4},{"damage":7,"enemies":"The Guardian","floor":16,"turns":9},{"damage":6,"enemies":"Shell Parasite","floor":18,"turns":5},{"damage":23,"enemies":"Chosen","floor":19,"turns":6},{"damage":14,"enemies":"Colosseum Slavers","floor":21,"turns":4},{"damage":51,"enemies":"Colosseum Nobs","floor":21,"turns":6},{"damage":18,"enemies":"Shelled Parasite and Fungi","floor":24,"turns":5},{"damage":27,"enemies":"Snake Plant","floor":28,"turns":6},{"damage":3,"enemies":"Cultist and Chosen","floor":31,"turns":5},{"damage":28,"enemies":"Collector","floor":33,"turns":6},{"damage":37,"enemies":"3 Darklings","floor":35,"turns":4},{"damage":0,"enemies":"Orb Walker","floor":36,"turns":3},{"damage":20,"enemies":"2 Orb Walkers","floor":40,"turns":3},{"damage":48,"enemies":"Nemesis","floor":42,"turns":7},{"damage":33,"enemies":"3 Darklings","floor":47,"turns":4},{"damage":33,"enemies":"Donu and Deca","floor":50,"turns":7}],"seed_played":"-5630019802114393571","potions_obtained":[{"floor":11,"key":"PowerPotion"},{"floor":12,"key":"Poison Potion"},{"floor":16,"key":"Regen Potion"}],"is_trial":false,"path_per_floor":["M","?","?","?","T","R","?","M","T","R","E","M","M","M","R","B",null,"M","M","?","?","?","R","M","$","T","$","M","?","R","M","R","B",null,"M","M","?","?","$","E","R","E","T","?","R","T","M","$","R","B"],"character_chosen":"DEFECT","items_purchased":["Toxic Egg 2","Membership Card","Amplify+1","Conserve Battery+1","Hologram+1","Anchor","Shovel","Defragment","Stack+1","BootSequence+1","Steam+1","Metamorphosis+1","Stack+1","Stack+1","Steam+1","Storm","Defragment","Leap+1","Turbo+1"],"campfire_rested":2,"item_purchase_floors":[25,25,25,25,25,25,25,27,27,27,27,39,39,39,48,48,48,48,48],"current_hp_per_floor":[69,54,54,59,59,59,52,52,52,52,51,51,51,50,50,43,80,74,51,51,24,24,48,42,42,42,42,41,25,49,56,56,68,80,57,71,71,61,61,57,57,53,53,53,53,53,46,46,46,65],"gold":37,"neow_bonus":"TRANSFORM_TWO_CARDS","is_prod":false,"is_daily":false,"chose_seed":false,"campfire_upgraded":4,"win_rate":0,"timestamp":1537993812,"path_taken":["M","?","?","?","?","R","?","M","T","R","E","M","M","?","R","BOSS","M","M","?","?","?","R","M","?","T","?","M","?","R","?","R","BOSS","M","M","?","?","$","E","R","E","T","?","R","?","M","$","R","BOSS"],"build_version":"2018-09-25","purchased_purges":3,"victory":true,"max_hp_per_floor":[75,75,75,80,80,80,80,80,80,80,80,80,80,80,80,80,80,80,80,80,80,80,80,80,80,80,80,80,80,80,80,80,80,80,82,82,82,82,82,82,82,82,82,82,82,82,82,82,82,82],"card_choices":[{"not_picked":["Compile Driver","White Noise"],"picked":"Rebound","floor":1},{"not_picked":["Coolheaded","Steam Power"],"picked":"Leap","floor":8},{"not_picked":["Cold Snap","Compile Driver"],"picked":"Rainbow","floor":11},{"not_picked":["Stack","Coolheaded"],"picked":"Loop","floor":12},{"not_picked":["Reprogram","Compile Driver"],"picked":"Steam","floor":13},{"not_picked":["Beam Cell","Hello World"],"picked":"Leap","floor":14},{"not_picked":["Machine Learning","All For One"],"picked":"Echo Form","floor":16},{"not_picked":["Redo","Sweeping Beam"],"picked":"Melter","floor":18},{"not_picked":["Loop","Compile Driver"],"picked":"Darkness+1","floor":19},{"not_picked":["Ball Lightning","Sunder"],"picked":"Defragment","floor":21},{"not_picked":["Steam+1","Rebound"],"picked":"Hologram","floor":24},{"not_picked":["Beam Cell","Ball Lightning"],"picked":"Capacitor","floor":28},{"not_picked":["Hologram+1","Conserve Battery+1"],"picked":"Turbo+1","floor":31},{"not_picked":["Seek+1","Biased Cognition"],"picked":"Electrodynamics","floor":33},{"not_picked":["Ball Lightning","Hologram+1","Coolheaded+1"],"picked":"Singing Bowl","floor":35},{"not_picked":["Hologram+1","Rebound+1"],"picked":"Defragment","floor":36},{"not_picked":["Chill+1","Consume+1"],"picked":"White Noise+1","floor":40},{"not_picked":["Loop","Genetic Algorithm+1"],"picked":"Rainbow+1","floor":42},{"not_picked":["Barrage+1","Sweeping Beam"],"picked":"Defragment","floor":47}],"player_experience":719034,"relics_obtained":[{"floor":5,"key":"Meat on the Bone"},{"floor":9,"key":"Smiling Mask"},{"floor":11,"key":"Orichalcum"},{"floor":21,"key":"Bird Faced Urn"},{"floor":21,"key":"The Courier"},{"floor":26,"key":"Singing Bowl"},{"floor":29,"key":"Enchiridion"},{"floor":34,"key":"Art of War"},{"floor":34,"key":"Letter Opener"},{"floor":34,"key":"Turnip"},{"floor":40,"key":"Bag of Marbles"},{"floor":41,"key":"Cables"},{"floor":42,"key":"Blue Candle"},{"floor":43,"key":"Oddly Smooth Stone"},{"floor":45,"key":"Pantograph"},{"floor":46,"key":"Potion Belt"},{"floor":49,"key":"Tiny Chest"}],"event_choices":[{"event_name":"Shining Light","player_choice":"Entered Light","floor":2,"damage_taken":0},{"event_name":"The Cleric","player_choice":"Leave","floor":3,"damage_taken":0},{"event_name":"Big Fish","player_choice":"Donut","floor":4,"damage_taken":0},{"event_name":"Golden Wing","player_choice":"Card Removal","floor":7,"damage_taken":0},{"event_name":"Golden Shrine","player_choice":"Desecrate","floor":20,"damage_taken":0},{"event_name":"Colosseum","player_choice":"Fight","floor":21,"damage_taken":0},{"event_name":"Colosseum","player_choice":"Fought Nobs","floor":21,"damage_taken":0},{"event_name":"The Mausoleum","player_choice":"Yes","floor":22,"damage_taken":0},{"event_name":"Cursed Tome","player_choice":"Obtained Book","floor":29,"damage_taken":0},{"event_name":"Duplicator","player_choice":"One dupe","floor":37,"damage_taken":0},{"event_name":"Winding Halls","player_choice":"Embrace Madness","floor":38,"damage_taken":0},{"event_name":"Purifier","player_choice":"One Purge","floor":44,"damage_taken":0}],"is_beta":true,"boss_relics":[{"not_picked":["Busted Crown","Empty Cage"],"picked":"Sozu"},{"not_picked":["Pandora\u0027s Box","Runic Dome"],"picked":"Calling Bell"}],"items_purged_floors":[25,39,48],"is_endless":false,"potions_floor_spawned":[11,12,16,18,21,24,28,36],"ascension_level":0}