{"gold_per_floor":[118,131,131,131,131,162,183,222,222,20,44,83,108,132,132,256,256,281,305,328,20,43,83,83,106,106,150,164,200,215,231,231,350,350,369,388,406,60,83,83,122,143,143,476,15,15,15,46,46,46,46,46,22,56,56],"floor_reached":56,"playtime":3738,"items_purged":["Strike_B","Strike_B","Parasite"],"score":1453,"play_id":"b5412a3c-2c44-4aac-8b85-d93182c190e3","local_time":"20181202112857","is_ascension_mode":true,"campfire_choices":[{"data":"Streamline","floor":15.0,"key":"SMITH"},{"data":"Defragment","floor":24.0,"key":"SMITH"},{"data":"Dualcast","floor":32.0,"key":"SMITH"},{"floor":40.0,"key":"RECALL"},{"data":"Defragment","floor":46.0,"key":"SMITH"},{"data":"Thunder Strike","floor":49.0,"key":"SMITH"},{"data":"Go for the Eyes","floor":52.0,"key":"SMITH"}],"neow_cost":"NONE","seed_source_timestamp":0,"circlet_count":0,"master_deck":["Strike_B","Defend_B","Defend_B","Defend_B","Defend_B","Zap+1","Dualcast+1","Auto Shields","Stack","Rebound","Cold Snap","Streamline+1","Conserve Battery+1","Ball Lightning","Hologram+1","Conserve Battery+1","White Noise+1","Rainbow+1","Genetic Algorithm+1","Barrage+1","Defragment+1","Rainbow+1","Coolheaded+1","Auto Shields+1","Loop+1","Self Repair","Fission+1","Hologram+1","Rebound+1","Glacier+1","Recycle+1","Thunder Strike+1","Go for the Eyes+1","Double Energy+1","Ball Lightning","Leap+1","Tempest+1","Defragment+1","Turbo+1","Finesse+1","Panache","Dark Shackles+1","Loop+1","Steam+1","Consume+1"],"special_seed":0,"relics":["Cracked Core","Oddly Smooth Stone","PreservedInsect","Matryoshka","Toxic Egg 2","Bronze Scales","Strawberry","Anchor","Eternal Feather","DollysMirror","Bottled Lightning","Pantograph","Vajra","Centennial Puzzle","Cursed Key","Cables","Shovel","Gremlin Horn","Chemical X","Bottled Flame","DataDisk"],"potions_floor_usage":[55,55,55],"damage_taken":[{"damage":0.0,"enemies":"Cultist","floor":1.0,"turns":3.0},{"damage":0.0,"enemies":"Small Slimes","floor":2.0,"turns":3.0},{"damage":24.0,"enemies":"Lagavulin","floor":6.0,"turns":7.0},{"damage":0.0,"enemies":"2 Louse","floor":7.0,"turns":2.0},{"damage":16.0,"enemies":"Gremlin Nob","floor":8.0,"turns":3.0},{"damage":8.0,"enemies":"Gremlin Gang","floor":11.0,"turns":4.0},{"damage":6.0,"enemies":"Lagavulin","floor":12.0,"turns":5.0},{"damage":2.0,"enemies":"Lots of Slimes","floor":13.0,"turns":3.0},{"damage":0.0,"enemies":"Exordium Wildlife","floor":14.0,"turns":2.0},{"damage":0.0,"enemies":"Hexaghost","floor":16.0,"turns":9.0},{"damage":2.0,"enemies":"Spheric Guardian","floor":18.0,"turns":4.0},{"damage":2.0,"enemies":"3 Byrds","floor":19.0,"turns":3.0},{"damage":0.0,"enemies":"Snecko","floor":20.0,"turns":6.0},{"damage":1.0,"enemies":"Chosen and Byrds","floor":22.0,"turns":3.0},{"damage":14.0,"enemies":"Book of Stabbing","floor":23.0,"turns":4.0},{"damage":0.0,"enemies":"Snake Plant","floor":25.0,"turns":2.0},{"damage":2.0,"enemies":"Gremlin Leader","floor":27.0,"turns":6.0},{"damage":0.0,"enemies":"3 Cultists","floor":28.0,"turns":2.0},{"damage":0.0,"enemies":"Book of Stabbing","floor":29.0,"turns":3.0},{"damage":6.0,"enemies":"Shelled Parasite and Fungi","floor":30.0,"turns":5.0},{"damage":0.0,"enemies":"Centurion and Healer","floor":31.0,"turns":6.0},{"damage":32.0,"enemies":"Automaton","floor":33.0,"turns":12.0},{"damage":0.0,"enemies":"3 Shapes","floor":35.0,"turns":2.0},{"damage":0.0,"enemies":"3 Darklings","floor":36.0,"turns":5.0},{"damage":0.0,"enemies":"Transient","floor":37.0,"turns":5.0},{"damage":0.0,"enemies":"4 Shapes","floor":39.0,"turns":5.0},{"damage":15.0,"enemies":"Reptomancer","floor":41.0,"turns":6.0},{"damage":31.0,"enemies":"Jaw Worm Horde","floor":42.0,"turns":4.0},{"damage":0.0,"enemies":"Giant Head","floor":48.0,"turns":5.0},{"damage":50.0,"enemies":"Time Eater","floor":50.0,"turns":9.0},{"damage":42.0,"enemies":"Shield and Spear","floor":54.0,"turns":5.0},{"damage":66,"enemies":"The Heart","floor":55,"turns":7}],"seed_played":"-7004055971559789882","potions_obtained":[{"floor":1.0,"key":"AttackPotion"},{"floor":2.0,"key":"FearPotion"},{"floor":12.0,"key":"Dexterity Potion"},{"floor":18.0,"key":"SpeedPotion"},{"floor":20.0,"key":"Explosive Potion"},{"floor":22.0,"key":"Ancient Potion"},{"floor":28.0,"key":"PowerPotion"},{"floor":37.0,"key":"Dexterity Potion"}],"is_trial":false,"path_per_floor":["M","M","?","?","?","E","M","E","T","$","M","E","M","M","R","B",null,"M","M","M","$","M","E","R","M","T","E","M","E","M","M","R","B",null,"M","M","M","$","M","R","E","M","T","?","$","R","?","E","R","B",null,"R","$","E","B",null],"character_chosen":"DEFECT","items_purchased":["Conserve Battery+1","Strawberry","DollysMirror","Coolheaded+1","Cables","Defragment","Turbo+1","Chemical X","Steam+1"],"campfire_rested":0,"item_purchase_floors":[10,10,21,21,38,45,45,45,53],"current_hp_per_floor":[75,75,75,57,57,33,33,17,17,24,16,10,8,8,8,8,82,80,78,78,78,77,63,78,78,78,82,82,82,76,82,82,57,82,82,82,82,82,82,82,74,43,43,43,43,64,54,54,78,29,79,79,79,44,3],"gold":56,"neow_bonus":"RANDOM_COMMON_RELIC","is_prod":false,"is_daily":false,"chose_seed":false,"campfire_upgraded":6,"win_rate":0,"timestamp":1543739337,"path_taken":["M","M","?","?","?","E","M","E","T","$","M","E","M","M","R","BOSS","M","M","M","$","M","E","R","M","T","E","M","E","?","M","R","BOSS","M","?","M","$","?","R","E","M","T","?","$","R","?","E","R","BOSS","R","$","E","BOSS"],"build_version":"2018-11-15","purchased_purges":3,"victory":true,"max_hp_per_floor":[75,75,75,75,75,75,75,75,75,82,82,82,82,82,82,82,82,82,82,82,82,82,82,82,82,82,82,82,82,82,82,82,82,82,82,82,82,82,82,82,82,82,82,82,79,79,79,79,79,79,79,79,79,79,79],"card_choices":[{"not_picked":["Consume","Tempest"],"picked":"Auto Shields","floor":1.0},{"not_picked":["Darkness","Steam"],"picked":"Stack","floor":2.0},{"not_picked":["Compile Driver","Conserve Battery"],"picked":"Rebound","floor":6.0},{"not_picked":["Redo","Skim"],"picked":"Cold Snap","floor":7.0},{"not_picked":["Chill","Coolheaded"],"picked":"Streamline","floor":8.0},{"not_picked":["Aggregate+1","Core Surge"],"picked":"Ball Lightning","floor":11.0},{"not_picked":["Skim+1","Leap+1"],"picked":"Hologram+1","floor":12.0},{"not_picked":["Beam Cell","FTL"],"picked":"Conserve Battery+1","floor":13.0},{"not_picked":["Conserve Battery+1","Capacitor"],"picked":"White Noise+1","floor":14.0},{"not_picked":["Seek+1","Machine Learning"],"picked":"Rainbow+1","floor":16.0},{"not_picked":["Leap+1","Steam Power+1"],"picked":"Genetic Algorithm+1","floor":18.0},{"not_picked":["Cold Snap","Beam Cell"],"picked":"Barrage+1","floor":19.0},{"not_picked":["Melter","Sweeping Beam"],"picked":"Defragment","floor":20.0},{"not_picked":["Redo+1","Static Discharge"],"picked":"Auto Shields+1","floor":22.0},{"not_picked":["Stack+1","Conserve Battery+1"],"picked":"Loop+1","floor":23.0},{"not_picked":["Ball Lightning","Barrage"],"picked":"Self Repair","floor":25.0},{"not_picked":["Turbo+1","Blizzard+1"],"picked":"Fission+1","floor":27.0},{"not_picked":["Melter+1","Consume+1"],"picked":"Hologram+1","floor":28.0},{"not_picked":["Buffer","Sweeping Beam"],"picked":"Rebound+1","floor":29.0},{"not_picked":["Sweeping Beam","Doom and Gloom+1"],"picked":"Glacier+1","floor":30.0},{"not_picked":["Leap+1","Beam Cell"],"picked":"Recycle+1","floor":31.0},{"not_picked":["Meteor Strike","Reboot+1"],"picked":"Thunder Strike","floor":33.0},{"not_picked":["Compile Driver+1","Coolheaded+1"],"picked":"Go for the Eyes","floor":35.0},{"not_picked":["Beam Cell","Ball Lightning"],"picked":"Double Energy+1","floor":36.0},{"not_picked":["Go for the Eyes","Auto Shields+1"],"picked":"Ball Lightning","floor":37.0},{"not_picked":["Streamline+1","Hello World+1"],"picked":"Leap+1","floor":39.0},{"not_picked":["Buffer","Ball Lightning+1","Compile Driver+1"],"picked":"SKIP","floor":41.0},{"not_picked":["Streamline","Darkness+1"],"picked":"Tempest+1","floor":42.0},{"not_picked":["Good Instincts+1","Trip+1"],"picked":"Finesse+1","floor":47.0},{"not_picked":["Panacea+1","Transmutation+1"],"picked":"Panache","floor":47.0},{"not_picked":["Panacea+1","Swift Strike"],"picked":"Dark Shackles+1","floor":47.0},{"not_picked":["Reprogram+1","Go for the Eyes"],"picked":"Loop+1","floor":48.0},{"not_picked":["Seek+1","Fusion+1"],"picked":"Consume+1","floor":54.0}],"player_experience":951300,"relics_obtained":[{"floor":6.0,"key":"PreservedInsect"},{"floor":8.0,"key":"Matryoshka"},{"floor":9.0,"key":"Toxic Egg 2"},{"floor":9.0,"key":"Bronze Scales"},{"floor":12.0,"key":"Anchor"},{"floor":23.0,"key":"Bottled Lightning"},{"floor":26.0,"key":"Pantograph"},{"floor":27.0,"key":"Vajra"},{"floor":29.0,"key":"Centennial Puzzle"},{"floor":41.0,"key":"Shovel"},{"floor":43.0,"key":"Gremlin Horn"},{"floor":48.0,"key":"Bottled Flame"},{"floor":54.0,"key":"DataDisk"}],"event_choices":[{"damage_healed":0.0,"max_hp_gain":0.0,"max_hp_loss":0.0,"gold_gain":0.0,"event_name":"Living Wall","player_choice":"Grow","floor":3.0,"gold_loss":0.0,"damage_taken":0.0,"cards_upgraded":["Zap"]},{"damage_healed":0.0,"max_hp_gain":0.0,"max_hp_loss":0.0,"gold_gain":0.0,"event_name":"Golden Idol","player_choice":"Take Damage","floor":4.0,"gold_loss":0.0,"damage_taken":18.0,"relics_obtained":["Golden Idol"]},{"cards_removed":["Strike_B"],"damage_healed":0.0,"max_hp_gain":0.0,"max_hp_loss":0.0,"gold_gain":0.0,"event_name":"Purifier","player_choice":"Purged","floor":5.0,"gold_loss":0.0,"damage_taken":0.0},{"damage_healed":0.0,"max_hp_gain":0.0,"max_hp_loss":0.0,"gold_gain":333.0,"event_name":"The Moai Head","player_choice":"Gave Idol","floor":44.0,"relics_lost":["Golden Idol"],"gold_loss":0.0,"damage_taken":0.0},{"damage_healed":0.0,"max_hp_gain":0.0,"max_hp_loss":0.0,"gold_gain":0.0,"event_name":"SensoryStone","player_choice":"Memory 3","floor":47.0,"gold_loss":0.0,"damage_taken":10.0}],"is_beta":true,"boss_relics":[{"not_picked":["Black Star","Snecko Eye"],"picked":"Eternal Feather"},{"not_picked":["Runic Pyramid","Fusion Hammer"],"picked":"Cursed Key"}],"items_purged_floors":[21,38,45],"is_endless":false,"potions_floor_spawned":[1,2,12,18,20,22,28,31,37,41],"ascension_level":1}