{"gold_per_floor":[119,119,129,129,142,142,142],"floor_reached":7,"playtime":311,"items_purged":[],"score":43,"play_id":"14984929-41de-49e3-bba5-abc655940489","local_time":"20190111192825","is_ascension_mode":true,"campfire_choices":[{"data":"strawberrySpire:Flashback","floor":6,"key":"SMITH"}],"neow_cost":"","seed_source_timestamp":768196980280603,"circlet_count":0,"master_deck":["Strike_B","Strike_B","Strike_B","Defend_B","Defend_B","Defend_B","Defend_B","Zap","Dualcast","strawberrySpire:Flashback","Steam+1","strawberrySpire:Flashback","strawberrySpire:DataDump","Stack+1","Hologram+1","White Noise+1","Conserve Battery+1"],"special_seed":0,"relics":["Cracked Core","Toxic Egg 2","Orichalcum","DollysMirror"],"potions_floor_usage":[7],"damage_taken":[{"damage":0,"enemies":"2 Louse","floor":1,"turns":2},{"damage":2,"enemies":"Small Slimes","floor":3,"turns":3},{"damage":1,"enemies":"Cultist","floor":5,"turns":4},{"damage":40,"enemies":"Nightmare","floor":7,"turns":12}],"seed_played":"5162915437292781074","potions_obtained":[{"floor":3,"key":"EssenceOfSteel"}],"is_trial":false,"path_per_floor":["M","?","M","?","M","R","NM"],"character_chosen":"DEFECT","items_purchased":["Toxic Egg 2","Orichalcum","strawberrySpire:Flashback","Steam+1","DollysMirror","strawberrySpire:DataDump","Stack+1"],"campfire_rested":0,"item_purchase_floors":[0,0,0,0,0,0,0],"current_hp_per_floor":[42,35,33,38,37,37,0],"gold":142,"neow_bonus":"","is_prod":false,"is_daily":false,"chose_seed":false,"campfire_upgraded":1,"win_rate":0,"timestamp":1547224105,"path_taken":["M","?","M","?","M","R","NM"],"build_version":"2019-01-10","purchased_purges":0,"victory":false,"max_hp_per_floor":[75,75,75,80,80,80,80],"card_choices":[{"not_picked":["Coolheaded+1","Beam Cell"],"picked":"Hologram+1","floor":1},{"not_picked":["strawberrySpire:Disconnect","strawberrySpire:NeonFlight+1"],"picked":"White Noise+1","floor":3},{"not_picked":["Coolheaded+1","strawberrySpire:Disconnect"],"picked":"Conserve Battery+1","floor":5}],"player_experience":1066317,"relics_obtained":[],"event_choices":[{"cards_removed":["Strike_B"],"damage_healed":0,"gold_gain":0,"player_choice":"Card Removal","damage_taken":7,"max_hp_gain":0,"max_hp_loss":0,"event_name":"Golden Wing","floor":2,"gold_loss":0},{"damage_healed":0,"gold_gain":0,"player_choice":"Donut","damage_taken":0,"max_hp_gain":5,"max_hp_loss":0,"event_name":"Big Fish","floor":4,"gold_loss":0}],"is_beta":true,"boss_relics":[],"items_purged_floors":[],"is_endless":false,"potions_floor_spawned":[3],"killed_by":"Nightmare","ascension_level":1}