{"path_per_floor":["M","$","?","M","?","R","M","M","T","?","M","?","?","$","R","B",null,"M","?","?","M","$","R","M","R","T","?","M","?","M","M","R","B",null,"M","?","M","?","?","M","R","M","T","M","E","M","$","M","R","B"],"character_chosen":"THE_SILENT","items_purchased":["Pear","Vajra","Footwork","Happy Flower","Bottled Tornado"],"gold_per_floor":[362,42,117,134,84,84,98,114,160,187,199,199,199,47,47,142,142,153,78,106,122,22,22,41,41,41,41,55,55,73,91,91,187,187,207,257,275,497,497,513,513,532,532,547,580,597,18,30,30,30],"floor_reached":51,"campfire_rested":1,"playtime":3423,"current_hp_per_floor":[63,73,62,56,56,56,53,45,45,30,9,9,2,2,26,24,80,69,69,66,66,66,66,62,62,62,62,57,57,59,59,59,61,80,57,60,68,68,68,63,63,61,61,68,80,77,77,80,80,69],"items_purged":["Defend_G","Strike_G","Strike_G"],"gold":30,"score":621,"play_id":"b95f18ae-2da0-4303-875c-26fc6cb53971","is_prod":false,"is_daily":false,"is_ascension_mode":false,"campfire_upgraded":6,"path_taken":["M","$","?","M","?","R","?","M","T","?","?","?","?","?","R","BOSS","M","?","?","M","$","R","M","R","T","?","M","?","?","M","R","BOSS","M","?","M","?","?","M","R","M","T","M","E","M","$","M","R","BOSS"],"build_version":"2018-02-19-BETA1","purchased_purges":3,"victory":true,"master_deck":["Defend_G+1","Defend_G","Strike_G","Survivor","Neutralize+1","Clumsy","Heel Hook","PiercingWail","Well Laid Plans+1","Predator","Backstab","After Image","Infinite Blades+1","Footwork+1","Dagger Spray+1","Cloak And Dagger+1","Prepared+1","Escape Plan+1","Blur+1","Tactician+1","Dagger Throw+1","Dodge and Roll+1","Accuracy+1","Deflect+1","Accuracy+1","Quick Slash+1","Flying Knee","Footwork","Footwork"],"max_hp_per_floor":[70,80,80,80,80,80,80,80,80,80,80,80,80,80,80,80,80,80,80,80,80,80,80,80,80,80,80,80,80,80,80,80,80,80,80,80,80,80,80,80,80,80,80,80,80,80,80,80,80,80],"relics":["Ring of the Snake","Pear","Omamori","Odd Mushroom","Vajra","Cursed Key","Red Mask","Blood Vial","Shuriken","White Beast Statue","Bird Faced Urn","Oddly Smooth Stone","War Paint","Happy Flower","Bottled Tornado"],"card_choices":[{"not_picked":["Deadly Poison","Flying Knee"],"picked":"Heel Hook"},{"not_picked":["Bane","Underhanded Strike"],"picked":"PiercingWail"},{"not_picked":["Terror","Underhanded Strike"],"picked":"Well Laid Plans"},{"not_picked":["All Out Attack","Heel Hook"],"picked":"Predator"},{"not_picked":["Catalyst","Distraction"],"picked":"Backstab"},{"not_picked":["Grand Finale","Tactician"],"picked":"After Image"},{"not_picked":["Prepared","Dodge and Roll"],"picked":"Infinite Blades"},{"not_picked":["Sucker Punch","Outmaneuver"],"picked":"Footwork"},{"not_picked":["Underhanded Strike","Deflect"],"picked":"Dagger Spray"},{"not_picked":["Backflip","PiercingWail"],"picked":"Cloak And Dagger"},{"not_picked":["Quick Slash","Calculated Gamble"],"picked":"Prepared"},{"not_picked":["Dagger Throw","All Out Attack"],"picked":"Escape Plan"},{"not_picked":["Unload","Bouncing Flask"],"picked":"Blur"},{"not_picked":["Unload","Corpse Explosion"],"picked":"Tactician"},{"not_picked":["Terror","Sucker Punch"],"picked":"Dagger Throw"},{"not_picked":["Well Laid Plans","All Out Attack"],"picked":"Dodge and Roll"},{"not_picked":["Masterful Stab","Calculated Gamble"],"picked":"Accuracy"},{"not_picked":["Sucker Punch","Dagger Spray"],"picked":"Deflect"},{"not_picked":["Backflip","Infinite Blades"],"picked":"Accuracy"},{"not_picked":["Tactician","Poisoned Stab"],"picked":"Quick Slash"},{"not_picked":["Dodge and Roll","Prepared"],"picked":"Flying Knee"},{"not_picked":["Flying Knee","Catalyst"],"picked":"Footwork"}],"player_experience":224125,"potions_floor_usage":[8,16,16,35,36,36,42,44,45,50],"damage_taken":[{"damage":7,"enemies":"Jaw Worm","floor":1,"turns":5},{"damage":6,"enemies":"2 Louse","floor":4,"turns":2},{"damage":3,"enemies":"Small Slimes","floor":7,"turns":3},{"damage":8,"enemies":"Exordium Thugs","floor":8,"turns":6},{"damage":15,"enemies":"The Mushroom Lair","floor":10,"turns":5},{"damage":21,"enemies":"Exordium Wildlife","floor":11,"turns":6},{"damage":2,"enemies":"Slime Boss","floor":16,"turns":7},{"damage":11,"enemies":"2 Thieves","floor":18,"turns":4},{"damage":3,"enemies":"Masked Bandits","floor":20,"turns":5},{"damage":0,"enemies":"3 Byrds","floor":21,"turns":5},{"damage":4,"enemies":"Slaver and Parasite","floor":24,"turns":6},{"damage":7,"enemies":"Cultist and Chosen","floor":28,"turns":4},{"damage":0,"enemies":"Snecko","floor":30,"turns":4},{"damage":2,"enemies":"Snake Plant","floor":31,"turns":4},{"damage":0,"enemies":"Automaton","floor":33,"turns":8},{"damage":23,"enemies":"3 Darklings","floor":35,"turns":6},{"damage":14,"enemies":"Mysterious Sphere","floor":36,"turns":6},{"damage":0,"enemies":"Orb Walker","floor":37,"turns":4},{"damage":15,"enemies":"4 Shapes","floor":40,"turns":5},{"damage":14,"enemies":"Sphere and 2 Shapes","floor":42,"turns":5},{"damage":5,"enemies":"Spire Growth","floor":44,"turns":5},{"damage":0,"enemies":"Nemesis","floor":45,"turns":6},{"damage":6,"enemies":"4 Shapes","floor":46,"turns":6},{"damage":0,"enemies":"Maw","floor":48,"turns":7},{"damage":20,"enemies":"Donu and Deca","floor":50,"turns":10}],"event_choices":[{"event_name":"World of Goop","player_choice":"Gather Gold","floor":3,"damage_taken":0},{"event_name":"The Cleric","player_choice":"Card Removal","floor":5,"damage_taken":0},{"event_name":"Mushrooms","player_choice":"Fought Mushrooms","floor":10,"damage_taken":0},{"event_name":"Living Wall","player_choice":"Forget","floor":12,"damage_taken":0},{"event_name":"Scrap Ooze","player_choice":"unsuccessful","floor":13,"damage_taken":7},{"event_name":"Beggar","player_choice":"Gave Gold","floor":19,"damage_taken":0},{"event_name":"Masked Bandits","player_choice":"Fought over 78 gold","floor":20,"damage_taken":0},{"event_name":"The Mausoleum","player_choice":"Yes","floor":27,"damage_taken":0},{"event_name":"Addict","player_choice":"Ignored","floor":29,"damage_taken":0},{"event_name":"Mysterious Sphere","player_choice":"Fight","floor":36,"damage_taken":0},{"event_name":"Tomb of Lord Red Mask","player_choice":"Wore Mask","floor":38,"damage_taken":0}],"boss_relics":[{"not_picked":["Philosopher\u0027s Stone","Tiny House"],"picked":"Cursed Key"},{"not_picked":["Orrery","Runic Pyramid"],"picked":"White Beast Statue"}],"potions_floor_spawned":[4,7,8,20,21,30,35,36,37,40,42,44,45,46,48],"seed_played":"4440076926652791243","ascension_level":0,"is_trial":false}