{"gold_per_floor":[117,132,148,162,173,173,201,376,376,395,395,415,450,16,16,16],"floor_reached":16,"playtime":717,"items_purged":[],"score":114,"play_id":"cacceebc-647e-47c2-8cc7-b0e8485d6df7","local_time":"20181101100220","is_ascension_mode":false,"campfire_choices":[{"data":"Predator","floor":6.0,"key":"SMITH"},{"data":"Adrenaline","floor":11.0,"key":"SMITH"},{"floor":15.0,"key":"REST"}],"neow_cost":"TEN_PERCENT_HP_LOSS","seed_source_timestamp":0,"circlet_count":0,"master_deck":["Defend_G","Defend_G","Defend_G","Defend_G","Defend_G","Strike_G","Strike_G","Strike_G","Strike_G","Strike_G","Survivor","Neutralize","Flying Knee","PiercingWail","Dagger Spray","Predator+1","Sucker Punch","Adrenaline+1","Doubt","Quick Slash","Cloak And Dagger","Dash"],"special_seed":0,"relics":["Ring of the Snake","Unceasing Top","Lantern","Blood Vial","PreservedInsect","Chemical X","Singing Bowl"],"potions_floor_usage":[],"damage_taken":[{"damage":0.0,"enemies":"Jaw Worm","floor":1.0,"turns":5.0},{"damage":0.0,"enemies":"2 Louse","floor":2.0,"turns":2.0},{"damage":5.0,"enemies":"Small Slimes","floor":3.0,"turns":3.0},{"damage":4.0,"enemies":"Blue Slaver","floor":4.0,"turns":5.0},{"damage":6.0,"enemies":"3 Louse","floor":5.0,"turns":3.0},{"damage":18.0,"enemies":"Lagavulin","floor":7.0,"turns":5.0},{"damage":10.0,"enemies":"Gremlin Gang","floor":10.0,"turns":4.0},{"damage":6.0,"enemies":"Exordium Thugs","floor":12.0,"turns":5.0},{"damage":9.0,"enemies":"3 Sentries","floor":13.0,"turns":5.0},{"damage":46,"enemies":"The Guardian","floor":16,"turns":15}],"seed_played":"-6847418050987966338","potions_obtained":[{"floor":2.0,"key":"SpeedPotion"},{"floor":4.0,"key":"AttackPotion"},{"floor":10.0,"key":"Block Potion"},{"floor":12.0,"key":"Swift Potion"},{"floor":13.0,"key":"Explosive Potion"}],"is_trial":false,"path_per_floor":["M","M","M","M","M","R","E","?","T","M","R","M","E","$","R","B"],"character_chosen":"THE_SILENT","items_purchased":["Chemical X","Singing Bowl"],"campfire_rested":1,"item_purchase_floors":[14,14],"current_hp_per_floor":[63,63,58,54,48,48,30,30,30,22,22,18,11,11,29,0],"gold":16,"neow_bonus":"ONE_RARE_RELIC","is_prod":false,"is_daily":false,"chose_seed":false,"campfire_upgraded":2,"win_rate":0,"timestamp":1541055740,"path_taken":["M","M","M","M","M","R","E","?","T","M","R","M","E","$","R","BOSS"],"build_version":"2018-10-31","purchased_purges":0,"victory":false,"max_hp_per_floor":[63,63,63,63,63,63,63,63,63,63,63,63,63,63,63,63],"card_choices":[{"not_picked":["Dagger Throw","Dodge and Roll"],"picked":"Flying Knee","floor":1.0},{"not_picked":["Choke","Acrobatics"],"picked":"PiercingWail","floor":2.0},{"not_picked":["Masterful Stab","Quick Slash"],"picked":"Dagger Spray","floor":3.0},{"not_picked":["Bane","Sucker Punch"],"picked":"Predator","floor":4.0},{"not_picked":["Blur","Slice"],"picked":"Sucker Punch","floor":5.0},{"not_picked":["Reflex","Bane"],"picked":"Adrenaline","floor":7.0},{"not_picked":["Outmaneuver","PiercingWail"],"picked":"Quick Slash","floor":10.0},{"not_picked":["Dagger Spray","Bane"],"picked":"Cloak And Dagger","floor":12.0},{"not_picked":["Prepared","Expertise"],"picked":"Dash","floor":13.0}],"player_experience":857366,"relics_obtained":[{"floor":7.0,"key":"Lantern"},{"floor":9.0,"key":"Blood Vial"},{"floor":13.0,"key":"PreservedInsect"}],"event_choices":[{"damage_healed":0.0,"max_hp_gain":0.0,"max_hp_loss":0.0,"gold_gain":175.0,"event_name":"Liars Game","player_choice":"AGREE","floor":8.0,"gold_loss":0.0,"damage_taken":0.0,"cards_obtained":["Doubt"]}],"is_beta":true,"boss_relics":[],"items_purged_floors":[],"is_endless":false,"potions_floor_spawned":[2,4,10,12,13],"killed_by":"The Guardian","ascension_level":0}