{"path_per_floor":["M","?","?","$","?","R","E","R","T","?","R","M","M","E","R","B",null,"M","?","M","M","?","R","?","E","T","?","R","$","M","?","R","B",null,"M","?","?","M","?","R","?","?","T","R","$","M","M","M","R","B"],"character_chosen":"IRONCLAD","items_purchased":["Pen Nib","Shrug It Off","Headbutt","Energy Potion","Energy Potion","Toy Ornithopter","Dexterity Potion","Disarm"],"gold_per_floor":[112,287,287,12,112,112,145,145,145,145,145,156,174,200,200,304,304,323,323,334,347,347,347,347,377,430,330,330,77,88,88,88,183,183,194,194,543,556,556,556,556,556,556,556,115,127,144,155,155,155],"floor_reached":51,"campfire_rested":2,"playtime":1814,"current_hp_per_floor":[44,44,44,44,44,44,30,30,30,27,51,54,60,56,56,31,80,43,69,64,50,34,34,34,47,47,47,47,47,42,42,42,26,87,76,87,64,71,71,71,71,71,71,71,71,40,40,42,68,37],"items_purged":["Strike_R","Strike_R","Defend_R"],"gold":155,"score":769,"play_id":"56bc7065-2a48-4303-9541-6c256d10a5dd","local_time":"20180303115435","is_prod":false,"is_daily":false,"is_ascension_mode":false,"campfire_upgraded":5,"timestamp":1520067275,"path_taken":["M","?","?","?","?","R","E","R","T","?","R","?","M","E","R","BOSS","M","?","M","M","?","R","?","E","T","?","R","$","M","?","R","BOSS","M","?","?","M","?","R","?","?","T","R","$","M","M","M","R","BOSS"],"build_version":"2018-03-02-BETA2","purchased_purges":3,"victory":true,"master_deck":["Strike_R","Strike_R","Defend_R","Defend_R","Bash","Clothesline","Shrug It Off","Body Slam+1","Intimidate","Limit Break+1","Sword Boomerang+1","Disarm+1","Disarm+1","J.A.X.","Headbutt","Flame Barrier+1","Exhume+1","Shrug It Off+1","Seeing Red","Disarm","Blood for Blood","Armaments+1"],"max_hp_per_floor":[80,80,80,80,80,80,80,80,80,80,80,80,80,80,80,80,80,80,80,80,80,80,80,80,87,87,87,87,87,87,87,87,87,87,87,87,87,87,87,87,87,87,87,87,87,87,87,87,87,87],"relics":["Black Blood","Girya","Pen Nib","Letter Opener","Paper Frog","Mercury Hourglass","Red Skull","Philosopher\u0027s Stone","Enchiridion","Strawberry","Anchor","Old Coin","Happy Flower","Toy Ornithopter"],"card_choices":[{"not_picked":["Clash","Exhume"],"picked":"Clothesline"},{"not_picked":["Exhume","Combust"],"picked":"Body Slam"},{"not_picked":["Flex","True Grit"],"picked":"Intimidate"},{"not_picked":["Barricade","Fiend Fire"],"picked":"Limit Break"},{"not_picked":["Clothesline","Searing Blow"],"picked":"Sword Boomerang"},{"not_picked":["Second Wind","Cleave"],"picked":"Disarm"},{"not_picked":["Berserk","Clash"],"picked":"Disarm"},{"not_picked":["Thunderclap","Body Slam"],"picked":"Flame Barrier"},{"not_picked":["Limit Break","Fiend Fire"],"picked":"Exhume"},{"not_picked":["Cleave","Feel No Pain"],"picked":"Shrug It Off"},{"not_picked":["True Grit","Cleave"],"picked":"Seeing Red"},{"not_picked":["Havoc","Clothesline"],"picked":"Blood for Blood"},{"not_picked":["Dual Wield","Twin Strike"],"picked":"Armaments"}],"player_experience":252048,"potions_floor_usage":[25,25,33,33,33,50,50],"damage_taken":[{"damage":2,"enemies":"2 Louse","floor":1,"turns":4},{"damage":20,"enemies":"3 Sentries","floor":7,"turns":10},{"damage":3,"enemies":"Jaw Worm","floor":12,"turns":3},{"damage":0,"enemies":"Small Slimes","floor":13,"turns":2},{"damage":10,"enemies":"Lagavulin","floor":14,"turns":6},{"damage":31,"enemies":"Hexaghost","floor":16,"turns":9},{"damage":43,"enemies":"3 Byrds","floor":18,"turns":4},{"damage":11,"enemies":"Chosen","floor":20,"turns":4},{"damage":20,"enemies":"Snake Plant","floor":21,"turns":4},{"damage":0,"enemies":"Gremlin Leader","floor":25,"turns":3},{"damage":11,"enemies":"Snecko","floor":30,"turns":3},{"damage":22,"enemies":"Automaton","floor":33,"turns":6},{"damage":21,"enemies":"Flame Bruiser 1 Orb","floor":35,"turns":5},{"damage":33,"enemies":"Mysterious Sphere","floor":37,"turns":4},{"damage":3,"enemies":"Orb Walker","floor":38,"turns":4},{"damage":41,"enemies":"4 Shapes","floor":46,"turns":5},{"damage":10,"enemies":"3 Darklings","floor":47,"turns":5},{"damage":8,"enemies":"Maw","floor":48,"turns":4},{"damage":47,"enemies":"Awakened One","floor":50,"turns":7}],"event_choices":[{"event_name":"Liars Game","player_choice":"agreed","floor":2,"damage_taken":0},{"event_name":"Living Wall","player_choice":"Forget","floor":3,"damage_taken":0},{"event_name":"Golden Shrine","player_choice":"Pray","floor":5,"damage_taken":0},{"event_name":"Scrap Ooze","player_choice":"success","floor":10,"damage_taken":3},{"event_name":"The Library","player_choice":"Heal","floor":19,"damage_taken":0},{"event_name":"Cursed Tome","player_choice":"Obtained Book","floor":22,"damage_taken":0},{"event_name":"Back to Basics","player_choice":"Elegance","floor":24,"damage_taken":0},{"event_name":"Drug Dealer","player_choice":"Got JAXXED","floor":27,"damage_taken":0},{"event_name":"Vampires","player_choice":"Ignored","floor":31,"damage_taken":0},{"event_name":"Winding Halls","player_choice":"Writhe","floor":36,"damage_taken":0},{"event_name":"Mysterious Sphere","player_choice":"Fight","floor":37,"damage_taken":0},{"event_name":"Tomb of Lord Red Mask","player_choice":"Ignored","floor":39,"damage_taken":0},{"event_name":"Fountain of Cleansing","player_choice":"Removed Curse","floor":41,"damage_taken":0}],"boss_relics":[{"not_picked":["Runic Pyramid","Tiny House"],"picked":"Philosopher\u0027s Stone"},{"not_picked":["Pandora\u0027s Box","Velvet Choker"],"picked":"Black Blood"}],"potions_floor_spawned":[7,14,21,30,35,37,46],"seed_played":"8727781946252144164","ascension_level":0,"is_trial":false}