{"gold_per_floor":[119,131,131,206,220,245,245,265,265,265,265,265,291,307,307,402,402,413,413,413,423,440,440],"floor_reached":23,"playtime":747,"items_purged":[],"score":316,"play_id":"5fe02dbf-d311-459e-b22b-8381063716d5","local_time":"20190126133257","is_ascension_mode":true,"campfire_choices":[{"data":"strawberrySpire:DreamfoilDart","floor":7,"key":"SMITH"},{"data":"strawberrySpire:DreamfoilDart","floor":10,"key":"SMITH"},{"data":"Choke","floor":15,"key":"SMITH"}],"neow_cost":"","seed_source_timestamp":67663923715547,"circlet_count":0,"master_deck":["Survivor","Neutralize","Predator","strawberrySpire:Insectonator","Skewer","Choke+1","strawberrySpire:DreamfoilDart+1","strawberrySpire:DreamfoilDart+1","strawberrySpire:Trickbox","Dagger Spray","Clumsy","Glass Knife","Acrobatics","Corpse Explosion","strawberrySpire:Rummage","Choke","strawberrySpire:Pant","Reflex","strawberrySpire:Rummage","Riddle With Holes","Corpse Explosion","Doppelganger","strawberrySpire:KnifeParty","Caltrops","Distraction","Shame","Infinite Blades+1","Flying Knee"],"relics":["Ring of the Snake","Juzu Bracelet","Anchor","StoneCalendar","Mercury Hourglass","Ice Cream","strawberrySpire:Sorrowfruit","Dodecahedron","Pandora\u0027s Box","Shovel","theJungle:PaperFaux"],"potions_floor_usage":[13,16,22],"damage_taken":[{"damage":0,"enemies":"Jaw Worm","floor":1,"turns":2},{"damage":1,"enemies":"Cultist","floor":2,"turns":3},{"damage":0,"enemies":"Small Slimes","floor":5,"turns":2},{"damage":33,"enemies":"Gremlin Nob","floor":6,"turns":5},{"damage":0,"enemies":"Exordium Wildlife","floor":8,"turns":3},{"damage":9,"enemies":"strawberrySpire:EnergyPylons","floor":13,"turns":2},{"damage":0,"enemies":"Large Slime","floor":14,"turns":3},{"damage":4,"enemies":"Hexaghost","floor":16,"turns":7},{"damage":0,"enemies":"theJungle:MUSHROOMGANG","floor":18,"turns":2},{"damage":10,"enemies":"Shell Parasite","floor":21,"turns":3},{"damage":21,"enemies":"theJungle:JungleHuntersEncounter","floor":22,"turns":4},{"damage":29,"enemies":"theJungle:MamaSnecko","floor":23,"turns":3}],"seed_played":"994715561284825790","potions_obtained":[{"floor":6,"key":"Regen Potion"},{"floor":13,"key":"GhostInAJar"},{"floor":14,"key":"SkillPotion"},{"floor":18,"key":"GamblersBrew"}],"is_trial":false,"path_per_floor":["M","M","?","?","M","E","R","M","T","R","?","R","E","M","R","B",null,"M","?","?","M","M","E"],"character_chosen":"THE_SILENT","items_purchased":["Predator","strawberrySpire:Insectonator","Juzu Bracelet","Anchor","Ancient Potion","Skewer"],"campfire_rested":0,"item_purchase_floors":[0,0,0,0,0,0],"current_hp_per_floor":[70,69,62,55,55,22,22,22,22,22,22,22,22,22,22,18,70,70,52,52,42,21,0],"gold":440,"neow_bonus":"","is_prod":false,"is_daily":false,"chose_seed":false,"campfire_upgraded":3,"win_rate":0,"timestamp":1548498777,"path_taken":["M","M","?","?","M","E","R","M","T","R","?","R","E","M","R","BOSS","M","?","?","M","M","E"],"build_version":"2019-01-23","purchased_purges":0,"victory":false,"max_hp_per_floor":[70,70,70,70,70,70,70,70,70,70,70,70,70,70,70,70,70,70,70,70,70,70,70],"card_choices":[{"not_picked":["strawberrySpire:Insectonator","Dodge and Roll"],"picked":"Choke","floor":1},{"not_picked":["Infinite Blades","strawberrySpire:Pant"],"picked":"strawberrySpire:DreamfoilDart","floor":2},{"not_picked":["Riddle With Holes","Underhanded Strike"],"picked":"strawberrySpire:DreamfoilDart","floor":5},{"not_picked":["Dagger Throw","Eviscerate"],"picked":"strawberrySpire:Trickbox","floor":6},{"not_picked":["Sucker Punch","Poisoned Stab"],"picked":"Dagger Spray","floor":8},{"not_picked":["Skewer","strawberrySpire:SpinKick"],"picked":"Glass Knife","floor":13},{"not_picked":["Setup","Dagger Spray"],"picked":"Acrobatics","floor":14},{"not_picked":["Phantasmal Killer","strawberrySpire:Lockstep"],"picked":"Corpse Explosion","floor":16},{"not_picked":["Poisoned Stab","Reflex"],"picked":"Distraction","floor":18},{"not_picked":["strawberrySpire:Rummage","Dagger Spray+1"],"picked":"Infinite Blades+1","floor":21},{"not_picked":["strawberrySpire:Slide","Acrobatics"],"picked":"Flying Knee","floor":22}],"player_experience":1098563,"relics_obtained":[{"floor":6,"key":"Mercury Hourglass"},{"floor":9,"key":"Ice Cream"},{"floor":12,"key":"strawberrySpire:Sorrowfruit"},{"floor":13,"key":"Dodecahedron"}],"event_choices":[{"damage_healed":0,"gold_gain":0,"player_choice":"Success","damage_taken":7,"relics_obtained":["StoneCalendar"],"max_hp_gain":0,"max_hp_loss":0,"event_name":"Scrap Ooze","floor":3,"gold_loss":0},{"damage_healed":0,"gold_gain":75,"player_choice":"Touch","damage_taken":7,"max_hp_gain":0,"max_hp_loss":0,"event_name":"FaceTrader","floor":4,"gold_loss":0}],"is_beta":true,"boss_relics":[{"not_picked":["Ring of the Serpent","Calling Bell"],"picked":"Pandora\u0027s Box"}],"items_purged_floors":[],"is_endless":false,"potions_floor_spawned":[6,13,14,18],"killed_by":"theJungle:MamaSnecko","ascension_level":1}