{"gold_per_floor":[118,133,144,1,1,1,26,26,26,26,39,94,94,108,108,205,205,222,137,170,170,470,499,499,509,536,536,606,635,635,653,653,748,748,768,815,825,118,136,166,166,183,208,241,6,6,6,6,6,6,6,6,6,41,41],"floor_reached":56,"playtime":2376,"items_purged":["Flex"],"score":1752,"play_id":"98a60935-a5ee-49d6-979d-feada5a48ab4","local_time":"20190730072909","is_ascension_mode":true,"campfire_choices":[{"data":"Searing Blow","floor":6,"key":"SMITH"},{"data":"Searing Blow+1","floor":8,"key":"SMITH"},{"data":"Searing Blow+2","floor":10,"key":"SMITH"},{"data":"Searing Blow+3","floor":15,"key":"SMITH"},{"data":"Searing Blow+4","floor":24,"key":"SMITH"},{"data":"Searing Blow+5","floor":30,"key":"SMITH"},{"data":"Searing Blow+6","floor":32,"key":"SMITH"},{"data":"Searing Blow+7","floor":41,"key":"SMITH"},{"data":"Searing Blow+8","floor":47,"key":"SMITH"},{"floor":49,"key":"RECALL"},{"data":"Searing Blow+9","floor":52,"key":"SMITH"}],"neow_cost":"","seed_source_timestamp":353764559599750,"circlet_count":0,"master_deck":["Defend_R","Defend_R","Defend_R","Defend_R","Bash","Shockwave","Apotheosis","Metallicize","Corruption","Iron Wave","Searing Blow+10","Cleave","Double Tap","Headbutt","Shrug It Off","Bite","Bite","Bite","Bite","Bite","Dual Wield","Iron Wave+1","Offering","Body Slam+1","Iron Wave+1","Sadistic Nature+1","Feel No Pain+1","Dramatic Entrance+1","Armaments","Disarm","Offering","Purity","Madness","Madness","Finesse","Finesse"],"relics":["Burning Blood","Meat on the Bone","Medical Kit","Self Forming Clay","PreservedInsect","Pantograph","Sundial","Frozen Egg 2","Mercury Hourglass","Sozu","Red Mask","Old Coin","Girya","Ancient Tea Set","Mummified Hand","Molten Egg 2","Busted Crown","Shovel","Singing Bowl","The Courier","Anchor","Strawberry"],"potions_floor_usage":[55,55,55],"damage_taken":[{"damage":0,"enemies":"Cultist","floor":1,"turns":4},{"damage":0,"enemies":"2 Louse","floor":2,"turns":4},{"damage":8,"enemies":"Small Slimes","floor":3,"turns":4},{"damage":14,"enemies":"Gremlin Nob","floor":7,"turns":5},{"damage":10,"enemies":"Exordium Thugs","floor":11,"turns":5},{"damage":11,"enemies":"Lagavulin Event","floor":12,"turns":5},{"damage":6,"enemies":"Looter","floor":14,"turns":2},{"damage":6,"enemies":"The Guardian","floor":16,"turns":8},{"damage":11,"enemies":"Spheric Guardian","floor":18,"turns":4},{"damage":7,"enemies":"Masked Bandits","floor":20,"turns":3},{"damage":26,"enemies":"Gremlin Leader","floor":23,"turns":6},{"damage":0,"enemies":"Chosen","floor":25,"turns":4},{"damage":0,"enemies":"Book of Stabbing","floor":29,"turns":3},{"damage":0,"enemies":"Snecko","floor":31,"turns":2},{"damage":40,"enemies":"Collector","floor":33,"turns":6},{"damage":2,"enemies":"Orb Walker","floor":35,"turns":2},{"damage":20,"enemies":"2 Orb Walkers","floor":36,"turns":3},{"damage":19,"enemies":"3 Darklings","floor":37,"turns":5},{"damage":0,"enemies":"Writhing Mass","floor":39,"turns":3},{"damage":22,"enemies":"Reptomancer","floor":40,"turns":6},{"damage":20,"enemies":"Jaw Worm Horde","floor":42,"turns":4},{"damage":15,"enemies":"Nemesis","floor":44,"turns":5},{"damage":12,"enemies":"Donu and Deca","floor":50,"turns":6},{"damage":50,"enemies":"Shield and Spear","floor":54,"turns":7},{"damage":118,"enemies":"The Heart","floor":55,"turns":8}],"seed_played":"353406808212163286","potions_obtained":[{"floor":1,"key":"Swift Potion"},{"floor":3,"key":"Regen Potion"},{"floor":14,"key":"Strength Potion"}],"is_trial":false,"path_per_floor":["M","M","M","$","?","R","E","R","T","R","M","?","?","M","R","B",null,"M","?","?","?","T","E","R","M","T","?","T","E","R","M","R","B",null,"M","?","M","$","M","E","R","M","T","E","$","?","R","?","R","B",null,"R","$","E","B",null],"character_chosen":"IRONCLAD","items_purchased":["Meat on the Bone","Medical Kit","Heavy Blade","Flex","Shockwave","Apotheosis","Metallicize","Self Forming Clay","PreservedInsect","Singing Bowl","Sadistic Nature+1","Feel No Pain+1","Dramatic Entrance+1","Armaments","Disarm","Offering","Purity"],"campfire_rested":0,"item_purchase_floors":[0,0,0,0,0,0,0,0,4,38,38,38,38,38,45,45,45],"current_hp_per_floor":[80,80,78,78,78,78,70,70,70,70,66,61,61,61,61,80,80,75,75,76,76,76,72,72,80,80,80,80,80,80,80,80,70,80,80,73,73,73,81,79,79,85,85,79,79,68,68,60,60,90,90,90,90,79,30],"gold":41,"neow_bonus":"","is_prod":false,"is_daily":false,"chose_seed":false,"campfire_upgraded":10,"win_rate":0,"timestamp":1564460949,"path_taken":["M","M","?","$","?","R","E","R","T","R","?","?","?","?","R","BOSS","M","?","?","?","?","E","R","?","T","?","?","E","R","M","R","BOSS","M","?","M","$","M","E","R","M","T","E","$","?","R","?","R","BOSS","R","$","E","BOSS"],"build_version":"2019-07-17","purchased_purges":1,"victory":true,"max_hp_per_floor":[80,80,80,80,80,80,80,80,80,80,80,80,80,80,80,80,80,80,80,80,80,80,80,80,80,80,80,80,80,80,80,80,80,80,80,80,80,80,82,84,84,86,86,88,88,88,88,90,90,90,90,90,90,99,99],"card_choices":[{"not_picked":["Metallicize","Uppercut"],"picked":"Corruption","floor":1},{"not_picked":["Havoc","Clothesline"],"picked":"Iron Wave","floor":2},{"not_picked":["Anger","Seeing Red"],"picked":"Searing Blow","floor":3},{"not_picked":["Twin Strike","Fire Breathing"],"picked":"Battle Trance","floor":7},{"not_picked":["Flex","Thunderclap","Wild Strike"],"picked":"SKIP","floor":11},{"not_picked":["Second Wind","True Grit"],"picked":"Cleave","floor":12},{"not_picked":["Wild Strike","Cleave","Rampage"],"picked":"SKIP","floor":14},{"not_picked":["Fiend Fire","Offering"],"picked":"Double Tap","floor":16},{"not_picked":["Metallicize+1","Searing Blow"],"picked":"Headbutt","floor":18},{"not_picked":["Pommel Strike","Twin Strike"],"picked":"Shrug It Off","floor":20},{"not_picked":["Flex","Warcry+1","Twin Strike+1"],"picked":"SKIP","floor":23},{"not_picked":["Havoc+1","Infernal Blade"],"picked":"Dual Wield","floor":25},{"not_picked":["Searing Blow","Anger+1"],"picked":"Iron Wave","floor":29},{"not_picked":["Twin Strike+1","Whirlwind+1","Pummel+1"],"picked":"SKIP","floor":31},{"not_picked":["Immolate+1","Demon Form+1"],"picked":"Offering","floor":33},{"not_picked":[],"picked":"Body Slam+1","floor":35},{"not_picked":[],"picked":"Iron Wave+1","floor":37},{"not_picked":["Sentinel"],"picked":"Singing Bowl","floor":39},{"not_picked":["Body Slam+1"],"picked":"Singing Bowl","floor":40},{"not_picked":["Perfected Strike+1"],"picked":"Singing Bowl","floor":42},{"not_picked":["Headbutt+1"],"picked":"Singing Bowl","floor":44},{"not_picked":[],"picked":"Finesse","floor":48},{"not_picked":["Dramatic Entrance+1"],"picked":"Singing Bowl","floor":48},{"not_picked":[],"picked":"Finesse","floor":48},{"not_picked":["Clash+1"],"picked":"Singing Bowl","floor":54}],"player_experience":183925,"relics_obtained":[{"floor":7,"key":"Pantograph"},{"floor":9,"key":"Sundial"},{"floor":20,"key":"Red Mask"},{"floor":22,"key":"Old Coin"},{"floor":23,"key":"Girya"},{"floor":26,"key":"Ancient Tea Set"},{"floor":28,"key":"Mummified Hand"},{"floor":29,"key":"Molten Egg 2"},{"floor":36,"key":"Shovel"},{"floor":40,"key":"The Courier"},{"floor":44,"key":"Anchor"},{"floor":54,"key":"Strawberry"}],"event_choices":[{"damage_healed":0,"gold_gain":0,"player_choice":"0 cards matched","damage_taken":0,"max_hp_gain":0,"max_hp_loss":0,"event_name":"Match and Keep!","floor":5,"gold_loss":0,"cards_obtained":[]},{"damage_healed":0,"gold_gain":0,"player_choice":"Searched \u00273\u0027 times","damage_taken":0,"relics_obtained":["Frozen Egg 2"],"max_hp_gain":0,"max_hp_loss":0,"event_name":"Dead Adventurer","floor":12,"gold_loss":0},{"cards_removed":["Battle Trance"],"damage_healed":0,"gold_gain":0,"player_choice":"Gave Card","damage_taken":0,"relics_obtained":["Mercury Hourglass"],"max_hp_gain":0,"max_hp_loss":0,"event_name":"WeMeetAgain","floor":13,"gold_loss":0},{"damage_healed":0,"gold_gain":0,"player_choice":"Obtained Relic","damage_taken":0,"relics_obtained":["Blood Vial"],"max_hp_gain":0,"max_hp_loss":0,"event_name":"Addict","floor":19,"gold_loss":85},{"damage_healed":0,"gold_gain":0,"player_choice":"Fought Bandits","damage_taken":0,"max_hp_gain":0,"max_hp_loss":0,"event_name":"Masked Bandits","floor":20,"gold_loss":0},{"damage_healed":0,"gold_gain":0,"player_choice":"Became a vampire (Vial)","damage_taken":0,"max_hp_gain":0,"max_hp_loss":0,"event_name":"Vampires","floor":21,"relics_lost":["Blood Vial"],"gold_loss":0,"cards_obtained":["Bite","Bite","Bite","Bite","Bite"]},{"cards_removed":["Heavy Blade"],"damage_healed":0,"gold_gain":0,"player_choice":"Elegance","damage_taken":0,"max_hp_gain":0,"max_hp_loss":0,"event_name":"Back to Basics","floor":27,"gold_loss":0},{"damage_healed":0,"gold_gain":0,"player_choice":"Fight","damage_taken":0,"max_hp_gain":0,"max_hp_loss":0,"event_name":"Mysterious Sphere","floor":36,"gold_loss":0},{"damage_healed":0,"gold_gain":0,"player_choice":"Embrace Madness","damage_taken":11,"max_hp_gain":0,"max_hp_loss":0,"event_name":"Winding Halls","floor":46,"gold_loss":0,"cards_obtained":["Madness","Madness"]},{"damage_healed":0,"gold_gain":0,"player_choice":"Memory 3","damage_taken":10,"max_hp_gain":0,"max_hp_loss":0,"event_name":"SensoryStone","floor":48,"gold_loss":0}],"is_beta":false,"boss_relics":[{"not_picked":["Runic Pyramid","Empty Cage"],"picked":"Sozu"},{"not_picked":["Tiny House","Velvet Choker"],"picked":"Busted Crown"}],"items_purged_floors":[38],"is_endless":false,"potions_floor_spawned":[1,3,14,18,20,29,31,35,39,40,54],"ascension_level":1}