{"gold_per_floor":[110,127,140,140,152,179,179,194,221,296,309,309],"floor_reached":12,"playtime":533,"items_purged":[],"score":82,"play_id":"73234941-4869-430f-8c14-ed5f98f95b7f","local_time":"20180905143800","is_ascension_mode":false,"campfire_choices":[{"data":"Static Discharge","floor":7,"key":"SMITH"}],"neow_cost":"NONE","seed_source_timestamp":16023210578677,"circlet_count":0,"master_deck":["Strike_B","Strike_B","Strike_B","Strike_B","Defend_B","Defend_B","Defend_B","Defend_B","Zap","Dualcast","Glacier","Static Discharge+1","Streamline+1","Turbo","Conserve Battery","Turbo","Streamline"],"relics":["Cracked Core","Bottled Flame","Bronze Scales"],"potions_floor_usage":[8,12],"damage_taken":[{"damage":3,"enemies":"2 Louse","floor":1,"turns":2},{"damage":0,"enemies":"Cultist","floor":2,"turns":4},{"damage":8,"enemies":"Small Slimes","floor":3,"turns":2},{"damage":21,"enemies":"Exordium Wildlife","floor":5,"turns":3},{"damage":18,"enemies":"Lagavulin","floor":6,"turns":8},{"damage":7,"enemies":"Looter","floor":8,"turns":3},{"damage":6,"enemies":"2 Fungi Beasts","floor":11,"turns":2},{"damage":8,"enemies":"Lots of Slimes","floor":12,"turns":1}],"seed_played":"-1260758502486229571","potions_obtained":[{"floor":3,"key":"LiquidBronze"},{"floor":5,"key":"Weak Potion"}],"is_trial":false,"path_per_floor":["M","M","M","?","M","E","R","M","T","?","M"],"character_chosen":"DEFECT","items_purchased":[],"campfire_rested":0,"item_purchase_floors":[],"current_hp_per_floor":[79,79,71,71,50,32,32,25,25,14,8,0],"gold":309,"neow_bonus":"TEN_PERCENT_HP_BONUS","is_prod":false,"is_daily":false,"chose_seed":false,"campfire_upgraded":1,"win_rate":0,"timestamp":1536147480,"path_taken":["M","M","M","?","M","E","R","M","T","?","M","M"],"build_version":"2018-09-04-v2","purchased_purges":0,"victory":false,"max_hp_per_floor":[82,82,82,82,82,82,82,82,82,82,82,82],"card_choices":[{"not_picked":["Conserve Battery","Consume"],"picked":"Glacier","floor":1},{"not_picked":["Cold Snap","Rebound"],"picked":"Static Discharge","floor":2},{"not_picked":["Coolheaded","Beam Cell"],"picked":"Streamline","floor":3},{"not_picked":["Leap","Barrage"],"picked":"Turbo","floor":5},{"not_picked":["Cold Snap","Tempest"],"picked":"Conserve Battery","floor":6},{"not_picked":["Coolheaded","Chaos"],"picked":"Turbo","floor":8},{"not_picked":["Force Field","Conserve Battery"],"picked":"Streamline","floor":11}],"player_experience":675494,"relics_obtained":[{"floor":6,"key":"Bottled Flame"},{"floor":9,"key":"Bronze Scales"}],"event_choices":[{"event_name":"Upgrade Shrine","player_choice":"Upgraded","floor":4,"damage_taken":0},{"event_name":"World of Goop","player_choice":"Gather Gold","floor":10,"damage_taken":0}],"is_beta":true,"boss_relics":[],"items_purged_floors":[],"is_endless":false,"potions_floor_spawned":[3,5],"killed_by":"Lots of Slimes","ascension_level":0}