{"path_per_floor":["M","?","M","M","M","R","E","?","T","M","M","E","?","$","R","B",null,"M","?","?","?","?","E","M","E","T","M","$","E","?","?","R","B",null,"M","M","$","?","?","R","?","R","T","$","M","M","R","M","R","B"],"character_chosen":"THE_SILENT","items_purchased":["Juzu Bracelet","Apotheosis","Terror"],"gold_per_floor":[110,110,123,135,147,147,177,177,177,190,202,229,229,6,6,109,109,126,41,41,41,41,72,87,112,139,159,59,86,286,286,286,384,384,402,415,61,61,114,114,0,0,27,27,38,48,48,67,67,67],"floor_reached":51,"campfire_rested":0,"playtime":2302,"current_hp_per_floor":[35,35,35,31,31,31,28,28,28,28,28,28,28,28,28,13,70,67,67,67,67,67,52,52,61,61,61,61,61,61,61,61,61,70,70,70,70,61,61,61,61,61,61,61,61,61,61,61,61,61],"items_purged":["Strike_G","Strike_G","Defend_G"],"gold":67,"score":938,"play_id":"64654354-ea5d-4f96-bd47-30d9fc72ee41","local_time":"20180427140405","is_prod":false,"is_daily":false,"chose_seed":false,"is_ascension_mode":false,"campfire_upgraded":7,"timestamp":1524827045,"path_taken":["M","?","M","M","M","R","E","?","T","M","?","E","?","?","R","BOSS","M","?","?","?","?","E","M","E","T","M","$","E","?","?","R","BOSS","M","M","$","?","?","R","?","R","T","?","M","M","R","M","R","BOSS"],"build_version":"2018-04-26v2","seed_source_timestamp":690869974658558,"purchased_purges":3,"victory":true,"master_deck":["Defend_G","Defend_G+1","Defend_G+1","Defend_G","Strike_G","Survivor","Neutralize+1","Calculated Gamble+1","Deflect","Underhanded Strike","Prepared","Distraction","Acrobatics","Acrobatics+1","Adrenaline+1","Adrenaline+1","Backstab","Prepared+1","Heel Hook","Choke+1","Adrenaline+1","Wraith Form v2","Dash","Backflip+1","Apotheosis+1","Terror","Madness","Madness","Calculated Gamble+1","Backflip","Glass Knife","Malaise+1"],"max_hp_per_floor":[70,70,70,70,70,70,70,70,70,70,70,70,70,70,70,70,70,70,70,70,70,70,70,70,70,70,70,70,70,70,70,70,70,70,70,70,70,70,70,70,70,70,70,70,70,70,70,70,70,70],"relics":["Ring of the Snake","Tingsha","Omamori","Gambling Chip","Gremlin Horn","War Paint","Juzu Bracelet","Black Star","Toolbox","Oddly Smooth Stone","Centennial Puzzle","Question Card","Tough Bandages","Matryoshka","Bag of Preparation","Regal Pillow","Shovel","Ice Cream","Cursed Key","Calipers","Red Mask","Bronze Scales","Anchor"],"card_choices":[{"not_picked":["Setup","Poisoned Stab"],"picked":"Calculated Gamble","floor":1},{"not_picked":["Reflex","Bane"],"picked":"Deflect","floor":3},{"not_picked":["Poisoned Stab","Infinite Blades"],"picked":"Underhanded Strike","floor":4},{"not_picked":["Riddle With Holes","Eviscerate"],"picked":"Prepared","floor":5},{"not_picked":["Masterful Stab","Finisher"],"picked":"Distraction","floor":7},{"not_picked":["Dodge and Roll","Tactician"],"picked":"Acrobatics","floor":11},{"not_picked":["Outmaneuver","Deflect"],"picked":"Acrobatics","floor":12},{"not_picked":["Night Terror","Burst"],"picked":"Adrenaline","floor":16},{"not_picked":["Underhanded Strike","Reflex"],"picked":"Backstab","floor":23},{"not_picked":["Acrobatics","Endless Agony","Bane"],"picked":"Prepared","floor":24},{"not_picked":["Calculated Gamble","Acrobatics","Dagger Throw"],"picked":"Heel Hook","floor":25},{"not_picked":["Bane","Bouncing Flask","Outmaneuver"],"picked":"Choke","floor":27},{"not_picked":["Malaise","Setup","Deflect"],"picked":"Adrenaline","floor":29},{"not_picked":["Glass Knife","Venomology","A Thousand Cuts"],"picked":"Wraith Form v2","floor":33},{"not_picked":["Choke","Caltrops","Bouncing Flask"],"picked":"Dash","floor":35},{"not_picked":["Blur","Deadly Poison","Prepared"],"picked":"Backflip","floor":36},{"not_picked":["Dodge and Roll","Heel Hook","PiercingWail"],"picked":"Calculated Gamble","floor":39},{"not_picked":["Footwork","Dagger Throw","Slice"],"picked":"Backflip","floor":45},{"not_picked":["Acrobatics","PiercingWail","Setup"],"picked":"Glass Knife","floor":46},{"not_picked":["Poisoned Stab","Quick Slash","Dagger Throw"],"picked":"Malaise","floor":48}],"player_experience":376308,"potions_floor_usage":[7,25,25,50,50],"damage_taken":[{"damage":0,"enemies":"Small Slimes","floor":1,"turns":3},{"damage":0,"enemies":"Cultist","floor":3,"turns":3},{"damage":4,"enemies":"2 Louse","floor":4,"turns":3},{"damage":0,"enemies":"2 Fungi Beasts","floor":5,"turns":3},{"damage":3,"enemies":"3 Sentries","floor":7,"turns":7},{"damage":0,"enemies":"Gremlin Gang","floor":10,"turns":2},{"damage":0,"enemies":"Lots of Slimes","floor":11,"turns":1},{"damage":0,"enemies":"Gremlin Nob","floor":12,"turns":2},{"damage":15,"enemies":"The Guardian","floor":16,"turns":12},{"damage":3,"enemies":"2 Thieves","floor":18,"turns":3},{"damage":15,"enemies":"Gremlin Leader","floor":23,"turns":6},{"damage":0,"enemies":"Chosen","floor":24,"turns":1},{"damage":0,"enemies":"Book of Stabbing","floor":25,"turns":4},{"damage":0,"enemies":"Sentry and Sphere","floor":27,"turns":2},{"damage":0,"enemies":"Gremlin Leader","floor":29,"turns":1},{"damage":0,"enemies":"Collector","floor":33,"turns":1},{"damage":0,"enemies":"Orb Walker","floor":35,"turns":1},{"damage":0,"enemies":"Flame Bruiser 1 Orb","floor":36,"turns":1},{"damage":0,"enemies":"Mysterious Sphere","floor":39,"turns":1},{"damage":0,"enemies":"Sphere and 2 Shapes","floor":45,"turns":1},{"damage":0,"enemies":"4 Shapes","floor":46,"turns":2},{"damage":0,"enemies":"Spire Growth","floor":48,"turns":1},{"damage":0,"enemies":"Time Eater","floor":50,"turns":8}],"event_choices":[{"event_name":"Living Wall","player_choice":"Grow","floor":2,"damage_taken":0},{"event_name":"Big Fish","player_choice":"Box","floor":8,"damage_taken":0},{"event_name":"The Lab","player_choice":"Got Potions","floor":13,"damage_taken":0},{"event_name":"Addict","player_choice":"Obtained Relic","floor":19,"damage_taken":0},{"event_name":"Purifier","player_choice":"One Purge","floor":20,"damage_taken":0},{"event_name":"Duplicator","player_choice":"One dupe","floor":21,"damage_taken":0},{"event_name":"The Mausoleum","player_choice":"Yes","floor":22,"damage_taken":0},{"event_name":"The Joust","player_choice":"Bet on Owner","floor":30,"damage_taken":0},{"event_name":"Bonfire Elementals","player_choice":"BASIC","floor":31,"damage_taken":0},{"event_name":"Winding Halls","player_choice":"Embrace Madness","floor":38,"damage_taken":0},{"event_name":"Mysterious Sphere","player_choice":"Fight","floor":39,"damage_taken":0},{"event_name":"Tomb of Lord Red Mask","player_choice":"Paid","floor":41,"damage_taken":0}],"boss_relics":[{"not_picked":["Astrolabe","Tiny House"],"picked":"Black Star"},{"not_picked":["Calling Bell","Lizard Tail"],"picked":"Cursed Key"}],"potions_floor_spawned":[1,5,10,11,24,25,29,33,35,36,48],"seed_played":"-3788425115811827386","ascension_level":0,"is_trial":false}