{"gold_per_floor":[116,116,134,150,167,193,193,210,210,245,245,278,296,307,307,406,406,417,417,417,436,449,449,477,477,477,477,511,524,74,104,104,200,200,219,230,230,230,230,230,240,240,240,274,27,27,57,75,75,75,75,75,23,53,53],"floor_reached":56,"playtime":3352,"items_purged":["Strike_R","Normality"],"score":1391,"play_id":"3463441d-dceb-482f-b7b4-1141e3f8526e","local_time":"20181213165242","is_ascension_mode":true,"campfire_choices":[{"data":"Metallicize","floor":7,"key":"SMITH"},{"data":"Metallicize","floor":15,"key":"SMITH"},{"floor":23,"key":"RECALL"},{"data":"Spot Weakness","floor":25,"key":"SMITH"},{"data":"Armaments","floor":27,"key":"SMITH"},{"data":"Body Slam","floor":32,"key":"SMITH"},{"data":"Discovery","floor":40,"key":"SMITH"},{"data":"Jack Of All Trades","floor":42,"key":"SMITH"},{"data":"Body Slam","floor":49,"key":"SMITH"},{"data":"Shrug It Off","floor":52,"key":"SMITH"}],"neow_cost":"NONE","seed_source_timestamp":709916272952404,"circlet_count":0,"master_deck":["Strike_R","Strike_R+1","Strike_R","Defend_R+1","Defend_R+1","Defend_R","Defend_R","Bash","Warcry","Shrug It Off","Headbutt","Metallicize+1","Anger","Metallicize+1","Iron Wave","Metallicize+1","Spot Weakness+1","Barricade+1","Body Slam+1","Armaments+1","Shrug It Off","Heavy Blade","Infernal Blade","Body Slam+1","Rage+1","Feel No Pain+1","Juggernaut+1","Body Slam+1","Madness","Madness","Finesse","Jack Of All Trades+1","Discovery+1","Shrug It Off+1","Shrug It Off+1","True Grit+1","Pummel+1"],"relics":["Burning Blood","Potion Belt","Pen Nib","Turnip","Coffee Dripper","Anchor","Paper Frog","Frozen Egg 2","Self Forming Clay","Centennial Puzzle","Cursed Key","Pantograph","Calipers","War Paint","Letter Opener","Regal Pillow","Dead Branch"],"potions_floor_usage":[6,6,16,16,24,24,28,31,33,47,50,55],"damage_taken":[{"damage":0,"enemies":"2 Louse","floor":1,"turns":4},{"damage":11,"enemies":"Jaw Worm","floor":3,"turns":2},{"damage":0,"enemies":"Cultist","floor":4,"turns":3},{"damage":0,"enemies":"3 Louse","floor":5,"turns":5},{"damage":7,"enemies":"3 Sentries","floor":6,"turns":9},{"damage":8,"enemies":"Red Slaver","floor":8,"turns":4},{"damage":18,"enemies":"Gremlin Nob","floor":10,"turns":5},{"damage":5,"enemies":"3 Sentries","floor":12,"turns":11},{"damage":16,"enemies":"Large Slime","floor":13,"turns":3},{"damage":0,"enemies":"Exordium Wildlife","floor":14,"turns":5},{"damage":8,"enemies":"Hexaghost","floor":16,"turns":9},{"damage":0,"enemies":"Spheric Guardian","floor":18,"turns":8},{"damage":21,"enemies":"2 Thieves","floor":21,"turns":4},{"damage":4,"enemies":"Snake Plant","floor":22,"turns":6},{"damage":17,"enemies":"Slavers","floor":24,"turns":10},{"damage":21,"enemies":"Book of Stabbing","floor":28,"turns":4},{"damage":2,"enemies":"Snecko","floor":29,"turns":7},{"damage":3,"enemies":"Gremlin Leader","floor":31,"turns":8},{"damage":21,"enemies":"Collector","floor":33,"turns":9},{"damage":0,"enemies":"Orb Walker","floor":35,"turns":3},{"damage":0,"enemies":"3 Shapes","floor":36,"turns":5},{"damage":5,"enemies":"Jaw Worm Horde","floor":41,"turns":6},{"damage":2,"enemies":"Giant Head","floor":44,"turns":7},{"damage":26,"enemies":"Reptomancer","floor":47,"turns":5},{"damage":0,"enemies":"Maw","floor":48,"turns":6},{"damage":82,"enemies":"Awakened One","floor":50,"turns":12},{"damage":33,"enemies":"Shield and Spear","floor":54,"turns":6},{"damage":36,"enemies":"The Heart","floor":55,"turns":10}],"seed_played":"8310324080142830711","potions_obtained":[{"floor":1,"key":"AttackPotion"},{"floor":4,"key":"AttackPotion"},{"floor":8,"key":"GamblersBrew"},{"floor":12,"key":"GamblersBrew"},{"floor":14,"key":"Energy Potion"},{"floor":22,"key":"GamblersBrew"},{"floor":24,"key":"AttackPotion"},{"floor":31,"key":"PowerPotion"},{"floor":35,"key":"Block Potion"},{"floor":41,"key":"FearPotion"},{"floor":48,"key":"BloodPotion"}],"is_trial":false,"path_per_floor":["M","?","M","M","M","E","R","M","T","E","?","E","M","M","R","B",null,"M","?","?","M","M","R","E","R","T","R","E","M","$","E","R","B",null,"M","M","?","?","?","R","M","R","T","E","$","?","E","M","R","B",null,"R","$","E","B",null],"character_chosen":"IRONCLAD","items_purchased":["Rage","Self Forming Clay","Block Potion","War Paint","Poison Potion"],"campfire_rested":0,"item_purchase_floors":[30,30,30,45,53],"current_hp_per_floor":[80,64,59,65,71,70,70,68,68,56,56,57,47,53,53,51,80,80,80,80,65,67,67,56,56,56,56,41,45,45,48,48,33,80,80,80,70,70,60,60,61,61,61,65,65,65,45,51,51,8,80,80,80,53,48],"gold":53,"neow_bonus":"TRANSFORM_CARD","is_prod":false,"is_daily":false,"chose_seed":false,"campfire_upgraded":9,"win_rate":0,"timestamp":1544709162,"path_taken":["M","?","M","M","M","E","R","M","T","E","?","E","M","?","R","BOSS","M","?","?","M","?","R","E","R","T","R","E","M","?","E","R","BOSS","M","M","?","?","?","R","M","R","T","E","$","?","E","M","R","BOSS","R","$","E","BOSS"],"build_version":"2018-12-12","purchased_purges":2,"victory":true,"max_hp_per_floor":[80,80,80,80,80,80,80,80,80,80,80,80,80,80,80,80,80,80,80,80,80,80,80,80,80,80,80,80,80,80,80,80,80,80,80,80,80,80,80,80,80,80,80,80,80,80,80,80,80,80,80,80,80,80,80],"card_choices":[{"not_picked":["Sentinel","Wild Strike"],"picked":"Pommel Strike","floor":1},{"not_picked":["Anger","Perfected Strike"],"picked":"Shrug It Off","floor":3},{"not_picked":["Flex","Armaments"],"picked":"Headbutt","floor":4},{"not_picked":["Power Through","Rage"],"picked":"Metallicize","floor":5},{"not_picked":["Sentinel","Entrench"],"picked":"Anger","floor":6},{"not_picked":["Reckless Charge","Perfected Strike"],"picked":"Metallicize","floor":8},{"not_picked":["Rage","Dual Wield"],"picked":"Iron Wave","floor":10},{"not_picked":["Wild Strike","Perfected Strike","Entrench"],"picked":"SKIP","floor":12},{"not_picked":["Hemokinesis","Flex"],"picked":"Metallicize","floor":13},{"not_picked":["Entrench","Fire Breathing"],"picked":"Spot Weakness","floor":14},{"not_picked":["Juggernaut","Limit Break"],"picked":"Barricade","floor":16},{"not_picked":["Pommel Strike","Rampage"],"picked":"Body Slam","floor":18},{"not_picked":["Pummel","True Grit"],"picked":"Armaments","floor":21},{"not_picked":["Havoc+1","Exhume"],"picked":"Shrug It Off","floor":22},{"not_picked":["True Grit","Armaments+1"],"picked":"Heavy Blade","floor":24},{"not_picked":["Headbutt","Rupture"],"picked":"Infernal Blade","floor":28},{"not_picked":["Reckless Charge","Twin Strike"],"picked":"Body Slam","floor":29},{"not_picked":["Warcry","Anger+1"],"picked":"Feel No Pain+1","floor":31},{"not_picked":["Impervious","Berserk+1"],"picked":"Juggernaut+1","floor":33},{"not_picked":["Sword Boomerang","Inflame+1"],"picked":"Body Slam+1","floor":35},{"not_picked":["Corruption+1","Anger","Rupture+1"],"picked":"SKIP","floor":36},{"not_picked":["Thinking Ahead","Panacea"],"picked":"Finesse","floor":39},{"not_picked":["Thinking Ahead","Dark Shackles"],"picked":"Jack Of All Trades","floor":39},{"not_picked":["Dramatic Entrance","Madness"],"picked":"Discovery","floor":39},{"not_picked":["Rage","Spot Weakness"],"picked":"Shrug It Off","floor":41},{"not_picked":["Iron Wave","Evolve+1"],"picked":"Shrug It Off+1","floor":44},{"not_picked":["Headbutt","Shrug It Off"],"picked":"True Grit+1","floor":47},{"not_picked":["Perfected Strike+1","Twin Strike","Carnage"],"picked":"SKIP","floor":48},{"not_picked":["Spot Weakness+1","Infernal Blade"],"picked":"Pummel+1","floor":54}],"player_experience":972642,"relics_obtained":[{"floor":6,"key":"Potion Belt"},{"floor":10,"key":"Pen Nib"},{"floor":12,"key":"Turnip"},{"floor":24,"key":"Anchor"},{"floor":26,"key":"Paper Frog"},{"floor":28,"key":"Frozen Egg 2"},{"floor":31,"key":"Centennial Puzzle"},{"floor":43,"key":"Pantograph"},{"floor":44,"key":"Calipers"},{"floor":47,"key":"Regal Pillow"},{"floor":54,"key":"Dead Branch"}],"event_choices":[{"damage_healed":0,"gold_gain":0,"player_choice":"Entered Light","damage_taken":16,"max_hp_gain":0,"max_hp_loss":0,"event_name":"Shining Light","floor":2,"gold_loss":0,"cards_upgraded":["Defend_R","Strike_R"]},{"damage_healed":0,"gold_gain":0,"player_choice":"Upgraded","damage_taken":0,"max_hp_gain":0,"max_hp_loss":0,"event_name":"Upgrade Shrine","floor":11,"gold_loss":0,"cards_upgraded":["Metallicize"]},{"damage_healed":0,"gold_gain":0,"player_choice":"Ignored","damage_taken":0,"max_hp_gain":0,"max_hp_loss":0,"event_name":"Vampires","floor":19,"gold_loss":0},{"damage_healed":0,"gold_gain":0,"player_choice":"Upgraded","damage_taken":0,"max_hp_gain":0,"max_hp_loss":0,"event_name":"Upgrade Shrine","floor":20,"gold_loss":0,"cards_upgraded":["Barricade"]},{"damage_healed":0,"gold_gain":0,"player_choice":"Embrace Madness","damage_taken":10,"max_hp_gain":0,"max_hp_loss":0,"event_name":"Winding Halls","floor":37,"gold_loss":0,"cards_obtained":["Madness","Madness"]},{"cards_removed":["Pommel Strike"],"damage_healed":0,"gold_gain":0,"player_choice":"Removed Attack","damage_taken":0,"max_hp_gain":0,"max_hp_loss":0,"event_name":"Falling","floor":38,"gold_loss":0},{"damage_healed":0,"gold_gain":0,"player_choice":"Memory 3","damage_taken":10,"max_hp_gain":0,"max_hp_loss":0,"event_name":"SensoryStone","floor":39,"gold_loss":0},{"damage_healed":0,"gold_gain":0,"player_choice":"Gave Potion","damage_taken":0,"relics_obtained":["Letter Opener"],"max_hp_gain":0,"max_hp_loss":0,"event_name":"WeMeetAgain","floor":46,"gold_loss":0}],"is_beta":true,"boss_relics":[{"not_picked":["Runic Cube","Fusion Hammer"],"picked":"Coffee Dripper"},{"not_picked":["Runic Pyramid","Tiny House"],"picked":"Cursed Key"}],"items_purged_floors":[30,45],"is_endless":false,"potions_floor_spawned":[1,4,8,12,14,22,24,31,35,41,48],"ascension_level":1}