{"gold_per_floor":[113,15,33,33,33,33,52,66,66,66,85,85,85,99,99,197,197,216,235,195,208,222,222,257,257,257,269,338,365,407,430,442,550,562,589,601,629,653,677,689],"floor_reached":40,"playtime":7209,"items_purged":[],"score":542,"play_id":"f0d5aefd-06d7-4913-b803-5580537b8432","local_time":"20180804173153","is_ascension_mode":false,"campfire_choices":[{"data":"Riddle With Holes","floor":6,"key":"SMITH"},{"data":"Calculated Gamble","floor":10,"key":"SMITH"},{"data":"Neutralize","floor":12,"key":"SMITH"},{"data":"Blur","floor":15,"key":"SMITH"},{"data":"Calculated Gamble","floor":23,"key":"SMITH"},{"data":"Terror","floor":25,"key":"SMITH"},{"data":"Endless Agony","floor":32,"key":"SMITH"}],"neow_cost":"NONE","seed_source_timestamp":917033970864861,"circlet_count":0,"master_deck":["Defend_G","Defend_G","Defend_G","Defend_G","Defend_G","Strike_G","Strike_G+1","Strike_G","Strike_G+1","Strike_G","Survivor","Neutralize+1","Dagger Throw","Calculated Gamble+1","PiercingWail","Riddle With Holes+1","Blur+1","Deflect","Terror+1","Sucker Punch","After Image","Prepared+1","Sucker Punch+1","Backflip","Calculated Gamble+1","Endless Agony+1","Ghostly","Ghostly","Ghostly","Ghostly","Ghostly","Deflect+1","A Thousand Cuts","Cloak And Dagger+1","Underhanded Strike+1","Slice+1","PiercingWail+1"],"relics":["Ring of the Snake","Kunai","Busted Crown","Bird Faced Urn","MawBank","Tiny Chest","Strawberry","WristBlade"],"potions_floor_usage":[16,16,18,24,24,29,33,33,40,40],"damage_taken":[{"damage":1,"enemies":"Cultist","floor":1,"turns":4},{"damage":1,"enemies":"Jaw Worm","floor":3,"turns":5},{"damage":1,"enemies":"2 Louse","floor":7,"turns":2},{"damage":8,"enemies":"Exordium Thugs","floor":8,"turns":5},{"damage":0,"enemies":"2 Fungi Beasts","floor":11,"turns":4},{"damage":3,"enemies":"Looter","floor":14,"turns":2},{"damage":10,"enemies":"The Guardian","floor":16,"turns":10},{"damage":0,"enemies":"Shell Parasite","floor":18,"turns":5},{"damage":2,"enemies":"3 Byrds","floor":19,"turns":9},{"damage":0,"enemies":"Centurion and Healer","floor":21,"turns":9},{"damage":7,"enemies":"3 Cultists","floor":22,"turns":7},{"damage":32,"enemies":"Gremlin Leader","floor":24,"turns":9},{"damage":0,"enemies":"Slavers","floor":28,"turns":10},{"damage":2,"enemies":"Sentry and Sphere","floor":29,"turns":9},{"damage":0,"enemies":"Gremlin Leader","floor":30,"turns":13},{"damage":0,"enemies":"Centurion and Healer","floor":31,"turns":9},{"damage":36,"enemies":"Automaton","floor":33,"turns":14},{"damage":0,"enemies":"3 Darklings","floor":35,"turns":6},{"damage":0,"enemies":"Orb Walker","floor":37,"turns":5},{"damage":16,"enemies":"Sphere and 2 Shapes","floor":38,"turns":7},{"damage":0,"enemies":"3 Darklings","floor":39,"turns":6},{"damage":51,"enemies":"2 Orb Walkers","floor":40,"turns":7}],"seed_played":"7470065174577825167","potions_obtained":[{"floor":8,"key":"Strength Potion"},{"floor":14,"key":"Strength Potion"},{"floor":20,"key":"Weak Potion"},{"floor":20,"key":"Fire Potion"},{"floor":20,"key":"Energy Potion"},{"floor":29,"key":"Strength Potion"},{"floor":30,"key":"LiquidBronze"},{"floor":33,"key":"Poison Potion"},{"floor":39,"key":"AttackPotion"}],"is_trial":false,"path_per_floor":["M","$","M","?","?","R","M","M","T","R","M","R","?","M","R","B",null,"M","M","?","M","M","R","E","R","T","?","E","M","E","M","R","B",null,"M","?","M","M","M"],"character_chosen":"THE_SILENT","items_purchased":["Calculated Gamble","PiercingWail"],"campfire_rested":0,"item_purchase_floors":[2,2],"current_hp_per_floor":[69,69,68,73,73,73,72,64,64,64,64,64,49,46,46,36,75,75,73,73,73,66,66,34,34,34,34,36,35,44,44,44,8,44,44,44,44,28,32,0],"gold":689,"neow_bonus":"THREE_SMALL_POTIONS","is_prod":false,"is_daily":false,"chose_seed":false,"campfire_upgraded":7,"win_rate":0,"timestamp":1533393113,"path_taken":["M","?","?","?","?","R","M","M","T","R","M","R","?","M","R","BOSS","M","M","?","M","M","R","E","R","T","?","E","M","E","M","R","BOSS","M","?","M","M","M","E"],"build_version":"2018-08-01","purchased_purges":0,"victory":false,"max_hp_per_floor":[70,70,70,75,75,75,75,75,75,75,75,75,75,75,75,75,75,75,75,75,75,75,75,75,75,75,37,37,37,44,44,44,44,44,44,44,44,44,44,44],"card_choices":[{"not_picked":["Bane","Reflex"],"picked":"Dagger Throw","floor":1},{"not_picked":["Deadly Poison","Envenom"],"picked":"Riddle With Holes","floor":3},{"not_picked":["Sucker Punch","Backflip"],"picked":"Blur","floor":7},{"not_picked":["All Out Attack","Deadly Poison"],"picked":"Deflect","floor":8},{"not_picked":["Setup","Deflect"],"picked":"Terror","floor":11},{"not_picked":["Outmaneuver","Blur"],"picked":"Sucker Punch","floor":14},{"not_picked":["A Thousand Cuts","Grand Finale"],"picked":"After Image","floor":16},{"not_picked":[],"picked":"Prepared+1","floor":18},{"not_picked":[],"picked":"Sucker Punch+1","floor":19},{"not_picked":[],"picked":"Backflip","floor":21},{"not_picked":[],"picked":"Calculated Gamble","floor":22},{"not_picked":[],"picked":"Endless Agony","floor":24},{"not_picked":["Catalyst"],"picked":"SKIP","floor":28},{"not_picked":[],"picked":"Slice","floor":29},{"not_picked":[],"picked":"Deflect+1","floor":30},{"not_picked":["Dagger Throw"],"picked":"SKIP","floor":31},{"not_picked":[],"picked":"A Thousand Cuts","floor":33},{"not_picked":[],"picked":"Cloak And Dagger+1","floor":35},{"not_picked":[],"picked":"Underhanded Strike+1","floor":37},{"not_picked":[],"picked":"Slice+1","floor":38},{"not_picked":[],"picked":"PiercingWail+1","floor":39}],"player_experience":583182,"relics_obtained":[{"floor":9,"key":"Kunai"},{"floor":24,"key":"Bird Faced Urn"},{"floor":26,"key":"MawBank"},{"floor":28,"key":"Tiny Chest"},{"floor":30,"key":"Strawberry"}],"event_choices":[{"event_name":"Big Fish","player_choice":"Donut","floor":4,"damage_taken":0},{"event_name":"The Cleric","player_choice":"Leave","floor":5,"damage_taken":0},{"event_name":"Shining Light","player_choice":"Entered Light","floor":13,"damage_taken":0},{"event_name":"The Woman in Blue","player_choice":"Bought 3 Potions","floor":20,"damage_taken":0},{"event_name":"Ghosts","player_choice":"Became a Ghost","floor":27,"damage_taken":0},{"event_name":"Falling","player_choice":"Removed Attack","floor":36,"damage_taken":0}],"is_beta":true,"boss_relics":[{"not_picked":["Snecko Eye","Empty Cage"],"picked":"Busted Crown"},{"not_picked":["Velvet Choker","White Beast Statue"],"picked":"WristBlade"}],"items_purged_floors":[],"is_endless":false,"potions_floor_spawned":[3,8,11,14,22,29,30,33,39],"killed_by":"2 Orb Walkers","ascension_level":0}