{"gold_per_floor":[127,159,188,220,244,290,319,331,391,435,67,86,103,103,103,103],"floor_reached":16,"playtime":535,"items_purged":["Strike_R"],"score":232,"play_id":"18607fa8-a8c5-4e07-bac9-731da08bce2e","local_time":"20190804155125","is_ascension_mode":true,"campfire_choices":[{"data":"Armaments","floor":8.0,"key":"SMITH"},{"floor":15.0,"key":"REST"}],"neow_cost":"NONE","seed_source_timestamp":164914351821314,"circlet_count":0,"master_deck":["AscendersBane","Strike_R","Strike_R","Strike_R+1","Strike_R","Defend_R","Defend_R","Defend_R","Defend_R","Bash","Pommel Strike+1","Shrug It Off","Twin Strike","Armaments+1","True Grit","Battle Trance","Inflame","Sword Boomerang"],"special_seed":0,"relics":["Burning Blood","MawBank","Dodecahedron","Bronze Scales","Blood Vial","Membership Card","Bag of Preparation"],"potions_floor_usage":[16],"damage_taken":[{"damage":6.0,"enemies":"Cultist","floor":1.0,"turns":3.0},{"damage":4.0,"enemies":"2 Louse","floor":2.0,"turns":3.0},{"damage":1.0,"enemies":"Small Slimes","floor":3.0,"turns":4.0},{"damage":4.0,"enemies":"2 Fungi Beasts","floor":4.0,"turns":3.0},{"damage":29.0,"enemies":"Large Slime","floor":5.0,"turns":6.0},{"damage":25.0,"enemies":"3 Sentries","floor":6.0,"turns":7.0},{"damage":3.0,"enemies":"3 Louse","floor":7.0,"turns":4.0},{"damage":20.0,"enemies":"Gremlin Nob","floor":10.0,"turns":4.0},{"damage":3.0,"enemies":"Exordium Wildlife","floor":12.0,"turns":5.0},{"damage":10.0,"enemies":"Exordium Thugs","floor":13.0,"turns":5.0},{"damage":27,"enemies":"Slime Boss","floor":16,"turns":7}],"seed_played":"-5194077961783488257","potions_obtained":[{"floor":4.0,"key":"Explosive Potion"},{"floor":6.0,"key":"Weak Potion"},{"floor":7.0,"key":"Poison Potion"},{"floor":13.0,"key":"Explosive Potion"}],"is_trial":false,"path_per_floor":["M","M","M","M","M","E","M","R","T","E","$","M","M","?","R","B"],"character_chosen":"IRONCLAD","items_purchased":["Membership Card","Bag of Preparation","Inflame"],"campfire_rested":1,"item_purchase_floors":[11,11,11],"current_hp_per_floor":[68,70,75,75,52,33,36,36,36,22,22,27,25,2,24,0],"gold":103,"neow_bonus":"RANDOM_COMMON_RELIC","is_prod":false,"is_daily":false,"chose_seed":false,"campfire_upgraded":1,"win_rate":0,"timestamp":1564959085,"path_taken":["M","M","M","?","M","E","M","R","T","E","$","M","M","?","R","BOSS"],"build_version":"2019-07-17","purchased_purges":1,"victory":false,"max_hp_per_floor":[75,75,75,75,75,75,75,75,75,75,75,75,75,75,75,75],"card_choices":[{"not_picked":["Cleave","Twin Strike"],"picked":"Pommel Strike","floor":1.0},{"not_picked":["Pummel","Heavy Blade"],"picked":"Shrug It Off","floor":2.0},{"not_picked":["Iron Wave","Body Slam","Burning Pact"],"picked":"SKIP","floor":3.0},{"not_picked":["Sever Soul","Whirlwind"],"picked":"Twin Strike","floor":4.0},{"not_picked":["Cleave","Heavy Blade"],"picked":"Armaments","floor":5.0},{"not_picked":["Blood for Blood","Iron Wave"],"picked":"True Grit","floor":6.0},{"not_picked":["Spot Weakness","Juggernaut"],"picked":"Battle Trance","floor":7.0},{"not_picked":["Warcry","Perfected Strike","Flex"],"picked":"SKIP","floor":10.0},{"not_picked":["Hemokinesis","Pummel"],"picked":"Sword Boomerang","floor":12.0},{"not_picked":["Thunderclap","Warcry","Heavy Blade"],"picked":"SKIP","floor":13.0}],"player_experience":859457,"relics_obtained":[{"floor":6.0,"key":"Dodecahedron"},{"floor":9.0,"key":"Bronze Scales"},{"floor":10.0,"key":"Blood Vial"}],"event_choices":[{"damage_healed":0.0,"max_hp_gain":0.0,"max_hp_loss":0.0,"gold_gain":0.0,"event_name":"Shining Light","player_choice":"Entered Light","floor":14.0,"gold_loss":0.0,"damage_taken":23.0,"cards_upgraded":["Strike_R","Pommel Strike"]}],"is_beta":false,"boss_relics":[],"items_purged_floors":[11],"is_endless":false,"potions_floor_spawned":[4,6,7,13],"killed_by":"Slime Boss","ascension_level":20}