{"gold_per_floor":[113,124,134,134,154,154,329,358,412,412,412,431,449,464,464,569,569,581,600,51,31,31,47,63,78,78,93,93,108,108,126,126,231,231,246,17,17,37,56,83,83,117,143,143,143,154,154,14,14,14],"floor_reached":51,"playtime":4285,"items_purged":["Doubt","Doubt"],"score":703,"play_id":"e2aa3dca-4dcb-438f-b08e-fbf035b0db9c","local_time":"20180726055053","is_ascension_mode":false,"campfire_choices":[{"data":"Riddle With Holes","floor":6,"key":"SMITH"},{"data":"Neutralize","floor":11,"key":"SMITH"},{"data":"Cloak And Dagger","floor":15,"key":"SMITH"},{"data":"Deadly Poison","floor":28,"key":"SMITH"},{"data":"Deadly Poison","floor":30,"key":"SMITH"},{"floor":32,"key":"REST"},{"floor":41,"key":"REST"},{"floor":44,"key":"REST"},{"data":"Mayhem","floor":49,"key":"SMITH"}],"neow_cost":"CURSE","seed_source_timestamp":100283915350794,"circlet_count":0,"master_deck":["Defend_G","Defend_G","Defend_G","Defend_G","Strike_G","Strike_G","Strike_G","Strike_G","Survivor","Neutralize+1","Clumsy","Slice","Flying Knee","Riddle With Holes+1","Leg Sweep","Escape Plan","Cloak And Dagger+1","Deadly Poison+1","Cloak And Dagger","Adrenaline+1","Dodge and Roll+1","Endless Agony","Finesse","Escape Plan","Tactician+1","Deadly Poison+1","Poisoned Stab+1","Escape Plan+1","Poisoned Stab+1","Terror+1","Venomology","Backflip","Blur","Dodge and Roll+1","Dagger Spray+1","Underhanded Strike+1","Deflect","Mayhem+1","Dagger Spray+1","Madness","Madness","Venomology","Blur","PiercingWail+1","Endless Agony+1","Dagger Spray+1","Bouncing Flask"],"relics":["Ring of the Snake","Odd Mushroom","Centennial Puzzle","Dream Catcher","Busted Crown","War Paint","Bag of Preparation","Molten Egg 2","Orrery","Ancient Tea Set","Turnip","Regal Pillow"],"potions_floor_usage":[13,16,16,19,25,33,33,33,39,40,40,40,42,42,42,42,46,50,50,50,50],"damage_taken":[{"damage":0,"enemies":"Cultist","floor":1,"turns":4},{"damage":0,"enemies":"Small Slimes","floor":2,"turns":3},{"damage":1,"enemies":"Jaw Worm","floor":3,"turns":4},{"damage":0,"enemies":"2 Fungi Beasts","floor":5,"turns":4},{"damage":33,"floor":8,"turns":7},{"damage":7,"enemies":"Looter","floor":12,"turns":3},{"damage":4,"enemies":"Gremlin Gang","floor":13,"turns":5},{"damage":1,"enemies":"2 Fungi Beasts","floor":14,"turns":3},{"damage":10,"enemies":"Hexaghost","floor":16,"turns":15},{"damage":5,"enemies":"Shell Parasite","floor":18,"turns":5},{"damage":12,"enemies":"2 Thieves","floor":19,"turns":4},{"damage":0,"enemies":"Centurion and Healer","floor":23,"turns":7},{"damage":9,"enemies":"Snake Plant","floor":24,"turns":4},{"damage":14,"enemies":"Cultist and Chosen","floor":25,"turns":9},{"damage":2,"enemies":"3 Cultists","floor":27,"turns":6},{"damage":0,"enemies":"Chosen and Byrds","floor":29,"turns":4},{"damage":14,"enemies":"Snake Plant","floor":31,"turns":4},{"damage":5,"enemies":"Collector","floor":33,"turns":9},{"damage":20,"enemies":"3 Darklings","floor":35,"turns":7},{"damage":13,"enemies":"Flame Bruiser 1 Orb","floor":38,"turns":5},{"damage":22,"enemies":"Maw","floor":39,"turns":7},{"damage":36,"enemies":"Giant Head","floor":40,"turns":10},{"damage":5,"enemies":"Nemesis","floor":42,"turns":8},{"damage":28,"enemies":"Sphere and 2 Shapes","floor":46,"turns":7},{"damage":70,"enemies":"Awakened One","floor":50,"turns":18}],"seed_played":"3090169131512493551","potions_obtained":[{"floor":2,"key":"GhostInAJar"},{"floor":12,"key":"SkillPotion"},{"floor":13,"key":"Swift Potion"},{"floor":14,"key":"Explosive Potion"},{"floor":16,"key":"Ancient Potion"},{"floor":18,"key":"FearPotion"},{"floor":21,"key":"Dexterity Potion"},{"floor":23,"key":"Weak Potion"},{"floor":31,"key":"LiquidBronze"},{"floor":39,"key":"Regen Potion"},{"floor":40,"key":"Block Potion"},{"floor":42,"key":"FearPotion"}],"is_trial":false,"path_per_floor":["M","M","M","?","M","R","?","?","T","?","R","M","M","M","R","B",null,"M","M","$","?","?","M","M","M","T","M","R","M","R","M","R","B",null,"M","$","?","M","M","E","R","E","T","R","?","M","?","$","R","B"],"character_chosen":"THE_SILENT","items_purchased":["Finesse","Escape Plan","War Paint","Bag of Preparation","Mayhem","Dagger Spray+1","Bouncing Flask"],"campfire_rested":3,"item_purchase_floors":[20,20,20,20,36,36,48],"current_hp_per_floor":[84,84,83,76,76,76,76,43,43,25,25,18,14,13,13,3,84,79,67,67,67,51,51,42,28,28,26,26,26,26,12,38,33,89,69,69,58,45,23,2,28,23,23,64,64,36,89,89,89,19],"gold":14,"neow_bonus":"TWENTY_PERCENT_HP_BONUS","is_prod":false,"is_daily":false,"chose_seed":false,"campfire_upgraded":6,"win_rate":0,"timestamp":1532573453,"path_taken":["M","M","?","?","M","R","?","?","T","?","R","M","M","M","R","BOSS","M","M","$","?","?","M","M","M","T","M","R","?","R","?","R","BOSS","M","$","?","M","?","E","R","E","T","R","?","M","?","$","R","BOSS"],"build_version":"2018-07-24","purchased_purges":2,"victory":true,"max_hp_per_floor":[84,84,84,84,84,84,84,84,84,84,84,84,84,84,84,84,84,84,84,84,84,89,89,89,89,89,89,89,89,89,89,89,89,89,89,89,89,89,89,89,89,89,89,89,89,89,89,89,89,89],"card_choices":[{"not_picked":["Outmaneuver","Flying Knee"],"picked":"Slice","floor":1},{"not_picked":["Crippling Poison","Outmaneuver"],"picked":"Flying Knee","floor":2},{"not_picked":["Heel Hook","Wraith Form v2"],"picked":"Riddle With Holes","floor":3},{"not_picked":["Bane","PiercingWail"],"picked":"Leg Sweep","floor":5},{"not_picked":["Accuracy","PiercingWail"],"picked":"Escape Plan","floor":8},{"not_picked":["Riddle With Holes","Terror"],"picked":"Cloak And Dagger","floor":12},{"not_picked":["Flying Knee","Underhanded Strike"],"picked":"Deadly Poison","floor":13},{"not_picked":["Endless Agony","Dodge and Roll"],"picked":"Cloak And Dagger","floor":14},{"not_picked":["After Image","Doppelganger"],"picked":"Adrenaline","floor":16},{"not_picked":[],"picked":"Dodge and Roll","floor":18},{"not_picked":[],"picked":"Endless Agony","floor":19},{"not_picked":[],"picked":"Tactician+1","floor":23},{"not_picked":[],"picked":"Deadly Poison","floor":24},{"not_picked":[],"picked":"Poisoned Stab+1","floor":25},{"not_picked":["Expertise"],"picked":"SKIP","floor":27},{"not_picked":[],"picked":"Escape Plan+1","floor":29},{"not_picked":[],"picked":"Poisoned Stab+1","floor":31},{"not_picked":[],"picked":"Terror+1","floor":32},{"not_picked":[],"picked":"Venomology","floor":33},{"not_picked":[],"picked":"Backflip","floor":34},{"not_picked":[],"picked":"Blur","floor":34},{"not_picked":[],"picked":"Dodge and Roll+1","floor":34},{"not_picked":[],"picked":"Dagger Spray+1","floor":34},{"not_picked":[],"picked":"Underhanded Strike+1","floor":34},{"not_picked":[],"picked":"Deflect","floor":35},{"not_picked":["Outmaneuver"],"picked":"SKIP","floor":38},{"not_picked":["Masterful Stab+1"],"picked":"SKIP","floor":39},{"not_picked":[],"picked":"Venomology","floor":40},{"not_picked":[],"picked":"Blur","floor":41},{"not_picked":[],"picked":"PiercingWail+1","floor":42},{"not_picked":[],"picked":"Endless Agony+1","floor":44},{"not_picked":[],"picked":"Dagger Spray+1","floor":46}],"player_experience":565673,"relics_obtained":[{"floor":8,"key":"Odd Mushroom"},{"floor":9,"key":"Centennial Puzzle"},{"floor":26,"key":"Molten Egg 2"},{"floor":40,"key":"Ancient Tea Set"},{"floor":42,"key":"Turnip"},{"floor":43,"key":"Regal Pillow"}],"event_choices":[{"event_name":"Golden Wing","player_choice":"Card Removal","floor":4,"damage_taken":0},{"event_name":"Liars Game","player_choice":"agreed","floor":7,"damage_taken":0},{"event_name":"Mushrooms","player_choice":"Fought Mushrooms","floor":8,"damage_taken":0},{"event_name":"Scrap Ooze","player_choice":"success","floor":10,"damage_taken":18},{"event_name":"The Woman in Blue","player_choice":"Bought 1 Potion","floor":21,"damage_taken":0},{"event_name":"Forgotten Altar","player_choice":"Shed Blood","floor":22,"damage_taken":0},{"event_name":"Winding Halls","player_choice":"Embrace Madness","floor":37,"damage_taken":0},{"event_name":"Falling","player_choice":"Removed Attack","floor":45,"damage_taken":0},{"event_name":"MindBloom","player_choice":"Heal","floor":47,"damage_taken":0}],"is_beta":true,"boss_relics":[{"not_picked":["Fusion Hammer","Black Star"],"picked":"Busted Crown"},{"not_picked":["Snecko Eye","Cursed Key"],"picked":"Orrery"}],"items_purged_floors":[20,48],"is_endless":false,"potions_floor_spawned":[2,12,13,14,16,18,23,24,31,39,40,42],"ascension_level":0}