{"gold_per_floor":[119,129,15,35,45,45,72,72,98,98,131,146,161,189,189,288,288,304,304,304,404,415,415,434,434,434,468,485,515,530,25,25,130,130,146,163,163,163,163,198,198,224,224,256,256,256,9,21,21,21,21,21,21,46,46],"floor_reached":55,"playtime":3814,"items_purged":["Strike_G"],"score":1040,"play_id":"b36e5cc0-6a92-4961-988b-e6bde1bedf23","local_time":"20181218063816","is_ascension_mode":true,"campfire_choices":[{"data":"Endless Agony","floor":6,"key":"SMITH"},{"data":"Endless Agony","floor":8,"key":"SMITH"},{"data":"Neutralize","floor":10,"key":"SMITH"},{"floor":15,"key":"REST"},{"data":"Night Terror","floor":23,"key":"SMITH"},{"data":"Prepared","floor":25,"key":"SMITH"},{"data":"Infinite Blades","floor":32,"key":"SMITH"},{"floor":41,"key":"RECALL"},{"floor":46,"key":"REST"},{"floor":49,"key":"REST"},{"floor":52,"key":"REST"}],"neow_cost":"TEN_PERCENT_HP_LOSS","seed_source_timestamp":372881519477178,"circlet_count":0,"master_deck":["Defend_G","Defend_G","Defend_G","Defend_G","Defend_G","Strike_G","Strike_G","Survivor","Neutralize+1","Deflect","Backflip","Backstab","Prepared+1","Endless Agony+1","Endless Agony+1","Night Terror+1","Accuracy","Ghostly","Ghostly","Ghostly","Ghostly","Ghostly","PiercingWail","Deflect+1","Footwork","Infinite Blades+1","Blade Dance+1","Blade Dance","Venomology","PiercingWail","Madness","Madness","Thinking Ahead","Endless Agony","PiercingWail","Finisher","Cloak And Dagger+1"],"relics":["Ring of the Snake","Dead Branch","Centennial Puzzle","Regal Pillow","Smiling Mask","WristBlade","The Specimen","Paper Crane","Kunai","Ornamental Fan","Omamori","Lee\u0027s Waffle","Pantograph","Fusion Hammer","Blood Vial","Meat on the Bone","Darkstone Periapt","Potion Belt","Ninja Scroll","Gremlin Horn"],"potions_floor_usage":[7,16,21,29,35,42,55,55,55,55,55,55],"damage_taken":[{"damage":0,"enemies":"2 Louse","floor":1,"turns":5},{"damage":2,"enemies":"Jaw Worm","floor":2,"turns":5},{"damage":0,"enemies":"Small Slimes","floor":4,"turns":3},{"damage":22,"enemies":"Exordium Thugs","floor":5,"turns":4},{"damage":11,"enemies":"Gremlin Nob","floor":7,"turns":3},{"damage":4,"enemies":"3 Sentries","floor":11,"turns":6},{"damage":0,"enemies":"Blue Slaver","floor":12,"turns":3},{"damage":0,"enemies":"2 Fungi Beasts","floor":13,"turns":3},{"damage":7,"enemies":"Gremlin Nob","floor":14,"turns":3},{"damage":6,"enemies":"Slime Boss","floor":16,"turns":7},{"damage":1,"enemies":"Shell Parasite","floor":18,"turns":2},{"damage":4,"enemies":"Colosseum Slavers","floor":21,"turns":3},{"damage":0,"enemies":"Colosseum Nobs","floor":21,"turns":6},{"damage":1,"enemies":"Spheric Guardian","floor":22,"turns":8},{"damage":2,"enemies":"Centurion and Healer","floor":24,"turns":7},{"damage":6,"enemies":"Book of Stabbing","floor":27,"turns":9},{"damage":2,"enemies":"Shelled Parasite and Fungi","floor":28,"turns":7},{"damage":0,"enemies":"Gremlin Leader","floor":29,"turns":8},{"damage":8,"enemies":"Cultist and Chosen","floor":30,"turns":6},{"damage":0,"enemies":"Collector","floor":33,"turns":11},{"damage":0,"enemies":"Orb Walker","floor":35,"turns":3},{"damage":0,"enemies":"3 Darklings","floor":36,"turns":6},{"damage":7,"enemies":"Reptomancer","floor":40,"turns":6},{"damage":0,"enemies":"Giant Head","floor":42,"turns":7},{"damage":1,"enemies":"Reptomancer","floor":44,"turns":6},{"damage":0,"enemies":"Sphere and 2 Shapes","floor":48,"turns":2},{"damage":1,"enemies":"Awakened One","floor":50,"turns":13},{"damage":0,"enemies":"Shield and Spear","floor":54,"turns":4},{"damage":38,"enemies":"The Heart","floor":55,"turns":11}],"seed_played":"-4666571131264138154","potions_obtained":[{"floor":2,"key":"Regen Potion"},{"floor":4,"key":"SteroidPotion"},{"floor":12,"key":"SpeedPotion"},{"floor":13,"key":"Explosive Potion"},{"floor":16,"key":"Block Potion"},{"floor":21,"key":"Weak Potion"},{"floor":30,"key":"EssenceOfSteel"},{"floor":48,"key":"AttackPotion"}],"is_trial":false,"path_per_floor":["M","M","$","M","M","R","E","R","T","R","E","M","M","E","R","B",null,"M","?","?","?","M","R","M","R","T","E","M","E","M","$","R","B",null,"M","M","?","?","?","E","R","E","T","E","?","R","$","M","R","B",null,"R","$","E","B"],"character_chosen":"THE_SILENT","items_purchased":["Backstab","Lee\u0027s Waffle","Pantograph","Blade Dance","Ninja Scroll"],"campfire_rested":4,"item_purchase_floors":[3,31,31,31,47],"current_hp_per_floor":[63,61,61,61,39,39,28,28,28,28,24,24,24,17,50,44,63,62,31,31,27,26,26,24,24,24,18,16,31,23,38,38,38,38,38,38,33,33,33,26,26,28,28,29,29,38,38,38,38,37,38,38,38,38,0],"gold":46,"neow_bonus":"ONE_RARE_RELIC","is_prod":false,"is_daily":false,"chose_seed":false,"campfire_upgraded":6,"win_rate":0,"timestamp":1545104296,"path_taken":["M","M","$","M","M","R","E","R","T","R","E","M","M","E","R","BOSS","M","?","?","?","M","R","M","R","T","E","?","E","M","$","R","BOSS","M","M","?","?","?","E","R","E","T","E","?","R","$","M","R","BOSS","R","$","E","BOSS"],"build_version":"2018-12-13","purchased_purges":1,"victory":false,"max_hp_per_floor":[63,63,63,63,63,63,63,63,63,63,63,63,63,63,63,63,63,63,31,31,31,31,31,31,31,31,31,31,31,31,38,38,38,38,38,38,38,38,38,38,38,38,38,38,38,38,38,38,38,38,38,38,38,38,38],"card_choices":[{"not_picked":["Acrobatics","Backflip"],"picked":"Deflect","floor":1},{"not_picked":["Terror","Deadly Poison"],"picked":"Backflip","floor":2},{"not_picked":["Poisoned Stab","Quick Slash"],"picked":"Prepared","floor":4},{"not_picked":["Finisher","Distraction"],"picked":"Endless Agony","floor":5},{"not_picked":["Outmaneuver","Slice"],"picked":"Endless Agony","floor":7},{"not_picked":["Acrobatics","Slice","Flechettes"],"picked":"SKIP","floor":11},{"not_picked":["Setup","Prepared","All Out Attack"],"picked":"SKIP","floor":12},{"not_picked":["Slice","Backflip","Deadly Poison"],"picked":"SKIP","floor":13},{"not_picked":["Eviscerate","Tools of the Trade","Deadly Poison"],"picked":"SKIP","floor":14},{"not_picked":["Doppelganger","Envenom"],"picked":"Night Terror","floor":16},{"not_picked":["Acrobatics","Poisoned Stab"],"picked":"Accuracy","floor":18},{"not_picked":["Bane","Outmaneuver+1"],"picked":"PiercingWail","floor":21},{"not_picked":["Bane","Masterful Stab"],"picked":"Deflect+1","floor":22},{"not_picked":["Deflect","Backflip+1"],"picked":"Footwork","floor":24},{"not_picked":["Slice","Underhanded Strike+1","Eviscerate"],"picked":"SKIP","floor":27},{"not_picked":["Footwork","Calculated Gamble"],"picked":"Infinite Blades","floor":28},{"not_picked":["Wraith Form v2","Heel Hook","Dagger Throw"],"picked":"SKIP","floor":29},{"not_picked":["Caltrops+1","Dodge and Roll"],"picked":"Blade Dance+1","floor":30},{"not_picked":["Envenom","Phantasmal Killer"],"picked":"Venomology","floor":33},{"not_picked":["Prepared","Tactician+1"],"picked":"PiercingWail","floor":35},{"not_picked":["Prepared+1","Setup+1","Dagger Spray+1"],"picked":"SKIP","floor":36},{"not_picked":["Mayhem","Chrysalis"],"picked":"Thinking Ahead","floor":39},{"not_picked":["After Image","Well Laid Plans"],"picked":"Endless Agony","floor":40},{"not_picked":["Footwork","Poisoned Stab+1"],"picked":"PiercingWail","floor":42},{"not_picked":["Dodge and Roll+1","Masterful Stab+1"],"picked":"Finisher","floor":44},{"not_picked":["Bane","Reflex+1","Riddle With Holes"],"picked":"SKIP","floor":48},{"not_picked":["Slice+1","Heel Hook"],"picked":"Cloak And Dagger+1","floor":54}],"player_experience":984641,"relics_obtained":[{"floor":7,"key":"Centennial Puzzle"},{"floor":11,"key":"Regal Pillow"},{"floor":14,"key":"Smiling Mask"},{"floor":21,"key":"The Specimen"},{"floor":21,"key":"Paper Crane"},{"floor":26,"key":"Kunai"},{"floor":27,"key":"Ornamental Fan"},{"floor":29,"key":"Omamori"},{"floor":40,"key":"Blood Vial"},{"floor":42,"key":"Meat on the Bone"},{"floor":43,"key":"Darkstone Periapt"},{"floor":44,"key":"Potion Belt"},{"floor":54,"key":"Gremlin Horn"}],"event_choices":[{"damage_healed":0,"gold_gain":0,"player_choice":"Became a Ghost","damage_taken":0,"max_hp_gain":0,"max_hp_loss":32,"event_name":"Ghosts","floor":19,"gold_loss":0,"cards_obtained":["Ghostly","Ghostly","Ghostly","Ghostly","Ghostly"]},{"cards_removed":["Strike_G"],"damage_healed":0,"gold_gain":0,"player_choice":"Elegance","damage_taken":0,"max_hp_gain":0,"max_hp_loss":0,"event_name":"Back to Basics","floor":20,"gold_loss":0},{"damage_healed":0,"gold_gain":0,"player_choice":"Fight","damage_taken":0,"max_hp_gain":0,"max_hp_loss":0,"event_name":"Colosseum","floor":21,"gold_loss":0},{"damage_healed":0,"gold_gain":0,"player_choice":"Fought Nobs","damage_taken":0,"max_hp_gain":0,"max_hp_loss":0,"event_name":"Colosseum","floor":21,"gold_loss":0},{"damage_healed":0,"gold_gain":0,"player_choice":"Embrace Madness","damage_taken":5,"max_hp_gain":0,"max_hp_loss":0,"event_name":"Winding Halls","floor":37,"gold_loss":0,"cards_obtained":["Madness","Madness"]},{"cards_removed":["Strike_G"],"damage_healed":0,"gold_gain":0,"player_choice":"Removed Attack","damage_taken":0,"max_hp_gain":0,"max_hp_loss":0,"event_name":"Falling","floor":38,"gold_loss":0},{"damage_healed":0,"gold_gain":0,"player_choice":"Memory 1","damage_taken":0,"max_hp_gain":0,"max_hp_loss":0,"event_name":"SensoryStone","floor":39,"gold_loss":0},{"damage_healed":0,"gold_gain":0,"player_choice":"Ignored","damage_taken":0,"max_hp_gain":0,"max_hp_loss":0,"event_name":"Tomb of Lord Red Mask","floor":45,"gold_loss":0}],"is_beta":true,"boss_relics":[{"not_picked":["Empty Cage","Coffee Dripper"],"picked":"WristBlade"},{"not_picked":["Runic Dome","Lizard Tail"],"picked":"Fusion Hammer"}],"items_purged_floors":[3],"is_endless":false,"potions_floor_spawned":[2,4,12,13,14,16,21,21,30,35,40,48],"killed_by":"The Heart","ascension_level":1}