{"path_per_floor":["M","M","?","M","?","R","?","M","T","R","M","M","T","$","R","B",null,"M","?","?","?","M","R","E","R","T","M","M","T","?","E","R","B",null,"M","?","M","M","M","R","E","R","T","M","M","?","?","M","R","B"],"character_chosen":"THE_SILENT","items_purchased":["Gremlin Horn"],"gold_per_floor":[19,33,33,47,297,297,297,318,318,318,338,361,361,43,43,167,167,188,188,188,224,244,244,285,285,285,310,328,628,553,586,586,706,706,724,1057,1073,1086,1098,1098,1124,1124,1149,1162,1178,1178,1178,1197,1197,1197],"floor_reached":51,"campfire_rested":0,"playtime":2771,"current_hp_per_floor":[68,65,65,64,64,64,64,62,62,62,61,60,60,60,60,57,70,68,68,68,70,70,70,68,68,68,70,70,70,70,70,70,70,70,70,70,69,69,49,49,51,51,51,45,47,65,65,67,67,56],"items_purged":["Injury"],"gold":1197,"score":684,"play_id":"d666b978-e20d-435f-bd0b-d68a4e447d40","is_prod":false,"is_daily":false,"is_ascension_mode":false,"campfire_upgraded":9,"path_taken":["M","M","?","M","?","R","?","M","T","R","?","?","?","$","R","BOSS","M","?","?","?","M","R","E","R","T","M","?","?","?","E","R","BOSS","M","?","M","M","M","R","E","R","T","M","M","?","?","?","R","BOSS"],"build_version":"2018-02-23-BETA1","purchased_purges":1,"victory":true,"master_deck":["Defend_G+1","Defend_G+1","Defend_G+1","Defend_G+1","Defend_G+1","Strike_G+1","Strike_G+1","Strike_G+1","Strike_G+1","Strike_G+1","Neutralize","Dodge and Roll+1","Leg Sweep+1","Backflip+1","Flying Knee+1","Cloak And Dagger+1","Dagger Throw","Adrenaline+1","Noxious Fumes+1","Footwork+1","Malaise+1","Backflip+1","Glass Knife+1","Heel Hook","Cloak And Dagger+1","Well Laid Plans+1","Endless Agony+1","Outmaneuver+1"],"max_hp_per_floor":[70,70,70,70,70,70,70,70,70,70,70,70,70,70,70,70,70,70,70,70,70,70,70,70,70,70,70,70,70,70,70,70,70,70,70,70,70,70,70,70,70,70,70,70,70,70,70,70,70,70],"relics":["Ring of the Snake","Torii","Bag of Marbles","Blood Vial","Gremlin Horn","Sozu","Ninja Scroll","Red Mask","Orichalcum","Ancient Tea Set","Old Coin","Shuriken","Runic Dome","Vajra","Omamori"],"card_choices":[{"not_picked":["Endless Agony","Expertise"],"picked":"Dodge and Roll"},{"not_picked":["Flying Knee","Backflip"],"picked":"Leg Sweep"},{"not_picked":["Prepared","Poisoned Stab"],"picked":"Backflip"},{"not_picked":["Outmaneuver","Die Die Die"],"picked":"Flying Knee"},{"not_picked":["Blade Dance","Heel Hook"],"picked":"Cloak And Dagger"},{"not_picked":["Slice","Poisoned Stab"],"picked":"Dagger Throw"},{"not_picked":["Storm of Steel","Night Terror"],"picked":"Adrenaline"},{"not_picked":["PiercingWail","Cloak And Dagger"],"picked":"Noxious Fumes"},{"not_picked":["Cloak And Dagger","Poisoned Stab"],"picked":"Footwork"},{"not_picked":["Accuracy","Eviscerate"],"picked":"Malaise"},{"not_picked":["Choke","Bane"],"picked":"Backflip"},{"not_picked":["Grand Finale","Envenom"],"picked":"Glass Knife"},{"not_picked":["Dodge and Roll","Outmaneuver"],"picked":"PiercingWail"},{"not_picked":["Bouncing Flask","Dagger Spray"],"picked":"Heel Hook"},{"not_picked":["Caltrops","Underhanded Strike"],"picked":"Cloak And Dagger"},{"not_picked":["Masterful Stab","Choke"],"picked":"Well Laid Plans"},{"not_picked":["Slice","Quick Slash"],"picked":"Endless Agony"},{"not_picked":["Accuracy","Setup"],"picked":"Outmaneuver"}],"player_experience":239822,"potions_floor_usage":[16,16,16],"damage_taken":[{"damage":2,"enemies":"Cultist","floor":1,"turns":4},{"damage":3,"enemies":"Jaw Worm","floor":2,"turns":6},{"damage":1,"enemies":"2 Louse","floor":4,"turns":5},{"damage":2,"enemies":"Red Slaver","floor":8,"turns":7},{"damage":1,"enemies":"Lots of Slimes","floor":11,"turns":6},{"damage":1,"enemies":"2 Fungi Beasts","floor":12,"turns":4},{"damage":5,"enemies":"Hexaghost","floor":16,"turns":10},{"damage":2,"enemies":"Shell Parasite","floor":18,"turns":5},{"damage":0,"enemies":"Masked Bandits","floor":21,"turns":2},{"damage":0,"enemies":"3 Byrds","floor":22,"turns":3},{"damage":2,"enemies":"Slavers","floor":24,"turns":6},{"damage":0,"enemies":"Centurion and Healer","floor":27,"turns":4},{"damage":0,"enemies":"Snake Plant","floor":28,"turns":6},{"damage":0,"enemies":"Gremlin Leader","floor":31,"turns":6},{"damage":0,"enemies":"Champ","floor":33,"turns":11},{"damage":0,"enemies":"3 Darklings","floor":35,"turns":4},{"damage":1,"enemies":"3 Shapes","floor":37,"turns":4},{"damage":1,"enemies":"Spire Growth","floor":38,"turns":5},{"damage":21,"enemies":"Sphere and 2 Shapes","floor":39,"turns":6},{"damage":0,"enemies":"Nemesis","floor":41,"turns":5},{"damage":8,"enemies":"Maw","floor":44,"turns":7},{"damage":0,"enemies":"Flame Bruiser 2 Orb","floor":45,"turns":2},{"damage":0,"enemies":"4 Shapes","floor":48,"turns":1},{"damage":13,"enemies":"Awakened One","floor":50,"turns":11}],"event_choices":[{"event_name":"Golden Idol","player_choice":"Take Wound","floor":3,"damage_taken":0},{"event_name":"Golden Shrine","player_choice":"Desecrate","floor":5,"damage_taken":0},{"event_name":"Purifier","player_choice":"One Purge","floor":7,"damage_taken":0},{"event_name":"The Mausoleum","player_choice":"Yes","floor":19,"damage_taken":0},{"event_name":"Back to Basics","player_choice":"Simplicity","floor":20,"damage_taken":0},{"event_name":"Masked Bandits","player_choice":"Fought over 188 gold","floor":21,"damage_taken":0},{"event_name":"Beggar","player_choice":"Gave Gold","floor":30,"damage_taken":0},{"event_name":"The Moai Head","player_choice":"Gave Idol","floor":36,"damage_taken":0},{"event_name":"Winding Halls","player_choice":"Writhe","floor":46,"damage_taken":0}],"boss_relics":[{"not_picked":["Ectoplasm","Lizard Tail"],"picked":"Sozu"},{"not_picked":["Runic Pyramid","Snecko Eye"],"picked":"Runic Dome"}],"potions_floor_spawned":[4,8,11,12,21,28,33,35,41,45],"seed_played":"2435775144371230214","ascension_level":0,"is_trial":false}