{"gold_per_floor":[113,288,301,21,21,55,55,55,55,55,95,25,25,45,45,168,168,182,201,216,216,141,185,185,185],"floor_reached":25,"playtime":813,"items_purged":["Doubt"],"score":265,"play_id":"220ee2e4-a9bd-4a87-8d28-20b3cd87605a","local_time":"20181216204811","is_ascension_mode":true,"campfire_choices":[{"data":"Ball Lightning","floor":8,"key":"SMITH"},{"data":"Fission","floor":13,"key":"SMITH"},{"data":"Zap","floor":15,"key":"SMITH"},{"floor":24,"key":"REST"}],"neow_cost":"NONE","seed_source_timestamp":254560574848725,"circlet_count":0,"master_deck":["Strike_B","Strike_B","Strike_B","Defend_B","Defend_B","Defend_B","Defend_B","Zap+1","Dualcast","Conserve Battery","Redo","Beam Cell","Ball Lightning+1","Fission+1","Leap","Echo Form","Hologram","Ball Lightning"],"relics":["Cracked Core","NeowsBlessing","DataDisk","WarpedTongs","Juzu Bracelet","Golden Idol","StoneCalendar","Boot","Singing Bowl","Inserter","Du-Vu Doll"],"potions_floor_usage":[20,23,23,25],"damage_taken":[{"damage":0,"enemies":"Jaw Worm","floor":1,"turns":1},{"damage":0,"enemies":"Small Slimes","floor":3,"turns":1},{"damage":0,"enemies":"Lagavulin","floor":6,"turns":1},{"damage":15,"enemies":"Gremlin Nob","floor":11,"turns":3},{"damage":1,"enemies":"Cultist","floor":14,"turns":2},{"damage":17,"enemies":"Hexaghost","floor":16,"turns":8},{"damage":31,"enemies":"Shell Parasite","floor":18,"turns":7},{"damage":0,"enemies":"Spheric Guardian","floor":19,"turns":3},{"damage":16,"enemies":"Chosen and Byrds","floor":20,"turns":6},{"damage":29,"enemies":"Slavers","floor":23,"turns":5},{"damage":34,"enemies":"Book of Stabbing","floor":25,"turns":5}],"seed_played":"-8488692955023051137","potions_obtained":[{"floor":1,"key":"Block Potion"},{"floor":3,"key":"SpeedPotion"},{"floor":14,"key":"Weak Potion"},{"floor":18,"key":"PowerPotion"},{"floor":23,"key":"Energy Potion"}],"is_trial":false,"path_per_floor":["M","?","M","$","?","E","?","R","T","?","E","?","R","M","R","B",null,"M","M","M","?","?","E","R","E"],"character_chosen":"DEFECT","items_purchased":["DataDisk","Beam Cell"],"campfire_rested":1,"item_purchase_floors":[4,4],"current_hp_per_floor":[75,75,75,75,75,75,57,57,57,62,47,47,47,46,46,29,80,51,51,35,35,35,8,33,0],"gold":185,"neow_bonus":"THREE_ENEMY_KILL","is_prod":false,"is_daily":false,"chose_seed":false,"campfire_upgraded":3,"win_rate":0,"timestamp":1544982491,"path_taken":["M","?","M","$","?","E","?","R","T","?","E","?","R","M","R","BOSS","M","M","M","?","?","E","R","E"],"build_version":"2018-12-13","purchased_purges":1,"victory":false,"max_hp_per_floor":[75,75,75,75,75,75,75,75,75,80,80,80,80,80,80,80,80,82,82,82,82,82,84,84,84],"card_choices":[{"not_picked":["Static Discharge","Go for the Eyes"],"picked":"Conserve Battery","floor":1},{"not_picked":["Self Repair","Storm"],"picked":"Redo","floor":3},{"not_picked":["Reprogram","Heatsinks"],"picked":"Ball Lightning","floor":6},{"not_picked":["Core Surge","Stack"],"picked":"Fission","floor":11},{"not_picked":["Blizzard","Sweeping Beam"],"picked":"Leap","floor":14},{"not_picked":["Reboot","Creative AI"],"picked":"Echo Form","floor":16},{"not_picked":["Coolheaded","Leap","Redo"],"picked":"Singing Bowl","floor":18},{"not_picked":["Reprogram","Fusion"],"picked":"Hologram","floor":19},{"not_picked":["Redo+1","Beam Cell"],"picked":"Ball Lightning","floor":20},{"not_picked":["Sweeping Beam","Gash","Tempest"],"picked":"Singing Bowl","floor":23}],"player_experience":979704,"relics_obtained":[{"floor":6,"key":"Juzu Bracelet"},{"floor":9,"key":"StoneCalendar"},{"floor":11,"key":"Boot"},{"floor":23,"key":"Du-Vu Doll"}],"event_choices":[{"damage_healed":0,"gold_gain":175,"player_choice":"AGREE","damage_taken":0,"max_hp_gain":0,"max_hp_loss":0,"event_name":"Liars Game","floor":2,"gold_loss":0,"cards_obtained":["Doubt"]},{"damage_healed":0,"gold_gain":0,"player_choice":"Rummage","damage_taken":0,"relics_obtained":["WarpedTongs"],"max_hp_gain":0,"max_hp_loss":0,"event_name":"Accursed Blacksmith","floor":5,"gold_loss":0,"cards_obtained":["Pain"]},{"damage_healed":0,"gold_gain":0,"player_choice":"Take Damage","damage_taken":18,"relics_obtained":["Golden Idol"],"max_hp_gain":0,"max_hp_loss":0,"event_name":"Golden Idol","floor":7,"gold_loss":0},{"damage_healed":0,"gold_gain":0,"player_choice":"Donut","damage_taken":0,"max_hp_gain":5,"max_hp_loss":0,"event_name":"Big Fish","floor":10,"gold_loss":0},{"damage_healed":0,"gold_gain":0,"player_choice":"Paid Gold","damage_taken":0,"relics_obtained":["Singing Bowl"],"max_hp_gain":0,"max_hp_loss":0,"event_name":"WeMeetAgain","floor":12,"gold_loss":70},{"cards_removed":["Pain"],"damage_healed":0,"gold_gain":0,"player_choice":"Removed Curses","damage_taken":0,"max_hp_gain":0,"max_hp_loss":0,"event_name":"Fountain of Cleansing","floor":21,"gold_loss":0},{"cards_removed":["Strike_B"],"damage_healed":0,"gold_gain":0,"player_choice":"Gave Gold","damage_taken":0,"max_hp_gain":0,"max_hp_loss":0,"event_name":"Beggar","floor":22,"gold_loss":75}],"is_beta":true,"boss_relics":[{"not_picked":["Runic Dome","Snecko Eye"],"picked":"Inserter"}],"items_purged_floors":[4],"is_endless":false,"potions_floor_spawned":[1,3,14,18,23],"killed_by":"Book of Stabbing","ascension_level":1}