{"gold_per_floor":[114,125,142,142,153,184,199,213,240,273,273,286,286,304,304,406,406,418,429,445,445,18,46,46,60,84,100,100,117,135,35,35,139,139,154,154,168,188,206,223,223,223,223,223,223,238,238,264,264,264],"floor_reached":50,"playtime":9789,"items_purged":["Pain","Strike_G"],"score":539,"play_id":"ceca7580-669e-446d-9945-1cfb070bf520","local_time":"20190731184900","is_ascension_mode":false,"campfire_choices":[{"floor":11.0,"key":"REST"},{"data":"Tools of the Trade","floor":13.0,"key":"SMITH"},{"floor":15.0,"key":"REST"},{"floor":24,"key":"REST"},{"floor":28,"key":"REST"},{"floor":32,"key":"REST"},{"floor":41,"key":"REST"},{"data":"Madness","floor":44,"key":"SMITH"},{"floor":47,"key":"REST"},{"floor":49,"key":"REST"}],"neow_cost":"NONE","seed_source_timestamp":0,"circlet_count":0,"master_deck":["Strike_G+1","Strike_G","Strike_G","Strike_G+1","Defend_G","Defend_G","Defend_G","Defend_G","Survivor","Neutralize","Tools of the Trade+1","Footwork","Leg Sweep","Terror","Burst","Skewer","Prepared","Riddle With Holes","After Image","Dagger Spray","Caltrops","Wraith Form v2","Crippling Poison","Deadly Poison+1","Poisoned Stab+1","Backflip","Bouncing Flask","Dash","Noxious Fumes+1","PiercingWail+1","Endless Agony","Deflect+1","A Thousand Cuts","Dodge and Roll+1","Thinking Ahead","PiercingWail+1","Infinite Blades","All Out Attack","All Out Attack+1","Madness","Madness+1","Outmaneuver+1","Heel Hook"],"special_seed":0,"relics":["Ring of the Serpent","WarpedTongs","Centennial Puzzle","Anchor","Bag of Preparation","Lizard Tail","Pantograph","Juzu Bracelet","Whetstone","Bottled Lightning","Bronze Scales"],"potions_floor_usage":[23,23,33,33,37,40,45,48],"damage_taken":[{"damage":0.0,"enemies":"2 Louse","floor":1.0,"turns":4.0},{"damage":0.0,"enemies":"Cultist","floor":2.0,"turns":5.0},{"damage":0.0,"enemies":"Jaw Worm","floor":3.0,"turns":7.0},{"damage":5.0,"enemies":"Red Slaver","floor":5.0,"turns":4.0},{"damage":9.0,"enemies":"Gremlin Nob","floor":6.0,"turns":4.0},{"damage":3.0,"enemies":"Looter","floor":7.0,"turns":4.0},{"damage":3.0,"enemies":"Gremlin Gang","floor":8.0,"turns":4.0},{"damage":8.0,"enemies":"3 Sentries","floor":10.0,"turns":8.0},{"damage":6.0,"enemies":"Exordium Wildlife","floor":12.0,"turns":7.0},{"damage":9.0,"enemies":"Red Slaver","floor":14.0,"turns":3.0},{"damage":19.0,"enemies":"The Guardian","floor":16.0,"turns":9.0},{"damage":9.0,"enemies":"Shell Parasite","floor":18.0,"turns":7.0},{"damage":17,"enemies":"Spheric Guardian","floor":19,"turns":9},{"damage":8,"enemies":"Cultist and Chosen","floor":20,"turns":7},{"damage":50,"enemies":"Slavers","floor":23,"turns":7},{"damage":7,"enemies":"Snecko","floor":25,"turns":5},{"damage":18,"enemies":"Snake Plant","floor":27,"turns":5},{"damage":6,"enemies":"Shelled Parasite and Fungi","floor":29,"turns":5},{"damage":12,"enemies":"3 Cultists","floor":30,"turns":4},{"damage":61,"enemies":"Automaton","floor":33,"turns":11},{"damage":6,"enemies":"3 Shapes","floor":35,"turns":5},{"damage":5,"enemies":"Orb Walker","floor":37,"turns":5},{"damage":7,"enemies":"3 Darklings","floor":38,"turns":7},{"damage":29,"enemies":"4 Shapes","floor":39,"turns":6},{"damage":0,"enemies":"Maw","floor":40,"turns":9},{"damage":0,"enemies":"Writhing Mass","floor":45,"turns":2},{"damage":8,"enemies":"4 Shapes","floor":46,"turns":4},{"damage":55,"enemies":"Giant Head","floor":48,"turns":13},{"damage":88,"enemies":"Donu and Deca","floor":50,"turns":8}],"seed_played":"-9149211169832777077","potions_obtained":[{"floor":3.0,"key":"Fire Potion"},{"floor":5.0,"key":"Explosive Potion"},{"floor":10.0,"key":"Energy Potion"},{"floor":12.0,"key":"EntropicBrew"},{"floor":14.0,"key":"Regen Potion"},{"floor":25,"key":"PowerPotion"},{"floor":30,"key":"Weak Potion"},{"floor":33,"key":"SmokeBomb"},{"floor":35,"key":"Dexterity Potion"},{"floor":37,"key":"LiquidBronze"},{"floor":39,"key":"Explosive Potion"}],"is_trial":false,"path_per_floor":["M","M","M","?","M","E","M","M","T","E","R","M","R","M","R","B",null,"M","M","M","?","$","E","R","M","T","M","R","M","M","$","R","B",null,"M","?","M","M","M","M","R","?","T","R","M","M","R","E","R","B"],"character_chosen":"THE_SILENT","items_purchased":["Backflip","Pantograph","Bouncing Flask"],"campfire_rested":8,"item_purchase_floors":[22,22,22],"current_hp_per_floor":[70,70,70,70,65,56,53,50,50,42,63,57,57,48,69,58,70,61,44,36,70,70,20,41,34,34,16,37,31,19,19,40,4,70,64,64,59,52,23,23,44,35,35,35,35,27,48,35,56,0],"gold":264,"neow_bonus":"TRANSFORM_CARD","is_prod":false,"is_daily":false,"chose_seed":false,"campfire_upgraded":2,"win_rate":0.0,"timestamp":1564566540,"path_taken":["M","M","M","?","M","E","?","M","T","E","R","M","R","M","R","BOSS","M","M","M","?","$","E","R","M","T","M","R","M","M","$","R","BOSS","M","?","M","M","M","M","R","?","T","R","M","M","R","E","R","BOSS"],"build_version":"2019-07-17","purchased_purges":2,"victory":false,"max_hp_per_floor":[70,70,70,70,70,70,70,70,70,70,70,70,70,70,70,70,70,70,70,70,70,70,70,70,70,70,70,70,70,70,70,70,70,70,70,70,70,70,70,70,70,70,70,70,70,70,70,70,70,70],"card_choices":[{"not_picked":["Prepared","Underhanded Strike"],"picked":"Footwork","floor":1.0},{"not_picked":["Poisoned Stab","Acrobatics"],"picked":"Leg Sweep","floor":2.0},{"not_picked":["Choke","Dagger Throw"],"picked":"Terror","floor":3.0},{"not_picked":["Deadly Poison","Flechettes"],"picked":"Burst","floor":5.0},{"not_picked":["Flying Knee","Poisoned Stab"],"picked":"Skewer","floor":6.0},{"not_picked":["Dodge and Roll","Underhanded Strike"],"picked":"Prepared","floor":7.0},{"not_picked":["Dagger Spray","Sucker Punch"],"picked":"Riddle With Holes","floor":8.0},{"not_picked":["Deadly Poison","Quick Slash"],"picked":"After Image","floor":10.0},{"not_picked":["Distraction","Sucker Punch"],"picked":"Dagger Spray","floor":12.0},{"not_picked":["Acrobatics","Dodge and Roll"],"picked":"Caltrops","floor":14.0},{"not_picked":["Unload","Envenom"],"picked":"Wraith Form v2","floor":16.0},{"not_picked":["Dagger Spray+1","Flechettes"],"picked":"Crippling Poison","floor":18},{"not_picked":["Dagger Spray","Predator"],"picked":"Deadly Poison+1","floor":19},{"not_picked":["Outmaneuver","Dagger Throw+1"],"picked":"Poisoned Stab+1","floor":20},{"not_picked":["Choke","Sucker Punch"],"picked":"Dash","floor":23},{"not_picked":["Malaise","Dagger Throw"],"picked":"Noxious Fumes+1","floor":25},{"not_picked":["Slice+1","Underhanded Strike"],"picked":"PiercingWail+1","floor":27},{"not_picked":["Dodge and Roll","Infinite Blades+1"],"picked":"Endless Agony","floor":29},{"not_picked":["Escape Plan","Malaise"],"picked":"Deflect+1","floor":30},{"not_picked":["Burst","Malaise"],"picked":"A Thousand Cuts","floor":33},{"not_picked":["Deflect+1","Skewer+1"],"picked":"Dodge and Roll+1","floor":35},{"not_picked":["Chrysalis","Transmutation"],"picked":"Thinking Ahead","floor":36},{"not_picked":["Deflect","Riddle With Holes"],"picked":"PiercingWail+1","floor":37},{"not_picked":["Slice","Endless Agony"],"picked":"Infinite Blades","floor":38},{"not_picked":["Choke","Reflex+1"],"picked":"All Out Attack","floor":39},{"not_picked":["Blade Dance","Burst"],"picked":"All Out Attack+1","floor":40},{"not_picked":["Poisoned Stab+1","Underhanded Strike+1"],"picked":"Outmaneuver+1","floor":46},{"not_picked":["Deflect+1","Tools of the Trade"],"picked":"Heel Hook","floor":48}],"player_experience":20812,"relics_obtained":[{"floor":6.0,"key":"Centennial Puzzle"},{"floor":9.0,"key":"Anchor"},{"floor":10.0,"key":"Bag of Preparation"},{"floor":23,"key":"Juzu Bracelet"},{"floor":26,"key":"Whetstone"},{"floor":43,"key":"Bottled Lightning"},{"floor":48,"key":"Bronze Scales"}],"event_choices":[{"damage_healed":0.0,"max_hp_gain":0.0,"max_hp_loss":0.0,"gold_gain":0.0,"event_name":"Accursed Blacksmith","player_choice":"Rummage","floor":4.0,"gold_loss":0.0,"damage_taken":0.0,"relics_obtained":["WarpedTongs"],"cards_obtained":["Pain"]},{"damage_healed":34,"gold_gain":0,"player_choice":"Full Heal","damage_taken":0,"max_hp_gain":0,"max_hp_loss":0,"event_name":"Wheel of Change","floor":21,"gold_loss":0},{"damage_healed":0,"gold_gain":0,"player_choice":"Memory 1","damage_taken":0,"max_hp_gain":0,"max_hp_loss":0,"event_name":"SensoryStone","floor":36,"gold_loss":0},{"damage_healed":0,"gold_gain":0,"player_choice":"Embrace Madness","damage_taken":9,"max_hp_gain":0,"max_hp_loss":0,"event_name":"Winding Halls","floor":42,"gold_loss":0,"cards_obtained":["Madness","Madness"]}],"is_beta":false,"boss_relics":[{"not_picked":["Fusion Hammer","Coffee Dripper"],"picked":"Lizard Tail"},{"not_picked":["WristBlade","Busted Crown"],"picked":"Ring of the Serpent"}],"items_purged_floors":[22,31],"is_endless":false,"potions_floor_spawned":[3,5,10,12,14,25,30,33,35,37,39],"killed_by":"Donu and Deca","ascension_level":0}