{"gold_per_floor":[114,128,4,23,43,72,72,102,102,102,119,119,138,165,165,260,260,271,271,371,383,383,418,438,471,471,80,98,98,110,130,130,233,233,252,266,266,286,11,44,44,44,44,54,79,79,79],"floor_reached":47,"playtime":2726,"items_purged":["Regret"],"score":676,"play_id":"a179e33a-3ee1-47e6-a708-e746eb79bb41","local_time":"20181227142348","is_ascension_mode":true,"campfire_choices":[{"data":"Defragment","floor":7,"key":"SMITH"},{"floor":12,"key":"REST"},{"data":"Loop","floor":15,"key":"SMITH"},{"data":"Seek","floor":29,"key":"SMITH"},{"floor":32,"key":"REST"},{"data":"Fission","floor":42,"key":"SMITH"}],"neow_cost":"CURSE","seed_source_timestamp":1179977726606436,"circlet_count":0,"master_deck":["Strike_B","Defend_B","Defend_B","Defend_B","Defend_B","Zap","Dualcast","BootSequence","Stack","Cold Snap","Streamline","Defragment+1","Ball Lightning","Cold Snap","Conserve Battery","Beam Cell","Loop+1","Seek+1","Static Discharge+1","Go for the Eyes+1","Biased Cognition+1","Cold Snap","Rebound","Turbo","Auto Shields","Magnetism+1","Trip","White Noise","Go for the Eyes+1","Fission+1","Leap+1","Steam+1","Hologram","Double Energy+1","Madness","Madness"],"relics":["Cracked Core","Letter Opener","Singing Bowl","FossilizedHelix","Nunchaku","Bag of Preparation","Astrolabe","Shovel","Frozen Egg 2","Bottled Flame","Anchor","Kunai","Calling Bell","Happy Flower","Meat on the Bone","WingedGreaves","ClockworkSouvenir","Juzu Bracelet","Dead Branch"],"potions_floor_usage":[5,6,20,20,20,23,24,30,33,33,40],"damage_taken":[{"damage":7,"enemies":"Small Slimes","floor":1,"turns":3},{"damage":1,"enemies":"Jaw Worm","floor":2,"turns":2},{"damage":0,"enemies":"2 Louse","floor":4,"turns":2},{"damage":0,"enemies":"Gremlin Gang","floor":5,"turns":4},{"damage":41,"enemies":"Gremlin Nob","floor":6,"turns":5},{"damage":18,"enemies":"Lagavulin","floor":8,"turns":5},{"damage":0,"enemies":"Looter","floor":11,"turns":3},{"damage":1,"enemies":"Exordium Thugs","floor":13,"turns":4},{"damage":0,"enemies":"3 Sentries","floor":14,"turns":5},{"damage":6,"enemies":"The Guardian","floor":16,"turns":12},{"damage":0,"enemies":"Chosen","floor":18,"turns":3},{"damage":0,"enemies":"Colosseum Slavers","floor":20,"turns":4},{"damage":8,"enemies":"Colosseum Nobs","floor":20,"turns":5},{"damage":0,"enemies":"2 Thieves","floor":21,"turns":5},{"damage":3,"enemies":"Gremlin Leader","floor":23,"turns":5},{"damage":0,"enemies":"3 Cultists","floor":24,"turns":8},{"damage":22,"enemies":"Slavers","floor":25,"turns":4},{"damage":0,"enemies":"Snecko","floor":28,"turns":8},{"damage":5,"enemies":"Chosen and Byrds","floor":30,"turns":6},{"damage":20,"enemies":"Shelled Parasite and Fungi","floor":31,"turns":5},{"damage":50,"enemies":"Collector","floor":33,"turns":10},{"damage":0,"enemies":"Orb Walker","floor":35,"turns":4},{"damage":50,"enemies":"3 Darklings","floor":36,"turns":6},{"damage":14,"enemies":"Jaw Worm Horde","floor":38,"turns":6},{"damage":11,"enemies":"Giant Head","floor":40,"turns":11},{"damage":6,"enemies":"Spire Growth","floor":44,"turns":4},{"damage":13,"enemies":"Nemesis","floor":45,"turns":9},{"damage":52,"enemies":"Reptomancer","floor":47,"turns":3}],"seed_played":"-8579523941685397842","potions_obtained":[{"floor":1,"key":"Dexterity Potion"},{"floor":2,"key":"Fire Potion"},{"floor":5,"key":"FearPotion"},{"floor":13,"key":"SteroidPotion"},{"floor":14,"key":"Dexterity Potion"},{"floor":20,"key":"Energy Potion"},{"floor":23,"key":"SkillPotion"},{"floor":25,"key":"Swift Potion"},{"floor":31,"key":"EssenceOfSteel"},{"floor":33,"key":"Dexterity Potion"},{"floor":35,"key":"SteroidPotion"},{"floor":36,"key":"SpeedPotion"},{"floor":45,"key":"FocusPotion"}],"is_trial":false,"path_per_floor":["M","M","$","M","M","E","R","E","T","?","M","R","M","E","R","B",null,"M","?","?","M","?","E","M","E","T","$","M","R","M","M","R","B",null,"M","M","?","M","$","E","?","R","T","M","E","?","E"],"character_chosen":"DEFECT","items_purchased":["Cold Snap","Magnetism+1","Trip","Fruit Juice","ClockworkSouvenir","Ancient Potion"],"campfire_rested":2,"item_purchase_floors":[3,27,27,27,39,39],"current_hp_per_floor":[82,81,81,81,81,40,40,22,22,10,10,36,35,35,35,29,89,91,91,83,83,65,64,64,42,42,42,44,44,44,24,55,5,105,105,55,55,53,53,56,56,56,56,64,63,49,0],"gold":79,"neow_bonus":"TWENTY_PERCENT_HP_BONUS","is_prod":false,"is_daily":false,"chose_seed":false,"campfire_upgraded":4,"win_rate":0,"timestamp":1545909828,"path_taken":["M","M","$","M","M","E","R","E","T","?","M","R","M","E","R","BOSS","M","?","?","M","?","E","M","E","T","$","M","R","M","M","R","BOSS","M","M","?","M","$","E","?","R","T","M","E","?","E"],"build_version":"2018-12-25","purchased_purges":1,"victory":false,"max_hp_per_floor":[89,89,89,89,89,89,89,89,89,89,89,89,89,89,89,89,89,91,91,91,91,96,98,98,98,98,98,100,100,105,105,105,105,105,105,105,105,105,105,107,107,107,107,109,109,109,109],"card_choices":[{"not_picked":["Turbo","Beam Cell"],"picked":"BootSequence","floor":1},{"not_picked":["Storm","Barrage"],"picked":"Stack","floor":2},{"not_picked":["FTL","Gash"],"picked":"Streamline","floor":4},{"not_picked":["Gash","Coolheaded"],"picked":"Defragment","floor":5},{"not_picked":["Barrage","Gash"],"picked":"Ball Lightning","floor":6},{"not_picked":["Rainbow","Leap"],"picked":"Cold Snap","floor":8},{"not_picked":["Redo","Blizzard"],"picked":"Conserve Battery","floor":11},{"not_picked":["All For One","Tempest"],"picked":"Beam Cell","floor":13},{"not_picked":["Leap","Beam Cell"],"picked":"Loop","floor":14},{"not_picked":["Thunder Strike","Meteor Strike"],"picked":"Seek","floor":16},{"not_picked":["Lockon+1","Beam Cell","Compile Driver"],"picked":"Singing Bowl","floor":18},{"not_picked":["Tempest","Loop"],"picked":"Leap","floor":20},{"not_picked":["Coolheaded","Sweeping Beam"],"picked":"Rebound","floor":21},{"not_picked":["Coolheaded+1","Chaos","Leap"],"picked":"Singing Bowl","floor":23},{"not_picked":["Leap","Recycle"],"picked":"Turbo","floor":24},{"not_picked":["Hello World+1","Skim"],"picked":"Auto Shields","floor":25},{"not_picked":["Gash","Machine Learning+1","Conserve Battery"],"picked":"Singing Bowl","floor":28},{"not_picked":["Melter","Auto Shields+1"],"picked":"White Noise","floor":30},{"not_picked":["Barrage","Recycle"],"picked":"Go for the Eyes+1","floor":31},{"not_picked":["Machine Learning+1","Biased Cognition+1"],"picked":"Fission","floor":33},{"not_picked":["Redo+1","Machine Learning+1"],"picked":"Leap+1","floor":35},{"not_picked":["Go for the Eyes","Loop+1"],"picked":"Steam+1","floor":36},{"not_picked":["Sunder+1","Cold Snap+1"],"picked":"Hologram","floor":38},{"not_picked":["Auto Shields","Sunder","Stack+1"],"picked":"Singing Bowl","floor":40},{"not_picked":["Rebound+1","Cold Snap+1","Steam"],"picked":"Singing Bowl","floor":44},{"not_picked":["Storm+1","Streamline"],"picked":"Double Energy+1","floor":45}],"player_experience":1020030,"relics_obtained":[{"floor":6,"key":"Letter Opener"},{"floor":8,"key":"Singing Bowl"},{"floor":9,"key":"FossilizedHelix"},{"floor":14,"key":"Bag of Preparation"},{"floor":20,"key":"Shovel"},{"floor":20,"key":"Frozen Egg 2"},{"floor":23,"key":"Bottled Flame"},{"floor":25,"key":"Anchor"},{"floor":26,"key":"Kunai"},{"floor":34,"key":"Happy Flower"},{"floor":34,"key":"Meat on the Bone"},{"floor":34,"key":"WingedGreaves"},{"floor":40,"key":"Juzu Bracelet"},{"floor":45,"key":"Dead Branch"}],"event_choices":[{"damage_healed":0,"gold_gain":0,"player_choice":"Success","damage_taken":12,"relics_obtained":["Nunchaku"],"max_hp_gain":0,"max_hp_loss":0,"event_name":"Scrap Ooze","floor":10,"gold_loss":0},{"damage_healed":0,"gold_gain":0,"player_choice":"Read","damage_taken":0,"max_hp_gain":0,"max_hp_loss":0,"event_name":"The Library","floor":19,"gold_loss":0,"cards_obtained":["Cold Snap"]},{"damage_healed":0,"gold_gain":0,"player_choice":"Fight","damage_taken":0,"max_hp_gain":0,"max_hp_loss":0,"event_name":"Colosseum","floor":20,"gold_loss":0},{"damage_healed":0,"gold_gain":0,"player_choice":"Fought Nobs","damage_taken":0,"max_hp_gain":0,"max_hp_loss":0,"event_name":"Colosseum","floor":20,"gold_loss":0},{"damage_healed":0,"gold_gain":0,"player_choice":"Shed Blood","damage_taken":23,"max_hp_gain":5,"max_hp_loss":0,"event_name":"Forgotten Altar","floor":22,"gold_loss":0},{"cards_removed":["Decay","Pain","Injury"],"damage_healed":0,"gold_gain":0,"player_choice":"Removed Curses","damage_taken":0,"max_hp_gain":0,"max_hp_loss":0,"event_name":"Fountain of Cleansing","floor":37,"gold_loss":0},{"cards_removed":["Leap"],"damage_healed":0,"gold_gain":0,"player_choice":"Removed Skill","damage_taken":0,"max_hp_gain":0,"max_hp_loss":0,"event_name":"Falling","floor":41,"gold_loss":0},{"damage_healed":0,"gold_gain":0,"player_choice":"Embrace Madness","damage_taken":14,"max_hp_gain":0,"max_hp_loss":0,"event_name":"Winding Halls","floor":46,"gold_loss":0,"cards_obtained":["Madness","Madness"]}],"is_beta":true,"boss_relics":[{"not_picked":["Nuclear Battery","Velvet Choker"],"picked":"Astrolabe"},{"not_picked":["Orrery","Empty Cage"],"picked":"Calling Bell"}],"items_purged_floors":[3],"is_endless":false,"potions_floor_spawned":[1,2,5,13,14,20,23,25,31,33,35,36,45],"killed_by":"Reptomancer","ascension_level":1}