{"gold_per_floor":[118,132,132,57,70,97,115,143,213,213,213,231,231,262,262,360,360,376,356,11,28,28,54,54,82,82,82,93,93,126,137,137,242,242,258,133,148,0,19,19,47,64,91,104,119,131,143,153,153,153],"floor_reached":50,"playtime":3391,"items_purged":["Regret","Strike_R","Strike_R"],"score":658,"play_id":"59a9b305-8e48-4684-9d77-5bae1d03d2c7","local_time":"20190719040002","is_ascension_mode":false,"campfire_choices":[{"data":"Armaments","floor":10.0,"key":"SMITH"},{"data":"Flame Barrier","floor":13.0,"key":"SMITH"},{"floor":15.0,"key":"REST"},{"floor":27.0,"key":"REST"},{"data":"Dual Wield","floor":29.0,"key":"SMITH"},{"floor":32.0,"key":"REST"},{"data":"Demon Form","floor":40.0,"key":"SMITH"},{"floor":49.0,"key":"REST"}],"neow_cost":"NONE","seed_source_timestamp":186648846907244,"circlet_count":0,"master_deck":["Strike_R","Strike_R","Strike_R","Defend_R","Defend_R","Defend_R","Defend_R","Bash","Blind","Whirlwind","Heavy Blade","Flame Barrier+1","Armaments+1","Dual Wield+1","Thunderclap","Shrug It Off","Shockwave","Demon Form+1","Anger+1","Sword Boomerang+1","Immolate","Shrug It Off+1","Anger+1","Anger+1","Havoc+1","Searing Blow+1"],"special_seed":0,"relics":["Black Blood","Bag of Preparation","Thread and Needle","Regal Pillow","Mummified Hand","Pear","Busted Crown","Bottled Flame","MutagenicStrength","Vajra","Turnip","Dream Catcher","Strawberry","Red Mask","Bag of Marbles","Omamori"],"potions_floor_usage":[50],"damage_taken":[{"damage":13.0,"enemies":"Jaw Worm","floor":1.0,"turns":4.0},{"damage":4.0,"enemies":"2 Louse","floor":2.0,"turns":3.0},{"damage":0.0,"enemies":"Cultist","floor":5.0,"turns":3.0},{"damage":22.0,"enemies":"Gremlin Nob","floor":6.0,"turns":4.0},{"damage":6.0,"enemies":"2 Fungi Beasts","floor":7.0,"turns":3.0},{"damage":23.0,"enemies":"3 Sentries","floor":8.0,"turns":7.0},{"damage":0.0,"enemies":"Large Slime","floor":12.0,"turns":5.0},{"damage":26.0,"enemies":"Lagavulin","floor":14.0,"turns":9.0},{"damage":73.0,"enemies":"Hexaghost","floor":16.0,"turns":14.0},{"damage":15.0,"enemies":"Shell Parasite","floor":18.0,"turns":7.0},{"damage":10.0,"enemies":"2 Thieves","floor":19.0,"turns":4.0},{"damage":18.0,"enemies":"Sentry and Sphere","floor":21.0,"turns":6.0},{"damage":35.0,"enemies":"Slavers","floor":23.0,"turns":6.0},{"damage":7.0,"enemies":"Book of Stabbing","floor":25.0,"turns":6.0},{"damage":0.0,"enemies":"Snecko","floor":28.0,"turns":3.0},{"damage":53.0,"enemies":"Gremlin Leader","floor":30.0,"turns":7.0},{"damage":10.0,"enemies":"Centurion and Healer","floor":31.0,"turns":7.0},{"damage":0.0,"enemies":"Champ","floor":33.0,"turns":8.0},{"damage":29.0,"enemies":"3 Shapes","floor":35.0,"turns":4.0},{"damage":27.0,"enemies":"3 Darklings","floor":37.0,"turns":6.0},{"damage":4.0,"enemies":"Transient","floor":39.0,"turns":5.0},{"damage":69.0,"enemies":"Nemesis","floor":41.0,"turns":7.0},{"damage":15.0,"enemies":"Spire Growth","floor":42.0,"turns":5.0},{"damage":19.0,"enemies":"4 Shapes","floor":44.0,"turns":3.0},{"damage":3.0,"enemies":"Jaw Worm Horde","floor":45.0,"turns":3.0},{"damage":17.0,"enemies":"Writhing Mass","floor":46.0,"turns":5.0},{"damage":0.0,"enemies":"Maw","floor":47.0,"turns":5.0},{"damage":1.0,"enemies":"Sphere and 2 Shapes","floor":48.0,"turns":4.0},{"damage":88,"enemies":"Awakened One","floor":50,"turns":11}],"seed_played":"-4298552631107959339","potions_obtained":[{"floor":1.0,"key":"Weak Potion"},{"floor":2.0,"key":"SteroidPotion"},{"floor":6.0,"key":"AttackPotion"},{"floor":7.0,"key":"Regen Potion"},{"floor":8.0,"key":"Weak Potion"},{"floor":18.0,"key":"Fire Potion"},{"floor":23.0,"key":"Regen Potion"},{"floor":28.0,"key":"LiquidBronze"},{"floor":30.0,"key":"EntropicBrew"},{"floor":46.0,"key":"EssenceOfSteel"},{"floor":47.0,"key":"Explosive Potion"}],"is_trial":false,"path_per_floor":["M","M","?","$","M","E","M","E","T","R","?","M","R","E","R","B",null,"M","M","$","M","?","E","$","E","T","R","M","R","E","M","R","B",null,"M","$","M","?","M","R","E","M","T","M","M","M","M","M","R","B"],"character_chosen":"IRONCLAD","items_purchased":["Bottled Flame"],"campfire_rested":4,"item_purchase_floors":[20],"current_hp_per_floor":[73,75,75,75,80,64,64,47,47,47,47,53,53,43,85,18,90,81,77,77,65,65,36,36,35,35,77,83,83,43,39,83,89,97,78,78,61,61,67,67,28,23,23,14,21,14,24,33,77,0],"gold":153,"neow_bonus":"RANDOM_COLORLESS","is_prod":false,"is_daily":false,"chose_seed":false,"campfire_upgraded":4,"win_rate":0,"timestamp":1563534002,"path_taken":["M","M","?","$","M","E","M","E","T","R","?","?","R","E","R","BOSS","M","M","$","M","?","E","$","E","T","R","M","R","E","M","R","BOSS","M","$","M","?","M","R","E","M","T","M","M","M","M","M","R","BOSS"],"build_version":"2019-07-18","purchased_purges":3,"victory":false,"max_hp_per_floor":[80,80,80,80,80,80,80,80,80,80,80,80,80,90,90,90,90,90,90,90,90,90,90,90,90,90,90,90,90,97,97,97,97,97,97,97,97,97,97,97,97,97,97,97,97,97,97,97,97,97],"card_choices":[{"not_picked":["Second Wind","Evolve"],"picked":"Whirlwind","floor":1.0},{"not_picked":["Blood for Blood","Hemokinesis"],"picked":"Heavy Blade","floor":2.0},{"not_picked":["Sword Boomerang","Iron Wave"],"picked":"Flame Barrier","floor":5.0},{"not_picked":["Clothesline","Rage"],"picked":"Armaments","floor":6.0},{"not_picked":["Pummel","Pommel Strike"],"picked":"Dual Wield","floor":7.0},{"not_picked":["Rage","Dual Wield"],"picked":"Thunderclap","floor":8.0},{"not_picked":["Rage","Twin Strike"],"picked":"Shrug It Off","floor":12.0},{"not_picked":["Havoc","True Grit"],"picked":"Shockwave","floor":14.0},{"not_picked":["Dark Embrace","Fiend Fire"],"picked":"Demon Form","floor":16.0},{"not_picked":[],"picked":"Anger+1","floor":18.0},{"not_picked":["Clash"],"picked":"SKIP","floor":19.0},{"not_picked":["Perfected Strike"],"picked":"SKIP","floor":21.0},{"not_picked":["Shrug It Off"],"picked":"SKIP","floor":23.0},{"not_picked":["Clash"],"picked":"SKIP","floor":25.0},{"not_picked":[],"picked":"Sword Boomerang+1","floor":28.0},{"not_picked":["Metallicize"],"picked":"SKIP","floor":30.0},{"not_picked":["Havoc"],"picked":"SKIP","floor":31.0},{"not_picked":[],"picked":"Immolate","floor":33.0},{"not_picked":[],"picked":"Shrug It Off+1","floor":35.0},{"not_picked":["Sentinel+1"],"picked":"SKIP","floor":37.0},{"not_picked":["Armaments"],"picked":"SKIP","floor":39.0},{"not_picked":["Heavy Blade"],"picked":"SKIP","floor":41.0},{"not_picked":[],"picked":"Anger+1","floor":42.0},{"not_picked":[],"picked":"Anger+1","floor":44.0},{"not_picked":["Havoc"],"picked":"SKIP","floor":45.0},{"not_picked":[],"picked":"Havoc+1","floor":46.0},{"not_picked":["Anger"],"picked":"SKIP","floor":47.0},{"not_picked":["Cleave+1"],"picked":"SKIP","floor":48.0},{"not_picked":[],"picked":"Searing Blow+1","floor":49.0}],"player_experience":1128674,"relics_obtained":[{"floor":6.0,"key":"Thread and Needle"},{"floor":8.0,"key":"Regal Pillow"},{"floor":9.0,"key":"Mummified Hand"},{"floor":14.0,"key":"Pear"},{"floor":23.0,"key":"Vajra"},{"floor":25.0,"key":"Turnip"},{"floor":26.0,"key":"Dream Catcher"},{"floor":30.0,"key":"Strawberry"},{"floor":41.0,"key":"Bag of Marbles"},{"floor":43.0,"key":"Omamori"}],"event_choices":[{"damage_healed":0.0,"max_hp_gain":0.0,"max_hp_loss":0.0,"gold_gain":0.0,"event_name":"Big Fish","player_choice":"Box","floor":3.0,"gold_loss":0.0,"damage_taken":0.0,"relics_obtained":["Bag of Preparation"],"cards_obtained":["Regret"]},{"damage_healed":0.0,"max_hp_gain":0.0,"max_hp_loss":0.0,"gold_gain":0.0,"event_name":"The Woman in Blue","player_choice":"Bought 0 Potions","floor":11.0,"gold_loss":0.0,"damage_taken":0.0},{"damage_healed":0.0,"max_hp_gain":0.0,"max_hp_loss":0.0,"gold_gain":0.0,"event_name":"Drug Dealer","player_choice":"Inject Mutagens","floor":22.0,"gold_loss":0.0,"damage_taken":0.0,"relics_obtained":["MutagenicStrength"]},{"damage_healed":0.0,"max_hp_gain":0.0,"max_hp_loss":0.0,"gold_gain":0.0,"event_name":"Tomb of Lord Red Mask","player_choice":"Paid","floor":38.0,"gold_loss":148.0,"damage_taken":0.0,"relics_obtained":["Red Mask"]}],"is_beta":true,"boss_relics":[{"not_picked":["Mark of Pain","Runic Pyramid"],"picked":"Busted Crown"},{"not_picked":["White Beast Statue","Astrolabe"],"picked":"Black Blood"}],"items_purged_floors":[4,20,36],"is_endless":false,"potions_floor_spawned":[1,2,6,7,8,18,23,28,30,39,46,47],"killed_by":"Awakened One","ascension_level":0}