{"gold_per_floor":[20,295,42,52,52,52,127,152,199,199,227,227,239,252,252,351,351,368,385,385,396,68,99,99,124,124,139,139,170,10,38,38,133,133,149,149,249,249,249,282,282,292,292,292,309,309,339,357,357,357,357,357,65,97,97],"floor_reached":56,"playtime":3362,"items_purged":["Regret"],"score":1468,"play_id":"d6cde0ef-c6e5-4638-942a-e6d94048b7da","local_time":"20190711080719","is_ascension_mode":true,"campfire_choices":[{"data":"Apotheosis","floor":6.0,"key":"SMITH"},{"floor":10.0,"key":"RECALL"},{"floor":12.0,"key":"REST"},{"floor":15.0,"key":"REST"},{"floor":24.0,"key":"REST"},{"floor":28.0,"key":"REST"},{"data":"Master of Strategy","floor":32.0,"key":"SMITH"},{"data":"Master of Strategy","floor":41.0,"key":"SMITH"},{"floor":44.0,"key":"REST"},{"data":"After Image","floor":46.0,"key":"SMITH"},{"data":"Prepared","floor":49.0,"key":"SMITH"},{"data":"Concentrate","floor":52.0,"key":"SMITH"}],"neow_cost":"NO_GOLD","seed_source_timestamp":0,"circlet_count":0,"master_deck":["Survivor+1","Neutralize","Die Die Die","Crippling Poison","Apotheosis+1","Acrobatics","Blade Dance","Dash","Poisoned Stab+1","Corpse Explosion","Footwork","Slice","Prepared+1","Venomology","Concentrate+1","Blade Dance","Dagger Spray","Reflex","Well Laid Plans","Slice+1","Dodge and Roll+1","Master of Strategy+1","Die Die Die","Good Instincts","Footwork","Corpse Explosion","Night Terror","Deflect","Master of Strategy+1","Blind","Dark Shackles","After Image+1","Tactician+1","Cloak And Dagger","Footwork"],"special_seed":0,"relics":["Ring of the Snake","Strawberry","War Paint","Pen Nib","Pandora\u0027s Box","Bronze Scales","WingedGreaves","Letter Opener","Matryoshka","Whetstone","Meat on the Bone","Runic Pyramid","FossilizedHelix","Blue Candle","Centennial Puzzle","Oddly Smooth Stone","Art of War","Happy Flower"],"potions_floor_usage":[55,55,55,55],"damage_taken":[{"damage":0.0,"enemies":"2 Louse","floor":1.0,"turns":1.0},{"damage":0.0,"enemies":"Cultist","floor":4.0,"turns":3.0},{"damage":16.0,"enemies":"Gremlin Nob","floor":8.0,"turns":4.0},{"damage":11.0,"enemies":"Lagavulin","floor":11.0,"turns":6.0},{"damage":0.0,"enemies":"Jaw Worm","floor":13.0,"turns":4.0},{"damage":0.0,"enemies":"2 Fungi Beasts","floor":14.0,"turns":2.0},{"damage":51.0,"enemies":"Slime Boss","floor":16.0,"turns":14.0},{"damage":0.0,"enemies":"Chosen","floor":18.0,"turns":4.0},{"damage":14.0,"enemies":"2 Thieves","floor":19.0,"turns":3.0},{"damage":8.0,"enemies":"Shelled Parasite and Fungi","floor":21.0,"turns":5.0},{"damage":0.0,"enemies":"Gremlin Leader","floor":23.0,"turns":9.0},{"damage":15.0,"enemies":"Book of Stabbing","floor":25.0,"turns":5.0},{"damage":0.0,"enemies":"Cultist and Chosen","floor":27.0,"turns":4.0},{"damage":22.0,"enemies":"Slavers","floor":29.0,"turns":2.0},{"damage":0.0,"enemies":"Gremlin Leader","floor":31.0,"turns":5.0},{"damage":31.0,"enemies":"Collector","floor":33.0,"turns":8.0},{"damage":5.0,"enemies":"3 Shapes","floor":35.0,"turns":5.0},{"damage":0.0,"enemies":"Mind Bloom Boss Battle","floor":37.0,"turns":9.0},{"damage":37.0,"enemies":"Giant Head","floor":40.0,"turns":13.0},{"damage":0.0,"enemies":"3 Darklings","floor":42.0,"turns":3.0},{"damage":0.0,"enemies":"Jaw Worm Horde","floor":45.0,"turns":2.0},{"damage":0.0,"enemies":"Nemesis","floor":47.0,"turns":9.0},{"damage":0.0,"enemies":"Maw","floor":48.0,"turns":8.0},{"damage":29.0,"enemies":"Donu and Deca","floor":50.0,"turns":9.0},{"damage":0.0,"enemies":"Shield and Spear","floor":54.0,"turns":6.0},{"damage":49,"enemies":"The Heart","floor":55,"turns":13}],"seed_played":"8557335785899926150","potions_obtained":[{"floor":1.0,"key":"Swift Potion"},{"floor":13.0,"key":"Ancient Potion"},{"floor":23.0,"key":"Fire Potion"},{"floor":35.0,"key":"Strength Potion"},{"floor":37.0,"key":"SkillPotion"},{"floor":42.0,"key":"Energy Potion"}],"is_trial":false,"path_per_floor":["?","M","$","?","?","$","?","?","?","M"],"character_chosen":"THE_SILENT","items_purchased":["Apotheosis","Bronze Scales","Master of Strategy","Good Instincts","Footwork","Cloak And Dagger","Art of War","Poison Potion","PowerPotion"],"campfire_rested":5,"item_purchase_floors":[3,22,22,30,30,53,53,53,53],"current_hp_per_floor":[70,70,70,70,70,70,59,50,50,50,39,62,62,62,77,26,77,77,63,63,55,55,55,77,62,62,62,77,55,55,55,55,36,77,72,62,62,62,62,37,37,49,49,72,72,72,72,72,72,43,77,77,77,77,40],"gold":97,"neow_bonus":"THREE_RARE_CARDS","is_prod":false,"is_daily":false,"chose_seed":false,"campfire_upgraded":6,"win_rate":0,"timestamp":1562825239,"path_taken":["M","?","$","?","?","R","?","E","T","R","E","R","M","M","R","BOSS","M","M","?","M","$","E","R","E","T","M","R","E","?","E","R","BOSS","M","?","?","?","$","E","R","?","T","R","M","R","E","M","R","BOSS","R","$","E","BOSS"],"build_version":"2019-01-23","purchased_purges":1,"victory":true,"max_hp_per_floor":[70,70,70,70,70,70,70,77,77,77,77,77,77,77,77,77,77,77,77,77,77,77,77,77,77,77,77,77,77,77,77,77,77,77,77,77,77,77,77,77,77,77,77,77,77,77,77,77,77,77,77,77,77,77,77],"card_choices":[{"not_picked":["Malaise","Night Terror"],"picked":"Die Die Die","floor":0.0},{"not_picked":["Outmaneuver","Masterful Stab"],"picked":"Crippling Poison","floor":1.0},{"not_picked":["Deflect","Underhanded Strike"],"picked":"Acrobatics","floor":4.0},{"not_picked":["Acrobatics","Quick Slash"],"picked":"Blade Dance","floor":8.0},{"not_picked":["Quick Slash","Predator"],"picked":"Dash","floor":11.0},{"not_picked":["Unload","Masterful Stab"],"picked":"Poisoned Stab","floor":13.0},{"not_picked":["Dagger Throw","Riddle With Holes","Underhanded Strike"],"picked":"SKIP","floor":14.0},{"not_picked":["Envenom","Glass Knife"],"picked":"Corpse Explosion","floor":16.0},{"not_picked":["Concentrate+1","Slice","Escape Plan+1"],"picked":"SKIP","floor":18.0},{"not_picked":["Masterful Stab","Sucker Punch"],"picked":"Dodge and Roll+1","floor":19.0},{"not_picked":["Heel Hook","Poisoned Stab","Outmaneuver"],"picked":"SKIP","floor":21.0},{"not_picked":["Dagger Spray","Venomology","Backstab"],"picked":"SKIP","floor":23.0},{"not_picked":["Underhanded Strike","Slice"],"picked":"Die Die Die","floor":25.0},{"not_picked":["Dodge and Roll","Heel Hook","Endless Agony"],"picked":"SKIP","floor":27.0},{"not_picked":["Deadly Poison","Acrobatics","Dagger Throw"],"picked":"SKIP","floor":29.0},{"not_picked":["Sucker Punch","Venomology"],"picked":"Corpse Explosion","floor":31.0},{"not_picked":["A Thousand Cuts","Burst"],"picked":"Night Terror","floor":33.0},{"not_picked":["Blade Dance+1","Quick Slash+1"],"picked":"Deflect","floor":35.0},{"not_picked":["Impatience","Bandage Up"],"picked":"Master of Strategy","floor":36.0},{"not_picked":["Forethought","Mayhem"],"picked":"Blind","floor":36.0},{"not_picked":["Master of Strategy","Discovery"],"picked":"Dark Shackles","floor":36.0},{"not_picked":["Blade Dance+1","Prepared","Endless Agony"],"picked":"SKIP","floor":40.0},{"not_picked":["Sucker Punch+1","Catalyst","Deadly Poison+1"],"picked":"SKIP","floor":42.0},{"not_picked":["Concentrate","Bane+1"],"picked":"After Image","floor":45.0},{"not_picked":["Underhanded Strike","Acrobatics+1"],"picked":"Tactician+1","floor":47.0},{"not_picked":["Masterful Stab+1","Distraction","Blade Dance"],"picked":"SKIP","floor":48.0},{"not_picked":["Eviscerate+1","Distraction"],"picked":"Footwork","floor":54.0}],"player_experience":1012618,"relics_obtained":[{"floor":8.0,"key":"Strawberry"},{"floor":9.0,"key":"War Paint"},{"floor":11.0,"key":"Pen Nib"},{"floor":23.0,"key":"WingedGreaves"},{"floor":25.0,"key":"Letter Opener"},{"floor":26.0,"key":"Matryoshka"},{"floor":29.0,"key":"Whetstone"},{"floor":31.0,"key":"Meat on the Bone"},{"floor":37.0,"key":"FossilizedHelix"},{"floor":40.0,"key":"Blue Candle"},{"floor":43.0,"key":"Centennial Puzzle"},{"floor":47.0,"key":"Oddly Smooth Stone"},{"floor":54.0,"key":"Happy Flower"}],"event_choices":[{"damage_healed":0.0,"max_hp_gain":0.0,"max_hp_loss":0.0,"gold_gain":275.0,"event_name":"Golden Shrine","player_choice":"Desecrate","floor":2.0,"gold_loss":0.0,"damage_taken":0.0,"cards_obtained":["Regret"]},{"damage_healed":0.0,"max_hp_gain":0.0,"max_hp_loss":0.0,"gold_gain":75.0,"event_name":"World of Goop","player_choice":"Gather Gold","floor":7.0,"gold_loss":0.0,"damage_taken":11.0},{"damage_healed":0.0,"max_hp_gain":0.0,"max_hp_loss":0.0,"gold_gain":0.0,"event_name":"The Woman in Blue","player_choice":"Bought 0 Potions","floor":20.0,"gold_loss":0.0,"damage_taken":0.0},{"damage_healed":0.0,"max_hp_gain":0.0,"max_hp_loss":0.0,"gold_gain":0.0,"event_name":"SensoryStone","player_choice":"Memory 3","floor":36.0,"gold_loss":0.0,"damage_taken":10.0},{"damage_healed":0.0,"max_hp_gain":0.0,"max_hp_loss":0.0,"gold_gain":0.0,"event_name":"MindBloom","player_choice":"Fight","floor":37.0,"gold_loss":0.0,"damage_taken":0.0},{"damage_healed":0.0,"max_hp_gain":0.0,"max_hp_loss":0.0,"gold_gain":0.0,"event_name":"Mysterious Sphere","player_choice":"Ignored","floor":38.0,"gold_loss":0.0,"damage_taken":0.0}],"is_beta":false,"boss_relics":[{"not_picked":["Empty Cage","Cursed Key"],"picked":"Pandora\u0027s Box"},{"not_picked":["Ring of the Serpent","WristBlade"],"picked":"Runic Pyramid"}],"items_purged_floors":[3],"is_endless":false,"potions_floor_spawned":[1,13,21,23,25,35,37,42,54],"ascension_level":1}