{"gold_per_floor":[117,117,128,21,21,21,46,46,46,65,90,100,118,133,133,238,238,258,278,297,297,312,312,368,368,395,395,395,424,82,114,126,243,255,284,296,323,335,361,399,411,458,470,509,521,550,562,590,602,614,626,638,255,285,285],"floor_reached":56,"playtime":2371,"items_purged":["Strike_G+1","Strike_G+1"],"score":1483,"play_id":"dcfeba04-61d1-44f7-9df0-61f3755bb590","local_time":"20190705133811","is_ascension_mode":true,"campfire_choices":[{"data":"Neutralize","floor":6,"key":"SMITH"},{"data":"Noxious Fumes","floor":8,"key":"SMITH"},{"data":"Footwork","floor":15,"key":"SMITH"},{"data":"Corpse Explosion","floor":23,"key":"SMITH"},{"data":"Well Laid Plans","floor":25,"key":"SMITH"},{"data":"Deadly Poison","floor":28,"key":"SMITH"},{"data":"Noxious Fumes","floor":32,"key":"SMITH"},{"floor":41,"key":"RECALL"},{"data":"Burst","floor":45,"key":"SMITH"},{"data":"Leg Sweep","floor":49,"key":"SMITH"},{"data":"Malaise","floor":52,"key":"SMITH"}],"neow_cost":"PERCENT_DAMAGE","seed_source_timestamp":18391470696002,"circlet_count":0,"master_deck":["Defend_G+1","Defend_G+1","Defend_G+1","Defend_G+1","Defend_G+1","Strike_G+1","Survivor","Neutralize+1","Leg Sweep+1","Deadly Poison","Noxious Fumes+1","Masterful Stab","Malaise+1","Flying Knee","Dash","Dodge and Roll","Footwork+1","Corpse Explosion+1","Endless Agony+1","Deadly Poison+1","Backflip","Deflect","Well Laid Plans+1","PiercingWail","Noxious Fumes+1","Burst+1","Dash+1","A Thousand Cuts","Acrobatics+1","Bouncing Flask+1","Catalyst+1","Noxious Fumes+1","Sadistic Nature","Footwork","Blur+1"],"relics":["Ring of the Snake","FaceOfCleric","Anchor","Matryoshka","Mercury Hourglass","Sozu","Tiny Chest","Dream Catcher","Dodecahedron","Membership Card","Happy Flower","MawBank","Cursed Key","Centennial Puzzle","Molten Egg 2","Letter Opener","Pantograph","ClockworkSouvenir","Snake Skull"],"potions_floor_usage":[7,54,55,55],"damage_taken":[{"damage":2,"enemies":"Jaw Worm","floor":1,"turns":9},{"damage":1,"enemies":"Cultist","floor":3,"turns":5},{"damage":10,"enemies":"3 Sentries","floor":7,"turns":8},{"damage":0,"enemies":"2 Louse","floor":10,"turns":2},{"damage":13,"enemies":"Gremlin Nob","floor":11,"turns":5},{"damage":0,"enemies":"Blue Slaver","floor":12,"turns":3},{"damage":5,"enemies":"Exordium Wildlife","floor":13,"turns":4},{"damage":0,"enemies":"3 Louse","floor":14,"turns":2},{"damage":3,"enemies":"Hexaghost","floor":16,"turns":9},{"damage":0,"enemies":"3 Byrds","floor":18,"turns":2},{"damage":0,"enemies":"Shell Parasite","floor":19,"turns":6},{"damage":0,"enemies":"Snake Plant","floor":20,"turns":5},{"damage":0,"enemies":"Sentry and Sphere","floor":22,"turns":4},{"damage":3,"enemies":"Book of Stabbing","floor":24,"turns":8},{"damage":14,"enemies":"Slavers","floor":29,"turns":4},{"damage":3,"enemies":"Book of Stabbing","floor":31,"turns":6},{"damage":6,"enemies":"Automaton","floor":33,"turns":9},{"damage":1,"enemies":"Orb Walker","floor":35,"turns":5},{"damage":2,"enemies":"3 Darklings","floor":37,"turns":2},{"damage":9,"enemies":"Sphere and 2 Shapes","floor":39,"turns":4},{"damage":0,"enemies":"Giant Head","floor":40,"turns":10},{"damage":8,"enemies":"Reptomancer","floor":42,"turns":8},{"damage":0,"enemies":"Giant Head","floor":44,"turns":9},{"damage":0,"enemies":"Transient","floor":46,"turns":5},{"damage":0,"enemies":"4 Shapes","floor":48,"turns":3},{"damage":4,"enemies":"Time Eater","floor":50,"turns":6},{"damage":7,"enemies":"Shield and Spear","floor":54,"turns":5},{"damage":32,"enemies":"The Heart","floor":55,"turns":7}],"seed_played":"7861215438252738808","potions_obtained":[{"floor":1,"key":"Explosive Potion"},{"floor":7,"key":"SkillPotion"},{"floor":12,"key":"Dexterity Potion"},{"floor":16,"key":"Swift Potion"}],"is_trial":false,"path_per_floor":["?","$","?","M","?","?","?","M","?","M","?"],"character_chosen":"THE_SILENT","items_purchased":["Noxious Fumes","Masterful Stab","Membership Card","Happy Flower","Noxious Fumes","Pantograph","ClockworkSouvenir","Sadistic Nature","Footwork"],"campfire_rested":0,"item_purchase_floors":[4,4,30,30,30,53,53,53,53],"current_hp_per_floor":[47,47,47,47,47,47,38,38,38,39,27,28,24,25,25,23,78,79,80,81,81,82,82,80,80,80,80,80,67,67,65,65,60,86,86,86,85,85,77,78,78,71,71,72,72,73,73,74,74,71,90,90,90,84,60],"gold":285,"neow_bonus":"REMOVE_TWO","is_prod":false,"is_daily":false,"chose_seed":false,"campfire_upgraded":10,"win_rate":0,"timestamp":1562326691,"path_taken":["M","?","M","?","?","R","E","R","T","M","E","?","M","M","R","BOSS","M","M","M","?","M","R","E","R","T","?","R","E","$","E","R","BOSS","M","?","?","?","?","E","R","E","T","E","R","M","?","M","R","BOSS","R","$","E","BOSS"],"build_version":"2019-01-23","purchased_purges":2,"victory":true,"max_hp_per_floor":[70,70,71,71,71,71,72,72,72,73,74,75,76,77,77,78,78,79,80,81,81,82,82,83,83,83,83,83,84,84,85,85,86,86,87,87,88,88,89,90,90,91,91,92,92,93,88,89,89,90,90,90,90,91,92],"card_choices":[{"not_picked":["Prepared","Poisoned Stab"],"picked":"Leg Sweep","floor":1},{"not_picked":["Cloak And Dagger","Reflex"],"picked":"Deadly Poison","floor":3},{"not_picked":["PiercingWail","Dodge and Roll"],"picked":"Malaise","floor":7},{"not_picked":["Underhanded Strike","Masterful Stab"],"picked":"Flying Knee","floor":10},{"not_picked":["Blur","Underhanded Strike"],"picked":"Dash","floor":11},{"not_picked":["Acrobatics","Flying Knee","Infinite Blades"],"picked":"SKIP","floor":12},{"not_picked":["Outmaneuver","Sucker Punch"],"picked":"Dodge and Roll","floor":13},{"not_picked":["Tactician","Sucker Punch"],"picked":"Footwork","floor":14},{"not_picked":["Doppelganger","A Thousand Cuts"],"picked":"Corpse Explosion","floor":16},{"not_picked":["Accuracy","Expertise"],"picked":"Endless Agony+1","floor":18},{"not_picked":["Bane","Cloak And Dagger"],"picked":"Deadly Poison","floor":19},{"not_picked":["Bane+1","Dagger Spray+1"],"picked":"Backflip","floor":20},{"not_picked":["Underhanded Strike","Choke+1"],"picked":"Deflect","floor":22},{"not_picked":["Masterful Stab+1","Flying Knee"],"picked":"Well Laid Plans","floor":24},{"not_picked":["Infinite Blades","Well Laid Plans"],"picked":"PiercingWail","floor":29},{"not_picked":["Grand Finale","Underhanded Strike","Dodge and Roll"],"picked":"SKIP","floor":31},{"not_picked":["Bullet Time","Phantasmal Killer"],"picked":"Burst","floor":33},{"not_picked":["Endless Agony","Predator","Reflex+1"],"picked":"SKIP","floor":35},{"not_picked":["Expertise","Deflect+1"],"picked":"Dash+1","floor":37},{"not_picked":["Heel Hook+1","Finisher","Endless Agony+1"],"picked":"SKIP","floor":39},{"not_picked":["Accuracy","Quick Slash"],"picked":"A Thousand Cuts","floor":40},{"not_picked":["Blur","Quick Slash+1"],"picked":"Acrobatics+1","floor":42},{"not_picked":["Flechettes+1","Dash+1"],"picked":"Bouncing Flask+1","floor":44},{"not_picked":["Backflip+1","Dagger Throw+1"],"picked":"Catalyst+1","floor":46},{"not_picked":["Masterful Stab+1","Predator+1"],"picked":"Noxious Fumes+1","floor":48},{"not_picked":["Flechettes+1","Prepared"],"picked":"Blur+1","floor":54}],"player_experience":969008,"relics_obtained":[{"floor":7,"key":"Anchor"},{"floor":9,"key":"Matryoshka"},{"floor":11,"key":"Mercury Hourglass"},{"floor":24,"key":"Tiny Chest"},{"floor":26,"key":"Dream Catcher"},{"floor":29,"key":"Dodecahedron"},{"floor":31,"key":"MawBank"},{"floor":40,"key":"Centennial Puzzle"},{"floor":42,"key":"Molten Egg 2"},{"floor":44,"key":"Letter Opener"},{"floor":54,"key":"Snake Skull"}],"event_choices":[{"damage_healed":0,"gold_gain":0,"player_choice":"Trade","damage_taken":0,"relics_obtained":["FaceOfCleric"],"max_hp_gain":0,"max_hp_loss":0,"event_name":"FaceTrader","floor":2,"gold_loss":0},{"damage_healed":0,"gold_gain":0,"player_choice":"Leave","damage_taken":0,"max_hp_gain":0,"max_hp_loss":0,"event_name":"The Cleric","floor":5,"gold_loss":0},{"damage_healed":0,"gold_gain":0,"player_choice":"Ignored","damage_taken":0,"max_hp_gain":0,"max_hp_loss":0,"event_name":"Vampires","floor":21,"gold_loss":0},{"damage_healed":0,"gold_gain":0,"player_choice":"Simplicity","damage_taken":0,"max_hp_gain":0,"max_hp_loss":0,"event_name":"Back to Basics","floor":27,"gold_loss":0,"cards_upgraded":["Defend_G","Defend_G","Defend_G","Defend_G","Defend_G","Strike_G","Strike_G","Strike_G"]},{"damage_healed":0,"gold_gain":0,"player_choice":"Ignored","damage_taken":0,"max_hp_gain":0,"max_hp_loss":0,"event_name":"NoteForYourself","floor":36,"gold_loss":0},{"damage_healed":0,"gold_gain":0,"player_choice":"Ignored","damage_taken":0,"max_hp_gain":0,"max_hp_loss":0,"event_name":"SecretPortal","floor":38,"gold_loss":0},{"damage_healed":0,"gold_gain":0,"player_choice":"Max HP","damage_taken":0,"max_hp_gain":0,"max_hp_loss":5,"event_name":"Winding Halls","floor":47,"gold_loss":0}],"is_beta":false,"boss_relics":[{"not_picked":["Runic Pyramid","Black Star"],"picked":"Sozu"},{"not_picked":["Snecko Eye","White Beast Statue"],"picked":"Cursed Key"}],"items_purged_floors":[30,53],"is_endless":false,"potions_floor_spawned":[1,7,12,16,18,31,33,39,40,44,48],"ascension_level":1}