{"gold_per_floor":[117,133,133,208,112,139,139,168,219,246,246,192,209,227,227,332,332,350,382,54,54,54,54],"floor_reached":23,"playtime":1762,"items_purged":[],"score":236,"play_id":"bfcf0b80-ea20-4f9c-8613-26c929de9061","local_time":"20190223120306","is_ascension_mode":true,"campfire_choices":[{"floor":7.0,"key":"REST"},{"floor":15.0,"key":"REST"}],"neow_cost":"NONE","seed_source_timestamp":0,"circlet_count":0,"master_deck":["Strike_R","Strike_R","Strike_R","Strike_R","Strike_R","Defend_R","Defend_R","Defend_R","Defend_R","Bash","Exhume","Twin Strike+1","Seeing Red","Dramatic Entrance+1","Feel No Pain","Reaper","Armaments","Shrug It Off","Anger","Anger","Double Tap","Armaments+1","Clothesline+1","Corruption"],"special_seed":0,"relics":["Burning Blood","Orichalcum","Pear","Whetstone","Ancient Tea Set","Bird Faced Urn","Runic Cube","Red Mask","Mercury Hourglass"],"potions_floor_usage":[],"damage_taken":[{"damage":0.0,"enemies":"Small Slimes","floor":1.0,"turns":3.0},{"damage":12.0,"enemies":"Jaw Worm","floor":2.0,"turns":3.0},{"damage":40.0,"enemies":"3 Sentries","floor":6.0,"turns":8.0},{"damage":45.0,"enemies":"Gremlin Nob","floor":8.0,"turns":5.0},{"damage":26.0,"enemies":"3 Sentries","floor":10.0,"turns":8.0},{"damage":0.0,"enemies":"2 Louse","floor":13.0,"turns":1.0},{"damage":13.0,"enemies":"Large Slime","floor":14.0,"turns":4.0},{"damage":54.0,"enemies":"The Guardian","floor":16.0,"turns":14.0},{"damage":54.0,"enemies":"Spheric Guardian","floor":18.0,"turns":10.0},{"damage":37.0,"enemies":"Masked Bandits","floor":19.0,"turns":5.0},{"damage":9.0,"enemies":"Colosseum Slavers","floor":22.0,"turns":2.0},{"damage":22,"enemies":"Gremlin Leader","floor":23,"turns":7}],"seed_played":"5385513407044003657","potions_obtained":[{"floor":1.0,"key":"PowerPotion"},{"floor":8.0,"key":"SpeedPotion"},{"floor":13.0,"key":"EntropicBrew"},{"floor":16.0,"key":"Strength Potion"},{"floor":18.0,"key":"AttackPotion"}],"is_trial":false,"path_per_floor":["M","M","?","?","$","E","R","E","T","E","T","$","M","M","R","B",null,"M","?","$","?","?","E"],"character_chosen":"IRONCLAD","items_purchased":["Dramatic Entrance","Shrug It Off","Corruption","Mercury Hourglass","Fire Potion"],"campfire_rested":2,"item_purchase_floors":[5,12,20,20,20],"current_hp_per_floor":[80,74,74,63,63,29,53,24,24,20,20,20,26,27,54,10,90,44,25,25,25,22,6],"gold":54,"neow_bonus":"ONE_RANDOM_RARE_CARD","is_prod":false,"is_daily":false,"chose_seed":false,"campfire_upgraded":0,"win_rate":0,"timestamp":1550952186,"path_taken":["M","M","?","?","$","E","R","E","T","E","?","$","M","M","R","BOSS","M","?","$","?","?","E"],"build_version":"2019-01-23","purchased_purges":0,"victory":false,"max_hp_per_floor":[80,80,80,80,80,80,80,90,90,90,90,90,90,90,90,90,90,90,90,90,90,90,90],"card_choices":[{"not_picked":["Dropkick","True Grit"],"picked":"Twin Strike","floor":1.0},{"not_picked":["Sword Boomerang","Battle Trance"],"picked":"Seeing Red","floor":2.0},{"not_picked":["Entrench","Cleave"],"picked":"Feel No Pain","floor":6.0},{"not_picked":["True Grit","Clash"],"picked":"Reaper","floor":8.0},{"not_picked":["Pommel Strike","Sentinel"],"picked":"Armaments","floor":10.0},{"not_picked":["Dual Wield","Entrench"],"picked":"Anger","floor":13.0},{"not_picked":["Pummel","Hemokinesis"],"picked":"Anger","floor":14.0},{"not_picked":["Dark Embrace","Immolate"],"picked":"Double Tap","floor":16.0},{"not_picked":["Havoc","Bloodletting"],"picked":"Armaments+1","floor":18.0},{"not_picked":["Clash","Sever Soul+1"],"picked":"Clothesline+1","floor":19.0}],"player_experience":66041,"relics_obtained":[{"floor":6.0,"key":"Orichalcum"},{"floor":8.0,"key":"Pear"},{"floor":9.0,"key":"Whetstone"},{"floor":10.0,"key":"Ancient Tea Set"},{"floor":11.0,"key":"Bird Faced Urn"},{"floor":19.0,"key":"Red Mask"}],"event_choices":[{"damage_healed":0.0,"max_hp_gain":0.0,"max_hp_loss":0.0,"gold_gain":0.0,"event_name":"Golden Wing","player_choice":"Ignored","floor":3.0,"gold_loss":0.0,"damage_taken":0.0},{"damage_healed":0.0,"max_hp_gain":0.0,"max_hp_loss":0.0,"gold_gain":75.0,"event_name":"World of Goop","player_choice":"Gather Gold","floor":4.0,"gold_loss":0.0,"damage_taken":11.0},{"damage_healed":0.0,"max_hp_gain":0.0,"max_hp_loss":0.0,"gold_gain":0.0,"event_name":"Masked Bandits","player_choice":"Fought Bandits","floor":19.0,"gold_loss":0.0,"damage_taken":0.0},{"damage_healed":0.0,"max_hp_gain":0.0,"max_hp_loss":0.0,"gold_gain":0.0,"event_name":"Beggar","player_choice":"Ignored","floor":21.0,"gold_loss":0.0,"damage_taken":0.0},{"damage_healed":0.0,"max_hp_gain":0.0,"max_hp_loss":0.0,"gold_gain":0.0,"event_name":"Colosseum","player_choice":"Fight","floor":22.0,"gold_loss":0.0,"damage_taken":0.0},{"damage_healed":0.0,"max_hp_gain":0.0,"max_hp_loss":0.0,"gold_gain":0.0,"event_name":"Colosseum","player_choice":"Fled From Nobs","floor":22.0,"gold_loss":0.0,"damage_taken":0.0}],"is_beta":false,"boss_relics":[{"not_picked":["Philosopher\u0027s Stone","Pandora\u0027s Box"],"picked":"Runic Cube"}],"items_purged_floors":[],"is_endless":false,"potions_floor_spawned":[1,8,13,14,16,18,22],"killed_by":"Gremlin Leader","ascension_level":3}