{"gold_per_floor":[119,119,138,156,32,67,67,86,134,144,174,174,191,208,208,309,309,319,335,335],"floor_reached":20,"playtime":1412,"items_purged":["Rupture"],"score":226,"play_id":"91b42a6a-3453-4f7e-a2da-a282458ed470","local_time":"20190407185112","is_ascension_mode":true,"campfire_choices":[{"floor":15.0,"key":"REST"}],"neow_cost":"NONE","seed_source_timestamp":0,"circlet_count":0,"master_deck":["Strike_R","Strike_R","Strike_R","Strike_R","Strike_R","Defend_R","Defend_R","Defend_R","Defend_R","Bash","Shrug It Off","Bash","Perfected Strike","Intimidate","Perfected Strike","Double Tap","Inflame","Armaments","Cleave","Limit Break","Whirlwind","Evolve","Perfected Strike","Disarm"],"special_seed":0,"relics":["Burning Blood","Bag of Preparation","Singing Bowl","PreservedInsect","Lantern","Orrery"],"potions_floor_usage":[19,20,20,20],"damage_taken":[{"damage":3.0,"enemies":"Jaw Worm","floor":1.0,"turns":5.0},{"damage":6.0,"enemies":"Cultist","floor":3.0,"turns":4.0},{"damage":10.0,"enemies":"Small Slimes","floor":4.0,"turns":4.0},{"damage":23.0,"enemies":"Lagavulin","floor":6.0,"turns":5.0},{"damage":6.0,"enemies":"Looter","floor":8.0,"turns":3.0},{"damage":4.0,"enemies":"2 Fungi Beasts","floor":10.0,"turns":4.0},{"damage":20.0,"enemies":"3 Sentries","floor":11.0,"turns":5.0},{"damage":17.0,"enemies":"Exordium Thugs","floor":13.0,"turns":5.0},{"damage":6.0,"enemies":"3 Louse","floor":14.0,"turns":3.0},{"damage":10.0,"enemies":"Slime Boss","floor":16.0,"turns":7.0},{"damage":55.0,"enemies":"Shell Parasite","floor":18.0,"turns":6.0},{"damage":38,"enemies":"3 Byrds","floor":19,"turns":7},{"damage":11,"enemies":"Cultist and Chosen","floor":20,"turns":4}],"seed_played":"-3848148138644004720","potions_obtained":[{"floor":3.0,"key":"EssenceOfSteel"},{"floor":4.0,"key":"Fire Potion"},{"floor":6.0,"key":"Weak Potion"},{"floor":16.0,"key":"SteroidPotion"},{"floor":18.0,"key":"SteroidPotion"},{"floor":19,"key":"Fire Potion"}],"is_trial":false,"path_per_floor":["M","?","M","M","$","E","$","M","T","M","E","?","M","M","R","B",null,"M","M","M"],"character_chosen":"IRONCLAD","items_purchased":["Perfected Strike"],"campfire_rested":1,"item_purchase_floors":[5],"current_hp_per_floor":[80,80,80,76,76,59,59,61,61,63,49,49,40,40,65,61,90,41,9,0],"gold":335,"neow_bonus":"RANDOM_COMMON_RELIC","is_prod":false,"is_daily":false,"chose_seed":false,"campfire_upgraded":0,"win_rate":0,"timestamp":1554688272,"path_taken":["M","?","M","?","$","E","?","M","T","M","E","?","M","M","R","BOSS","M","M","M"],"build_version":"2019-01-23","purchased_purges":1,"victory":false,"max_hp_per_floor":[80,80,80,80,80,80,80,82,82,82,82,82,84,84,84,84,90,90,90,90],"card_choices":[{"not_picked":["Wild Strike","Headbutt"],"picked":"Shrug It Off","floor":1.0},{"not_picked":["Body Slam","Iron Wave"],"picked":"Perfected Strike","floor":3.0},{"not_picked":["Fire Breathing","Iron Wave"],"picked":"Intimidate","floor":4.0},{"not_picked":["Clash","Intimidate"],"picked":"Double Tap","floor":6.0},{"not_picked":["Pummel","Clash","Combust"],"picked":"Singing Bowl","floor":8.0},{"not_picked":["Iron Wave","Carnage"],"picked":"Inflame","floor":10.0},{"not_picked":["Iron Wave","Cleave"],"picked":"Armaments","floor":11.0},{"not_picked":["Pummel","Blood for Blood","Iron Wave"],"picked":"Singing Bowl","floor":13.0},{"not_picked":["Carnage","Dropkick"],"picked":"Cleave","floor":14.0},{"not_picked":["Brutality","Feed"],"picked":"Limit Break","floor":16.0},{"not_picked":["Anger","Wild Strike"],"picked":"Whirlwind","floor":17.0},{"not_picked":["Warcry","Clothesline","Fire Breathing"],"picked":"Singing Bowl","floor":17.0},{"not_picked":["Clash","Twin Strike","Blood for Blood"],"picked":"Singing Bowl","floor":17.0},{"not_picked":["Havoc","Second Wind","Twin Strike"],"picked":"Singing Bowl","floor":17.0},{"not_picked":["Feel No Pain","Headbutt"],"picked":"Evolve","floor":17.0},{"not_picked":["Anger","Cleave"],"picked":"Perfected Strike","floor":18.0},{"not_picked":["Flex","Power Through+1"],"picked":"Disarm","floor":19}],"player_experience":89826,"relics_obtained":[{"floor":6.0,"key":"Singing Bowl"},{"floor":9.0,"key":"PreservedInsect"},{"floor":11.0,"key":"Lantern"}],"event_choices":[{"damage_healed":0.0,"max_hp_gain":0.0,"max_hp_loss":0.0,"gold_gain":0.0,"event_name":"Match and Keep!","player_choice":"2 cards matched","floor":2.0,"gold_loss":0.0,"damage_taken":0.0,"cards_obtained":["Bash","Rupture"]},{"damage_healed":0.0,"max_hp_gain":0.0,"max_hp_loss":0.0,"gold_gain":0.0,"event_name":"Golden Wing","player_choice":"Ignored","floor":12.0,"gold_loss":0.0,"damage_taken":0.0}],"is_beta":false,"boss_relics":[{"not_picked":["Coffee Dripper","Astrolabe"],"picked":"Orrery"}],"items_purged_floors":[5],"is_endless":false,"potions_floor_spawned":[3,4,6,16,18,19],"killed_by":"Cultist and Chosen","ascension_level":4}