{"gold_per_floor":[118,135,235,245,262,262,296,296,296,296,7,7,22,55,55,160,160,177,177,177,177,177,177,164,164,164,183,183,218,218,236,236,339,339,359,359,359],"floor_reached":38,"playtime":2115,"items_purged":[],"score":653,"play_id":"47cd1080-1855-4301-bd8f-6b7a3f765ef0","local_time":"20190606095308","is_ascension_mode":true,"campfire_choices":[{"data":"Deadly Poison","floor":6,"key":"SMITH"},{"floor":8,"key":"REST"},{"data":"Neutralize","floor":10,"key":"SMITH"},{"data":"Envenom","floor":15,"key":"SMITH"},{"data":"Blade Dance","floor":23,"key":"SMITH"},{"data":"Terror","floor":25,"key":"SMITH"},{"data":"Cloak And Dagger","floor":28,"key":"SMITH"},{"data":"Noxious Fumes","floor":30,"key":"SMITH"},{"data":"Storm of Steel","floor":32,"key":"SMITH"}],"neow_cost":"PERCENT_DAMAGE","seed_source_timestamp":4191962496638,"circlet_count":0,"master_deck":["Defend_G","Defend_G","Defend_G","Defend_G","Defend_G","Survivor","Neutralize+1","Backflip","Deadly Poison+1","Burst","Terror+1","Dagger Spray","Cloak And Dagger+1","Strike_B","Envenom+1","Backflip","Storm of Steel+1","Escape Plan+1","Writhe","Quick Slash","Reflex","Blade Dance+1","Prepared","Slice","Noxious Fumes+1","Leg Sweep+1","Phantasmal Killer","Deadly Poison+1"],"relics":["Ring of the Serpent","Ornamental Fan","Kunai","Ninja Scroll","Juzu Bracelet","Lantern","Pear","Vajra","Empty Cage"],"potions_floor_usage":[7,7,14,14,33,33],"damage_taken":[{"damage":0,"enemies":"2 Louse","floor":1,"turns":4},{"damage":1,"enemies":"Cultist","floor":2,"turns":5},{"damage":0,"enemies":"Small Slimes","floor":4,"turns":3},{"damage":11,"enemies":"3 Louse","floor":5,"turns":3},{"damage":33,"enemies":"Gremlin Nob","floor":7,"turns":5},{"damage":0,"enemies":"2 Fungi Beasts","floor":13,"turns":3},{"damage":6,"enemies":"Lagavulin","floor":14,"turns":5},{"damage":23,"enemies":"Slime Boss","floor":16,"turns":12},{"damage":1,"enemies":"3 Byrds","floor":18,"turns":5},{"damage":4,"enemies":"2 Thieves","floor":24,"turns":4},{"damage":5,"enemies":"Shelled Parasite and Fungi","floor":27,"turns":6},{"damage":5,"enemies":"Gremlin Leader","floor":29,"turns":8},{"damage":6,"enemies":"Centurion and Healer","floor":31,"turns":6},{"damage":15,"enemies":"Champ","floor":33,"turns":15},{"damage":0,"enemies":"3 Darklings","floor":35,"turns":7},{"damage":31,"enemies":"Awakened One","floor":37,"turns":21}],"seed_played":"4802211867826293583","potions_obtained":[{"floor":2,"key":"SpeedPotion"},{"floor":5,"key":"Weak Potion"},{"floor":7,"key":"Poison Potion"},{"floor":13,"key":"Fruit Juice"},{"floor":14,"key":"SpeedPotion"},{"floor":24,"key":"Energy Potion"},{"floor":31,"key":"Block Potion"}],"is_trial":false,"path_per_floor":["?","$","?","?","?","?","?","?"],"character_chosen":"THE_SILENT","items_purchased":["Ninja Scroll","Cloak And Dagger"],"campfire_rested":1,"item_purchase_floors":[11,11],"current_hp_per_floor":[63,62,62,62,51,51,18,43,43,43,43,43,43,42,42,19,89,88,88,88,88,88,88,84,84,94,89,89,84,84,78,78,63,99,99,99,68],"gold":359,"neow_bonus":"TWENTY_PERCENT_HP_BONUS","is_prod":false,"is_daily":false,"chose_seed":false,"campfire_upgraded":8,"win_rate":0,"timestamp":1559807588,"path_taken":["M","M","?","M","M","R","E","R","T","R","?","?","M","E","R","BOSS","M","?","?","?","?","R","M","R","T","M","R","E","R","M","R","BOSS","M","?","BOSS"],"build_version":"2019-01-23","purchased_purges":0,"victory":true,"max_hp_per_floor":[84,84,84,84,84,84,84,84,84,84,84,84,84,89,89,89,89,89,89,89,89,89,89,89,89,99,99,99,99,99,99,99,99,99,99,99,99],"card_choices":[{"not_picked":["Deflect","Blur"],"picked":"Backflip","floor":1},{"not_picked":["Endless Agony","Sucker Punch"],"picked":"Deadly Poison","floor":2},{"not_picked":["Heel Hook","Backflip"],"picked":"Burst","floor":4},{"not_picked":["Bane","Acrobatics"],"picked":"Terror","floor":5},{"not_picked":["Infinite Blades","Underhanded Strike"],"picked":"Dagger Spray","floor":7},{"not_picked":["Prepared","Deadly Poison"],"picked":"Envenom","floor":13},{"not_picked":["Reflex","Unload"],"picked":"Backflip","floor":14},{"not_picked":["Phantasmal Killer","Doppelganger"],"picked":"Storm of Steel","floor":16},{"not_picked":["Quick Slash","Bouncing Flask"],"picked":"Escape Plan+1","floor":18},{"not_picked":["Reflex","Masterful Stab"],"picked":"Prepared","floor":24},{"not_picked":["Quick Slash","Outmaneuver"],"picked":"Slice","floor":27},{"not_picked":["Heel Hook+1","Grand Finale"],"picked":"Noxious Fumes","floor":29},{"not_picked":["Concentrate","Noxious Fumes"],"picked":"Leg Sweep+1","floor":31},{"not_picked":["Doppelganger","Burst"],"picked":"Phantasmal Killer","floor":33},{"not_picked":["Bane","Skewer"],"picked":"Deadly Poison+1","floor":35}],"player_experience":789012,"relics_obtained":[{"floor":7,"key":"Ornamental Fan"},{"floor":9,"key":"Kunai"},{"floor":14,"key":"Juzu Bracelet"},{"floor":26,"key":"Pear"},{"floor":29,"key":"Vajra"}],"event_choices":[{"damage_healed":0,"gold_gain":100,"player_choice":"Pray","damage_taken":0,"max_hp_gain":0,"max_hp_loss":0,"event_name":"Golden Shrine","floor":3,"gold_loss":0},{"cards_removed":["Strike_G"],"damage_healed":0,"gold_gain":0,"player_choice":"Took Card","damage_taken":0,"max_hp_gain":0,"max_hp_loss":0,"event_name":"NoteForYourself","floor":12,"gold_loss":0,"cards_obtained":["Strike_B"]},{"damage_healed":0,"gold_gain":0,"player_choice":"Opened","damage_taken":0,"relics_obtained":["Lantern"],"max_hp_gain":0,"max_hp_loss":0,"event_name":"The Mausoleum","floor":19,"gold_loss":0,"cards_obtained":["Writhe"]},{"damage_healed":0,"gold_gain":0,"player_choice":"Ignored","damage_taken":0,"max_hp_gain":0,"max_hp_loss":0,"event_name":"Ghosts","floor":20,"gold_loss":0},{"damage_healed":0,"gold_gain":0,"cards_transformed":["Strike_G","Strike_G"],"player_choice":"Became Test Subject","damage_taken":0,"max_hp_gain":0,"max_hp_loss":0,"event_name":"Drug Dealer","floor":21,"gold_loss":0,"cards_obtained":["Quick Slash","Reflex"]},{"damage_healed":0,"gold_gain":0,"player_choice":"Read","damage_taken":0,"max_hp_gain":0,"max_hp_loss":0,"event_name":"The Library","floor":22,"gold_loss":0,"cards_obtained":["Blade Dance"]},{"damage_healed":0,"gold_gain":0,"player_choice":"Took Portal","damage_taken":0,"max_hp_gain":0,"max_hp_loss":0,"event_name":"SecretPortal","floor":36,"gold_loss":0}],"is_beta":false,"boss_relics":[{"not_picked":["Snecko Eye","Lizard Tail"],"picked":"Ring of the Serpent"},{"not_picked":["Calling Bell","Eternal Feather"],"picked":"Empty Cage"}],"items_purged_floors":[],"is_endless":false,"potions_floor_spawned":[2,5,7,13,14,24,31],"ascension_level":1}