{"gold_per_floor":[213,213,213,234,38,38,61,96,119,132,167,180,196,216,216,337,337,330,330,355,305,25,25,25],"floor_reached":24,"playtime":1870,"items_purged":["Strike_G"],"score":291,"play_id":"f68c2c40-f572-48c3-a8b4-072a58529736","local_time":"20190419113826","is_ascension_mode":true,"campfire_choices":[{"data":"Neutralize","floor":6,"key":"SMITH"},{"floor":15,"key":"REST"},{"data":"Noxious Fumes","floor":23,"key":"SMITH"}],"neow_cost":"NONE","seed_source_timestamp":9798931930031,"circlet_count":0,"master_deck":["Defend_G","Defend_G","Defend_G","Defend_G","Defend_G","Strike_G","Strike_G","Strike_G","Survivor","Neutralize+1","Noxious Fumes+1","PiercingWail","PiercingWail","Endless Agony","Poisoned Stab","Poisoned Stab","Calculated Gamble","All Out Attack","Dash","Cloak And Dagger","A Thousand Cuts","Cloak And Dagger","A Thousand Cuts","Well Laid Plans"],"relics":["Ring of the Snake","Golden Idol","ClockworkSouvenir","Smiling Mask","Omamori","Dream Catcher","Velvet Choker","Bag of Marbles"],"potions_floor_usage":[8,14,16,16],"damage_taken":[{"damage":0,"enemies":"2 Louse","floor":1,"turns":4},{"damage":6,"enemies":"Jaw Worm","floor":4,"turns":5},{"damage":0,"enemies":"Cultist","floor":7,"turns":4},{"damage":19,"enemies":"Lagavulin","floor":8,"turns":11},{"damage":10,"enemies":"Gremlin Gang","floor":10,"turns":6},{"damage":21,"enemies":"3 Sentries","floor":11,"turns":10},{"damage":4,"enemies":"Red Slaver","floor":12,"turns":4},{"damage":0,"enemies":"3 Louse","floor":13,"turns":3},{"damage":2,"enemies":"Lots of Slimes","floor":14,"turns":3},{"damage":8,"enemies":"Slime Boss","floor":16,"turns":8},{"damage":17,"enemies":"2 Thieves","floor":18,"turns":4},{"damage":6,"enemies":"Shell Parasite","floor":20,"turns":7},{"damage":38,"enemies":"3 Cultists","floor":24,"turns":5}],"seed_played":"-1062296711220641560","potions_obtained":[{"floor":1,"key":"SpeedPotion"},{"floor":10,"key":"Block Potion"},{"floor":11,"key":"GhostInAJar"},{"floor":14,"key":"Explosive Potion"}],"is_trial":false,"path_per_floor":["?","?","$","M","M","?","M","?","M"],"character_chosen":"THE_SILENT","items_purchased":["ClockworkSouvenir","Bag of Marbles","Well Laid Plans"],"campfire_rested":1,"item_purchase_floors":[5,22,22],"current_hp_per_floor":[63,63,63,57,57,57,57,38,38,28,7,3,3,1,20,12,52,35,35,29,29,29,29,0],"gold":25,"neow_bonus":"HUNDRED_GOLD","is_prod":false,"is_daily":false,"chose_seed":false,"campfire_upgraded":2,"win_rate":0,"timestamp":1555666706,"path_taken":["M","?","?","M","?","R","?","E","T","?","E","M","M","M","R","BOSS","M","?","?","?","$","R","?"],"build_version":"2019-01-23","purchased_purges":1,"victory":false,"max_hp_per_floor":[70,65,65,65,65,65,65,65,65,65,65,65,65,65,65,65,65,65,65,65,65,65,65,65],"card_choices":[{"not_picked":["Blade Dance","Sucker Punch"],"picked":"Noxious Fumes","floor":1},{"not_picked":["Setup","Acrobatics"],"picked":"PiercingWail","floor":4},{"not_picked":["Slice","Riddle With Holes"],"picked":"PiercingWail","floor":7},{"not_picked":["Acrobatics","Slice"],"picked":"Endless Agony","floor":8},{"not_picked":["Deadly Poison","Cloak And Dagger"],"picked":"Poisoned Stab","floor":10},{"not_picked":["Flechettes","Masterful Stab"],"picked":"Poisoned Stab","floor":11},{"not_picked":["Distraction","Reflex"],"picked":"Calculated Gamble","floor":12},{"not_picked":["Expertise","Terror"],"picked":"All Out Attack","floor":13},{"not_picked":["Cloak And Dagger","Prepared"],"picked":"Dash","floor":14},{"not_picked":["Predator","Underhanded Strike"],"picked":"Cloak And Dagger","floor":15},{"not_picked":["Glass Knife","Storm of Steel"],"picked":"A Thousand Cuts","floor":16},{"not_picked":["All Out Attack","Dagger Throw"],"picked":"Cloak And Dagger","floor":18},{"not_picked":["Deadly Poison","Slice+1","Poisoned Stab"],"picked":"SKIP","floor":20}],"player_experience":493120,"relics_obtained":[{"floor":8,"key":"Smiling Mask"},{"floor":9,"key":"Omamori"},{"floor":11,"key":"Dream Catcher"}],"event_choices":[{"damage_healed":0,"gold_gain":0,"player_choice":"Lose Max HP","damage_taken":0,"relics_obtained":["Golden Idol"],"max_hp_gain":0,"max_hp_loss":5,"event_name":"Golden Idol","floor":2,"gold_loss":0},{"cards_removed":["Strike_G"],"damage_healed":0,"gold_gain":0,"player_choice":"Forget","damage_taken":0,"max_hp_gain":0,"max_hp_loss":0,"event_name":"Living Wall","floor":3,"gold_loss":0},{"damage_healed":0,"gold_gain":0,"player_choice":"Copied","damage_taken":0,"max_hp_gain":0,"max_hp_loss":0,"event_name":"Duplicator","floor":19,"gold_loss":0,"cards_obtained":["A Thousand Cuts"]},{"damage_healed":0,"gold_gain":0,"player_choice":"Bet on Murderer","damage_taken":0,"max_hp_gain":0,"max_hp_loss":0,"event_name":"The Joust","floor":21,"gold_loss":50}],"is_beta":false,"boss_relics":[{"not_picked":["Philosopher\u0027s Stone","Fusion Hammer"],"picked":"Velvet Choker"}],"items_purged_floors":[22],"is_endless":false,"potions_floor_spawned":[1,10,11,14],"killed_by":"3 Cultists","ascension_level":8}