{"gold_per_floor":[115,125,125,139,139,139,154,179,179,179,204,218,40,65,65,166,166,178,7,7,7,27,61,61,88,170,196,196,209,219,231,231,332,332,343,343,343],"floor_reached":37,"playtime":2885,"items_purged":["Strike_B","Strike_B"],"score":637,"play_id":"ea0ec6e5-3629-4cbe-aff4-b0538b9f924e","local_time":"20190418134345","is_ascension_mode":true,"campfire_choices":[{"data":"Zap","floor":6.0,"key":"SMITH"},{"data":"Reinforced Body","floor":10.0,"key":"SMITH"},{"floor":15.0,"key":"REST"},{"data":"Biased Cognition","floor":24,"key":"SMITH"},{"floor":32,"key":"REST"}],"neow_cost":"NONE","seed_source_timestamp":0,"circlet_count":0,"master_deck":["Strike_B","Strike_B","Defend_B","Defend_B","Defend_B","Defend_B+1","Zap+1","Dualcast","Ball Lightning","BootSequence+1","Ball Lightning","Reinforced Body+1","Coolheaded","Creative AI+1","Sweeping Beam","Glacier","Go for the Eyes","Echo Form","Cold Snap","Undo","Go for the Eyes+1","Biased Cognition+1","Coolheaded+1","Skim","Doom and Gloom+1","Genetic Algorithm","Machine Learning"],"special_seed":0,"relics":["Cracked Core","Anchor","PreservedInsect","Cables","Lantern","Sozu","Darkstone Periapt","Bronze Scales","Ancient Tea Set","Meat on the Bone","Calipers","Runic Pyramid"],"potions_floor_usage":[],"damage_taken":[{"damage":7.0,"enemies":"Jaw Worm","floor":1.0,"turns":3.0},{"damage":8.0,"enemies":"2 Louse","floor":2.0,"turns":2.0},{"damage":1.0,"enemies":"Cultist","floor":4.0,"turns":3.0},{"damage":13.0,"enemies":"Gremlin Gang","floor":7.0,"turns":4.0},{"damage":2.0,"enemies":"Lagavulin","floor":8.0,"turns":6.0},{"damage":2.0,"enemies":"3 Sentries","floor":11.0,"turns":4.0},{"damage":0.0,"enemies":"Exordium Thugs","floor":12.0,"turns":2.0},{"damage":0.0,"enemies":"Gremlin Nob","floor":14.0,"turns":2.0},{"damage":18.0,"enemies":"Hexaghost","floor":16.0,"turns":11.0},{"damage":1,"enemies":"3 Byrds","floor":18,"turns":4},{"damage":8,"enemies":"Spheric Guardian","floor":22,"turns":5},{"damage":17,"enemies":"Gremlin Leader","floor":23,"turns":6},{"damage":10,"enemies":"Book of Stabbing","floor":25,"turns":4},{"damage":5,"enemies":"Gremlin Leader","floor":27,"turns":8},{"damage":20,"enemies":"Shelled Parasite and Fungi","floor":29,"turns":6},{"damage":4,"enemies":"Cultist and Chosen","floor":30,"turns":6},{"damage":0,"enemies":"Snake Plant","floor":31,"turns":3},{"damage":17,"enemies":"Champ","floor":33,"turns":9},{"damage":0,"enemies":"3 Shapes","floor":35,"turns":6},{"damage":96,"enemies":"Donu and Deca","floor":37,"turns":6}],"seed_played":"320628716201814875","potions_obtained":[{"floor":2.0,"key":"PowerPotion"},{"floor":7.0,"key":"SteroidPotion"},{"floor":8.0,"key":"Ancient Potion"},{"floor":16.0,"key":"SteroidPotion"}],"is_trial":false,"path_per_floor":["?","?","?","?","?"],"character_chosen":"DEFECT","items_purchased":["Glacier","Go for the Eyes","Undo"],"campfire_rested":2,"item_purchase_floors":[13,13,19],"current_hp_per_floor":[68,60,60,59,43,43,30,28,28,28,26,26,26,26,50,32,70,69,69,69,69,61,44,44,34,34,41,41,33,41,53,77,60,77,77,77,0],"gold":343,"neow_bonus":"TEN_PERCENT_HP_BONUS","is_prod":false,"is_daily":false,"chose_seed":false,"campfire_upgraded":3,"win_rate":0,"timestamp":1555587825,"path_taken":["M","M","?","M","?","R","M","E","T","R","E","M","$","E","R","BOSS","M","$","?","$","M","E","R","E","T","E","?","M","M","M","R","BOSS","M","?","BOSS"],"build_version":"2019-01-23","purchased_purges":2,"victory":false,"max_hp_per_floor":[82,82,82,82,82,82,82,82,82,82,82,82,82,82,82,82,82,82,82,82,82,82,82,82,82,82,82,82,82,82,82,82,82,82,82,82,82],"card_choices":[{"not_picked":["Sweeping Beam","Reprogram"],"picked":"Ball Lightning","floor":1.0},{"not_picked":["Beam Cell","Blizzard"],"picked":"BootSequence","floor":2.0},{"not_picked":["Chaos","Rip and Tear"],"picked":"Ball Lightning","floor":4.0},{"not_picked":["Conserve Battery","Hologram"],"picked":"Reinforced Body","floor":7.0},{"not_picked":["Skim","Meteor Strike"],"picked":"Coolheaded","floor":8.0},{"not_picked":["Machine Learning","Conserve Battery"],"picked":"Creative AI","floor":11.0},{"not_picked":["Hologram","Compile Driver"],"picked":"Sweeping Beam","floor":12.0},{"not_picked":["Ball Lightning","Turbo","Blizzard"],"picked":"SKIP","floor":14.0},{"not_picked":["Biased Cognition","All For One"],"picked":"Echo Form","floor":16.0},{"not_picked":["Fusion","Rebound"],"picked":"Cold Snap","floor":18},{"not_picked":["Stack","Gash"],"picked":"Go for the Eyes+1","floor":22},{"not_picked":["Buffer","Barrage"],"picked":"Biased Cognition","floor":23},{"not_picked":["Barrage","Storm+1"],"picked":"Coolheaded+1","floor":25},{"not_picked":["Scrape","Rip and Tear"],"picked":"Skim","floor":27},{"not_picked":["Consume","Chaos+1","Rebound+1"],"picked":"SKIP","floor":29},{"not_picked":["Steam+1","Double Energy+1"],"picked":"Doom and Gloom+1","floor":30},{"not_picked":["Fusion","Gash"],"picked":"Genetic Algorithm","floor":31},{"not_picked":["Rainbow","Reboot"],"picked":"Machine Learning","floor":33},{"not_picked":["Storm+1","Scrape+1","Recycle"],"picked":"SKIP","floor":35}],"player_experience":478921,"relics_obtained":[{"floor":8.0,"key":"Anchor"},{"floor":9.0,"key":"PreservedInsect"},{"floor":11.0,"key":"Cables"},{"floor":14.0,"key":"Lantern"},{"floor":23,"key":"Bronze Scales"},{"floor":25,"key":"Ancient Tea Set"},{"floor":26,"key":"Meat on the Bone"},{"floor":27,"key":"Calipers"}],"event_choices":[{"damage_healed":0.0,"max_hp_gain":0.0,"max_hp_loss":0.0,"gold_gain":0.0,"event_name":"Liars Game","player_choice":"Ignored","floor":3.0,"gold_loss":0.0,"damage_taken":0.0},{"damage_healed":0.0,"max_hp_gain":0.0,"max_hp_loss":0.0,"gold_gain":0.0,"event_name":"Shining Light","player_choice":"Entered Light","floor":5.0,"gold_loss":0.0,"damage_taken":16.0,"cards_upgraded":["Defend_B","BootSequence"]},{"damage_healed":0,"gold_gain":0,"player_choice":"Opened","damage_taken":0,"relics_obtained":["Darkstone Periapt"],"max_hp_gain":0,"max_hp_loss":0,"event_name":"The Mausoleum","floor":20,"gold_loss":0},{"damage_healed":0,"gold_gain":0,"player_choice":"Upgraded","damage_taken":0,"max_hp_gain":0,"max_hp_loss":0,"event_name":"Upgrade Shrine","floor":28,"gold_loss":0,"cards_upgraded":["Creative AI"]},{"damage_healed":0,"gold_gain":0,"player_choice":"Took Portal","damage_taken":0,"max_hp_gain":0,"max_hp_loss":0,"event_name":"SecretPortal","floor":36,"gold_loss":0}],"is_beta":false,"boss_relics":[{"not_picked":["Tiny House","Pandora\u0027s Box"],"picked":"Sozu"},{"not_picked":["Nuclear Battery","Orrery"],"picked":"Runic Pyramid"}],"items_purged_floors":[13,19],"is_endless":false,"potions_floor_spawned":[2,7,8,16,22,25,27,33],"killed_by":"Donu and Deca","ascension_level":7}