{"gold_per_floor":[20,36,36,55,69,69,101,101,101,132,152,152,177,177,177,273,273,286,305,305,315,330,330,359,284,284,484,503,520,520,548,548,548],"floor_reached":33,"playtime":1512,"items_purged":[],"score":338,"play_id":"cd01f6b0-4f2f-47af-a2a8-0e2593d27c5c","local_time":"20190717124358","is_ascension_mode":true,"campfire_choices":[{"data":"Bash","floor":6.0,"key":"SMITH"},{"data":"Whirlwind","floor":8.0,"key":"SMITH"},{"data":"Fire Breathing","floor":12.0,"key":"SMITH"},{"floor":15.0,"key":"REST"},{"data":"Juggernaut","floor":23.0,"key":"SMITH"},{"data":"Demon Form","floor":30.0,"key":"SMITH"},{"floor":32.0,"key":"REST"}],"neow_cost":"NO_GOLD","seed_source_timestamp":0,"circlet_count":0,"master_deck":["Strike_R","Strike_R","Defend_R","Defend_R","Defend_R+1","Defend_R+1","Bash+1","Carnage","Fire Breathing+1","Battle Trance","Whirlwind+1","Uppercut","Clothesline","Bludgeon","Juggernaut+1","Armaments","Inflame","Regret","Demon Form+1","Armaments+1"],"special_seed":0,"relics":["Burning Blood","Strawberry","PreservedInsect","Self Forming Clay","Regal Pillow","Cursed Key","Art of War","Boot"],"potions_floor_usage":[33],"damage_taken":[{"damage":6.0,"enemies":"Cultist","floor":1.0,"turns":3.0},{"damage":0.0,"enemies":"2 Louse","floor":2.0,"turns":3.0},{"damage":7.0,"enemies":"Small Slimes","floor":4.0,"turns":2.0},{"damage":9.0,"enemies":"Blue Slaver","floor":5.0,"turns":5.0},{"damage":30.0,"enemies":"3 Sentries","floor":7.0,"turns":6.0},{"damage":14.0,"enemies":"Gremlin Nob","floor":10.0,"turns":3.0},{"damage":0.0,"enemies":"3 Louse","floor":11.0,"turns":1.0},{"damage":36.0,"enemies":"Slime Boss","floor":16.0,"turns":9.0},{"damage":16.0,"enemies":"2 Thieves","floor":18.0,"turns":4.0},{"damage":4.0,"enemies":"Shell Parasite","floor":19.0,"turns":5.0},{"damage":20.0,"enemies":"Shelled Parasite and Fungi","floor":21.0,"turns":5.0},{"damage":25.0,"enemies":"Cultist and Chosen","floor":22.0,"turns":6.0},{"damage":0.0,"enemies":"Gremlin Leader","floor":24.0,"turns":4.0},{"damage":3.0,"enemies":"Snecko","floor":28.0,"turns":4.0},{"damage":17.0,"enemies":"Snake Plant","floor":29.0,"turns":4.0},{"damage":24.0,"enemies":"Slavers","floor":31.0,"turns":4.0},{"damage":77,"enemies":"Collector","floor":33,"turns":8}],"seed_played":"-6933555372303345656","potions_obtained":[{"floor":1.0,"key":"Fruit Juice"},{"floor":4.0,"key":"Swift Potion"},{"floor":5.0,"key":"Poison Potion"},{"floor":16.0,"key":"AttackPotion"},{"floor":18.0,"key":"Ancient Potion"},{"floor":22.0,"key":"SteroidPotion"},{"floor":24.0,"key":"LiquidBronze"}],"is_trial":false,"path_per_floor":["M","?","M","T","?","?","?","?","M"],"character_chosen":"IRONCLAD","items_purchased":[],"campfire_rested":2,"item_purchase_floors":[],"current_hp_per_floor":[80,80,80,79,76,76,59,59,59,51,57,57,57,40,81,51,87,77,79,79,65,46,46,57,57,57,57,60,49,49,31,73,0],"gold":548,"neow_bonus":"TRANSFORM_TWO_CARDS","is_prod":false,"is_daily":false,"chose_seed":false,"campfire_upgraded":5,"win_rate":0,"timestamp":1563360238,"path_taken":["M","?","?","M","?","R","E","R","T","E","M","R","?","?","R","BOSS","M","M","?","M","M","R","E","?","T","?","?","M","R","E","R","BOSS"],"build_version":"2019-01-23","purchased_purges":0,"victory":false,"max_hp_per_floor":[80,80,80,80,80,80,87,87,87,87,87,87,87,87,87,87,87,87,87,87,87,87,87,92,92,92,92,92,92,92,92,92,92],"card_choices":[{"not_picked":["Dropkick","Perfected Strike"],"picked":"Battle Trance","floor":1.0},{"not_picked":["Clash","Heavy Blade"],"picked":"Whirlwind","floor":2.0},{"not_picked":["Clash","Blood for Blood"],"picked":"Uppercut","floor":4.0},{"not_picked":["Cleave","Warcry"],"picked":"Clothesline","floor":5.0},{"not_picked":["Thunderclap","Cleave"],"picked":"Bludgeon","floor":7.0},{"not_picked":["Body Slam","Blood for Blood","Pommel Strike"],"picked":"SKIP","floor":10.0},{"not_picked":["Power Through","Burning Pact","Cleave"],"picked":"SKIP","floor":11.0},{"not_picked":["Limit Break","Barricade"],"picked":"Juggernaut","floor":16.0},{"not_picked":["Clothesline","Headbutt"],"picked":"Armaments","floor":18.0},{"not_picked":["Body Slam+1","Havoc","Sentinel"],"picked":"SKIP","floor":19.0},{"not_picked":["Burning Pact+1","Perfected Strike","Dropkick"],"picked":"SKIP","floor":21.0},{"not_picked":["Iron Wave","Second Wind","Thunderclap"],"picked":"SKIP","floor":22.0},{"not_picked":["Wild Strike","Perfected Strike"],"picked":"Inflame","floor":24.0},{"not_picked":["Dual Wield","Whirlwind+1"],"picked":"Demon Form","floor":28.0},{"not_picked":["Perfected Strike","Rage","Iron Wave"],"picked":"SKIP","floor":29.0},{"not_picked":["Rage+1","Thunderclap+1"],"picked":"Armaments+1","floor":31.0}],"player_experience":1045916,"relics_obtained":[{"floor":7.0,"key":"Strawberry"},{"floor":9.0,"key":"PreservedInsect"},{"floor":10.0,"key":"Self Forming Clay"},{"floor":13.0,"key":"Regal Pillow"},{"floor":24.0,"key":"Art of War"},{"floor":31.0,"key":"Boot"}],"event_choices":[{"damage_healed":0.0,"max_hp_gain":0.0,"max_hp_loss":0.0,"gold_gain":0.0,"event_name":"NoteForYourself","player_choice":"Ignored","floor":3.0,"gold_loss":0.0,"damage_taken":0.0},{"damage_healed":0.0,"max_hp_gain":0.0,"max_hp_loss":0.0,"gold_gain":0.0,"event_name":"Shining Light","player_choice":"Entered Light","floor":14.0,"gold_loss":0.0,"damage_taken":17.0,"cards_upgraded":["Defend_R","Defend_R"]},{"damage_healed":0.0,"max_hp_gain":0.0,"max_hp_loss":0.0,"gold_gain":0.0,"event_name":"Vampires","player_choice":"Ignored","floor":20.0,"gold_loss":0.0,"damage_taken":0.0},{"cards_removed":["Strike_R"],"damage_healed":0.0,"max_hp_gain":0.0,"max_hp_loss":0.0,"gold_gain":0.0,"event_name":"Beggar","player_choice":"Gave Gold","floor":25.0,"gold_loss":75.0,"damage_taken":0.0},{"damage_healed":0.0,"max_hp_gain":0.0,"max_hp_loss":0.0,"gold_gain":200.0,"event_name":"Wheel of Change","player_choice":"Gold","floor":27.0,"gold_loss":0.0,"damage_taken":0.0}],"is_beta":false,"boss_relics":[{"not_picked":["Busted Crown","Calling Bell"],"picked":"Cursed Key"}],"items_purged_floors":[],"is_endless":false,"potions_floor_spawned":[1,4,5,16,18,22,24],"killed_by":"Collector","ascension_level":1}