{"gold_per_floor":[115,115,115,115,62,62,89,89,162,172,187,215,20,20,20,120,120,138,138,156,166,179,179,190,190,216,236,269,288,288,319,319,421,421,434,451,464,478,478,478,478],"floor_reached":41,"playtime":1648,"items_purged":["Strike_G"],"score":467,"play_id":"91d7a152-3a2b-4295-84c8-cd718da02606","local_time":"20190626082341","is_ascension_mode":true,"campfire_choices":[{"data":"Deadly Poison","floor":6.0,"key":"SMITH"},{"floor":8.0,"key":"REST"},{"data":"Noxious Fumes","floor":15.0,"key":"SMITH"},{"data":"Envenom","floor":23.0,"key":"SMITH"},{"data":"After Image","floor":25.0,"key":"SMITH"},{"data":"Envenom","floor":30.0,"key":"SMITH"},{"data":"Envenom","floor":32.0,"key":"SMITH"},{"data":"Neutralize","floor":40.0,"key":"SMITH"}],"neow_cost":"NONE","seed_source_timestamp":0,"circlet_count":0,"master_deck":["Defend_G","Defend_G","Defend_G","Defend_G","Defend_G","Strike_G","Strike_G","Strike_G","Survivor","Neutralize+1","Infinite Blades","Deadly Poison+1","Predator","Infinite Blades","Die Die Die","Noxious Fumes+1","Backflip","After Image+1","Blade Dance+1","Dagger Spray+1","Envenom+1","PiercingWail","Shame","Infinite Blades+1","Finisher+1","Envenom+1","Envenom+1","A Thousand Cuts","Cloak And Dagger","Backflip+1","Die Die Die","Backflip"],"special_seed":0,"relics":["Ring of the Snake","StoneCalendar","Mercury Hourglass","Meat on the Bone","Darkstone Periapt","Cursed Key","CultistMask","Potion Belt","Turnip","Orichalcum","WristBlade"],"potions_floor_usage":[],"damage_taken":[{"damage":7.0,"enemies":"Small Slimes","floor":1.0,"turns":5.0},{"damage":16.0,"enemies":"Gremlin Nob","floor":7.0,"turns":4.0},{"damage":2.0,"enemies":"Jaw Worm","floor":10.0,"turns":3.0},{"damage":0.0,"enemies":"Cultist","floor":11.0,"turns":3.0},{"damage":15.0,"enemies":"Lagavulin","floor":12.0,"turns":6.0},{"damage":0.0,"enemies":"Looter","floor":14.0,"turns":1.0},{"damage":4.0,"enemies":"The Guardian","floor":16.0,"turns":8.0},{"damage":0.0,"enemies":"Chosen","floor":18.0,"turns":4.0},{"damage":4.0,"enemies":"2 Thieves","floor":20.0,"turns":3.0},{"damage":15.0,"enemies":"Shelled Parasite and Fungi","floor":21.0,"turns":4.0},{"damage":28.0,"enemies":"Sentry and Sphere","floor":22.0,"turns":6.0},{"damage":7.0,"enemies":"Centurion and Healer","floor":24.0,"turns":7.0},{"damage":13.0,"enemies":"Shelled Parasite and Fungi","floor":27.0,"turns":5.0},{"damage":25.0,"enemies":"Slavers","floor":28.0,"turns":5.0},{"damage":5.0,"enemies":"Cultist and Chosen","floor":29.0,"turns":6.0},{"damage":14.0,"enemies":"Gremlin Leader","floor":31.0,"turns":5.0},{"damage":16.0,"enemies":"Automaton","floor":33.0,"turns":6.0},{"damage":0.0,"enemies":"Orb Walker","floor":35.0,"turns":4.0},{"damage":1.0,"enemies":"3 Shapes","floor":36.0,"turns":7.0},{"damage":28.0,"enemies":"3 Darklings","floor":37.0,"turns":4.0},{"damage":20.0,"enemies":"Sphere and 2 Shapes","floor":38.0,"turns":6.0},{"damage":59,"enemies":"Reptomancer","floor":41,"turns":3}],"seed_played":"-3642279354018440486","potions_obtained":[{"floor":0.0,"key":"SmokeBomb"},{"floor":0.0,"key":"SpeedPotion"},{"floor":0.0,"key":"PowerPotion"},{"floor":7.0,"key":"Strength Potion"},{"floor":12.0,"key":"Explosive Potion"},{"floor":20.0,"key":"Weak Potion"},{"floor":22.0,"key":"FearPotion"},{"floor":28.0,"key":"Ancient Potion"},{"floor":29.0,"key":"Poison Potion"},{"floor":31.0,"key":"SteroidPotion"},{"floor":36.0,"key":"Fruit Juice"},{"floor":38.0,"key":"SteroidPotion"}],"is_trial":false,"path_per_floor":["?","?","?","$","M","?","M","?"],"character_chosen":"THE_SILENT","items_purchased":["Deadly Poison","Noxious Fumes","Backflip"],"campfire_rested":1,"item_purchase_floors":[5,13,13],"current_hp_per_floor":[63,63,38,31,31,31,15,36,36,46,46,43,43,43,43,39,70,70,70,66,51,35,35,40,40,46,45,32,39,39,37,37,33,76,76,75,47,39,39,39,0],"gold":478,"neow_bonus":"THREE_SMALL_POTIONS","is_prod":false,"is_daily":false,"chose_seed":false,"campfire_upgraded":7,"win_rate":0,"timestamp":1561530221,"path_taken":["M","?","?","?","$","R","E","R","T","M","M","E","?","?","R","BOSS","M","?","M","?","M","R","M","R","T","M","E","M","R","E","R","BOSS","M","M","M","M","?","R","E"],"build_version":"2019-01-23","purchased_purges":1,"victory":false,"max_hp_per_floor":[70,70,70,70,70,70,70,70,70,70,70,70,70,70,70,70,70,70,70,70,70,70,70,70,70,76,76,76,76,76,76,76,76,76,76,76,76,76,76,76,76],"card_choices":[{"not_picked":["Concentrate","Expertise"],"picked":"Infinite Blades","floor":1.0},{"not_picked":["Endless Agony","Grand Finale","Flechettes"],"picked":"SKIP","floor":7.0},{"not_picked":["Sucker Punch","Dodge and Roll"],"picked":"Predator","floor":10.0},{"not_picked":["Acrobatics","Heel Hook"],"picked":"Infinite Blades","floor":11.0},{"not_picked":["Choke","Finisher"],"picked":"Die Die Die","floor":12.0},{"not_picked":["Burst","Phantasmal Killer"],"picked":"After Image","floor":16.0},{"not_picked":["Tactician","Outmaneuver+1"],"picked":"Blade Dance+1","floor":18.0},{"not_picked":["Dodge and Roll","Well Laid Plans"],"picked":"Dagger Spray+1","floor":20.0},{"not_picked":["Terror","Blade Dance"],"picked":"Envenom","floor":21.0},{"not_picked":["Bane+1","Backstab","Blade Dance"],"picked":"SKIP","floor":22.0},{"not_picked":["Escape Plan","Endless Agony"],"picked":"PiercingWail","floor":24.0},{"not_picked":["Dagger Throw","Deadly Poison"],"picked":"Infinite Blades+1","floor":27.0},{"not_picked":["Dagger Throw+1","Blur"],"picked":"Finisher+1","floor":28.0},{"not_picked":["Prepared","Dagger Throw"],"picked":"Envenom","floor":29.0},{"not_picked":["Outmaneuver","Endless Agony"],"picked":"Envenom","floor":31.0},{"not_picked":["Tools of the Trade","Venomology"],"picked":"A Thousand Cuts","floor":33.0},{"not_picked":["Bouncing Flask","Riddle With Holes"],"picked":"Cloak And Dagger","floor":35.0},{"not_picked":["Acrobatics+1","Cloak And Dagger"],"picked":"Backflip+1","floor":36.0},{"not_picked":["Bane","Calculated Gamble+1"],"picked":"Die Die Die","floor":37.0},{"not_picked":["Underhanded Strike+1","Deadly Poison"],"picked":"Backflip","floor":38.0}],"player_experience":906353,"relics_obtained":[{"floor":7.0,"key":"Mercury Hourglass"},{"floor":9.0,"key":"Meat on the Bone"},{"floor":12.0,"key":"Darkstone Periapt"},{"floor":26.0,"key":"Potion Belt"},{"floor":28.0,"key":"Turnip"},{"floor":31.0,"key":"Orichalcum"}],"event_choices":[{"damage_healed":0.0,"max_hp_gain":0.0,"max_hp_loss":0.0,"gold_gain":0.0,"event_name":"Liars Game","player_choice":"Ignored","floor":2.0,"gold_loss":0.0,"damage_taken":0.0},{"damage_healed":0.0,"max_hp_gain":0.0,"max_hp_loss":0.0,"gold_gain":0.0,"event_name":"Scrap Ooze","player_choice":"Success","floor":3.0,"gold_loss":0.0,"damage_taken":25.0,"relics_obtained":["StoneCalendar"]},{"cards_removed":["Strike_G"],"damage_healed":0.0,"max_hp_gain":0.0,"max_hp_loss":0.0,"gold_gain":0.0,"event_name":"Golden Wing","player_choice":"Card Removal","floor":4.0,"gold_loss":0.0,"damage_taken":7.0},{"damage_healed":0.0,"max_hp_gain":0.0,"max_hp_loss":0.0,"gold_gain":0.0,"event_name":"FaceTrader","player_choice":"Trade","floor":19.0,"gold_loss":0.0,"damage_taken":0.0,"relics_obtained":["CultistMask"]},{"damage_healed":0.0,"max_hp_gain":0.0,"max_hp_loss":0.0,"gold_gain":0.0,"event_name":"Tomb of Lord Red Mask","player_choice":"Ignored","floor":39.0,"gold_loss":0.0,"damage_taken":0.0}],"is_beta":false,"boss_relics":[{"not_picked":["Ring of the Serpent","Velvet Choker"],"picked":"Cursed Key"},{"not_picked":["Snecko Eye","Coffee Dripper"],"picked":"WristBlade"}],"items_purged_floors":[13],"is_endless":false,"potions_floor_spawned":[1,7,12,14,20,22,28,29,31,36,38],"killed_by":"Reptomancer","ascension_level":1}