{"gold_per_floor":[109,109,109,123,136,136,211,136,159,159,159,159,174,174,174,273,273,289,14,29,41,41,41,0,0,0,0,0,0,19,36,36,138,138,155,255,255,272,291,291,291,291,362,362,123,123],"floor_reached":46,"playtime":4035,"items_purged":["Defend_B"],"score":459,"play_id":"ee574ffe-2bc8-4382-9f25-5a39c164bf35","local_time":"20190222003910","is_ascension_mode":false,"campfire_choices":[{"data":"Conserve Battery","floor":6.0,"key":"SMITH"},{"data":"Dualcast","floor":10.0,"key":"SMITH"},{"floor":12.0,"key":"REST"},{"data":"Gash","floor":15.0,"key":"SMITH"},{"data":"Redo","floor":23.0,"key":"SMITH"},{"data":"Sunder","floor":25.0,"key":"SMITH"},{"floor":28.0,"key":"REST"},{"floor":32.0,"key":"REST"},{"floor":40,"key":"REST"},{"floor":42,"key":"REST"},{"data":"1","floor":44,"key":"LIFT"}],"neow_cost":"NONE","seed_source_timestamp":0,"circlet_count":0,"master_deck":["Strike_B","Strike_B","Strike_B","Strike_B","Defend_B","Defend_B","Defend_B","Zap+1","Dualcast+1","Conserve Battery+1","Chill","Gash+1","Sunder+1","Redo+1","Cold Snap","Streamline+1","Seek","Defragment","BootSequence","Good Instincts","Gash+1"],"special_seed":0,"relics":["Cracked Core","Sundial","Blood Vial","Boot","Orrery","Pear","Pantograph","Lizard Tail","Girya","Bottled Lightning","Meat on the Bone"],"potions_floor_usage":[41],"damage_taken":[{"damage":6.0,"enemies":"Jaw Worm","floor":1.0,"turns":4.0},{"damage":0.0,"enemies":"2 Louse","floor":4.0,"turns":2.0},{"damage":0.0,"enemies":"Cultist","floor":5.0,"turns":3.0},{"damage":0.0,"enemies":"2 Fungi Beasts","floor":13.0,"turns":3.0},{"damage":78.0,"enemies":"Hexaghost","floor":16.0,"turns":14.0},{"damage":12.0,"enemies":"Chosen","floor":18.0,"turns":5.0},{"damage":3.0,"enemies":"Spheric Guardian","floor":20.0,"turns":5.0},{"damage":21.0,"enemies":"3 Cultists","floor":21.0,"turns":7.0},{"damage":13.0,"enemies":"Centurion and Healer","floor":30.0,"turns":7.0},{"damage":22.0,"enemies":"Snake Plant","floor":31.0,"turns":3.0},{"damage":85.0,"enemies":"Collector","floor":33.0,"turns":14.0},{"damage":12,"enemies":"3 Shapes","floor":35,"turns":8},{"damage":29,"enemies":"Mind Bloom Boss Battle","floor":36,"turns":11},{"damage":33,"enemies":"3 Darklings","floor":38,"turns":7},{"damage":41,"enemies":"Jaw Worm Horde","floor":39,"turns":5},{"damage":11,"enemies":"Nemesis","floor":41,"turns":3},{"damage":107,"enemies":"Maw","floor":46,"turns":10}],"seed_played":"-7340701122082194164","potions_obtained":[{"floor":16.0,"key":"PowerPotion"},{"floor":21.0,"key":"AttackPotion"},{"floor":30.0,"key":"SteroidPotion"},{"floor":36,"key":"SmokeBomb"},{"floor":38,"key":"LiquidBronze"}],"is_trial":false,"path_per_floor":["?","?","?","?","T","M","?","?","$","?","M","?","?"],"character_chosen":"DEFECT","items_purchased":["Pear","Defragment","Meat on the Bone"],"campfire_rested":5,"item_purchase_floors":[19,19,45],"current_hp_per_floor":[76,76,69,69,69,69,58,58,58,58,58,82,82,82,82,4,82,70,80,79,60,60,60,60,60,60,60,87,87,76,56,83,7,92,80,63,63,32,46,73,64,91,91,91,91,0],"gold":123,"neow_bonus":"TEN_PERCENT_HP_BONUS","is_prod":false,"is_daily":false,"chose_seed":false,"campfire_upgraded":5,"win_rate":0.0,"timestamp":1550792350,"path_taken":["M","?","?","M","M","R","?","$","T","R","?","R","M","?","R","BOSS","M","$","?","M","?","R","?","R","T","?","R","?","?","M","R","BOSS","M","?","?","M","M","R","E","R","T","R","$","M"],"build_version":"2019-01-23","purchased_purges":1,"victory":false,"max_hp_per_floor":[82,82,82,82,82,82,82,82,82,82,82,82,82,82,82,82,82,82,92,92,92,92,92,92,92,92,92,92,92,92,92,92,92,92,92,92,92,92,92,92,92,92,92,92,92,92],"card_choices":[{"not_picked":["Barrage","Cold Snap"],"picked":"Conserve Battery","floor":1.0},{"not_picked":["Turbo","Rebound"],"picked":"Chill","floor":4.0},{"not_picked":["Static Discharge","Leap"],"picked":"Gash","floor":5.0},{"not_picked":["Stack","Beam Cell","Go for the Eyes"],"picked":"SKIP","floor":13.0},{"not_picked":["Ball Lightning","Beam Cell"],"picked":"Sunder","floor":17.0},{"not_picked":["Streamline","Defragment"],"picked":"Redo","floor":17.0},{"not_picked":["Stack","Hologram"],"picked":"Cold Snap","floor":17.0},{"not_picked":["Heatsinks","Undo"],"picked":"Streamline","floor":17.0},{"not_picked":["Go for the Eyes","Hologram"],"picked":"Seek","floor":18.0},{"not_picked":["Compile Driver","Go for the Eyes","Steam Power"],"picked":"SKIP","floor":20.0},{"not_picked":["Ball Lightning","Sweeping Beam"],"picked":"BootSequence","floor":21.0},{"not_picked":["Go for the Eyes","Turbo","Streamline+1"],"picked":"SKIP","floor":30.0},{"not_picked":["Streamline","Beam Cell","Rebound"],"picked":"SKIP","floor":31.0},{"not_picked":["Fusion","Turbo+1","Compile Driver"],"picked":"SKIP","floor":35},{"not_picked":["Impatience","Mind Blast"],"picked":"Good Instincts","floor":37},{"not_picked":["Auto Shields","Loop+1"],"picked":"Gash+1","floor":38},{"not_picked":["Compile Driver","Blizzard+1","Streamline"],"picked":"SKIP","floor":39}],"player_experience":72153,"relics_obtained":[{"floor":9.0,"key":"Blood Vial"},{"floor":14.0,"key":"Boot"},{"floor":26.0,"key":"Pantograph"},{"floor":36,"key":"Girya"},{"floor":43,"key":"Bottled Lightning"}],"event_choices":[{"damage_healed":0.0,"max_hp_gain":0.0,"max_hp_loss":0.0,"gold_gain":0.0,"event_name":"Living Wall","player_choice":"Grow","floor":2.0,"gold_loss":0.0,"damage_taken":0.0,"cards_upgraded":["Zap"]},{"damage_healed":0.0,"max_hp_gain":0.0,"max_hp_loss":0.0,"gold_gain":0.0,"event_name":"Scrap Ooze","player_choice":"Success","floor":3.0,"gold_loss":0.0,"damage_taken":7.0,"relics_obtained":["Sundial"]},{"damage_healed":0.0,"max_hp_gain":0.0,"max_hp_loss":0.0,"gold_gain":75.0,"event_name":"World of Goop","player_choice":"Gather Gold","floor":7.0,"gold_loss":0.0,"damage_taken":11.0},{"damage_healed":0.0,"max_hp_gain":0.0,"max_hp_loss":0.0,"gold_gain":0.0,"event_name":"Golden Wing","player_choice":"Ignored","floor":11.0,"gold_loss":0.0,"damage_taken":0.0},{"damage_healed":0.0,"max_hp_gain":0.0,"max_hp_loss":0.0,"gold_gain":0.0,"event_name":"Ghosts","player_choice":"Ignored","floor":22.0,"gold_loss":0.0,"damage_taken":0.0},{"damage_healed":0.0,"max_hp_gain":0.0,"max_hp_loss":0.0,"gold_gain":0.0,"event_name":"Masked Bandits","player_choice":"Paid Fearfully","floor":24.0,"gold_loss":41.0,"damage_taken":0.0},{"damage_healed":0.0,"max_hp_gain":0.0,"max_hp_loss":0.0,"gold_gain":0.0,"event_name":"Upgrade Shrine","player_choice":"Upgraded","floor":29.0,"gold_loss":0.0,"damage_taken":0.0,"cards_upgraded":["Streamline"]},{"damage_healed":0,"gold_gain":0,"player_choice":"Fight","damage_taken":0,"max_hp_gain":0,"max_hp_loss":0,"event_name":"MindBloom","floor":36,"gold_loss":0},{"damage_healed":0,"gold_gain":0,"player_choice":"Memory 1","damage_taken":0,"max_hp_gain":0,"max_hp_loss":0,"event_name":"SensoryStone","floor":37,"gold_loss":0}],"is_beta":false,"boss_relics":[{"not_picked":["Runic Pyramid","Sozu"],"picked":"Orrery"},{"not_picked":["Eternal Feather","Busted Crown"],"picked":"Lizard Tail"}],"items_purged_floors":[8],"is_endless":false,"potions_floor_spawned":[16,21,30,36,38],"killed_by":"Maw","ascension_level":0}