{"gold_per_floor":[115,130,110,122,122,122,150,150,150,170,200,219,249,23,23,126,126,137,137,147,160,176,176,186,217,242,120,120,132,147,180,180,285,285,300,300,310,78,78,105,105,140,208,223,253,253,253,269,269,269,269,269,72,101,101],"floor_reached":55,"playtime":3822,"items_purged":["Strike_G","Strike_G"],"score":908,"play_id":"34b0c6cd-472a-4b81-b3a9-662ac4f123a7","local_time":"20190724083642","is_ascension_mode":true,"campfire_choices":[{"data":"Neutralize","floor":6.0,"key":"SMITH"},{"data":"Dagger Spray","floor":8.0,"key":"SMITH"},{"data":"Catalyst","floor":15.0,"key":"SMITH"},{"data":"Envenom","floor":23.0,"key":"SMITH"},{"data":"Footwork","floor":28.0,"key":"SMITH"},{"data":"Noxious Fumes","floor":32.0,"key":"SMITH"},{"floor":41.0,"key":"RECALL"},{"data":"Adrenaline","floor":49,"key":"SMITH"},{"data":"Bullet Time","floor":52,"key":"SMITH"}],"neow_cost":"NONE","seed_source_timestamp":0,"circlet_count":0,"master_deck":["Defend_G","Defend_G+1","Defend_G","Defend_G+1","Defend_G","Strike_G","Strike_G","Survivor","Neutralize+1","Dagger Throw","Backflip","Quick Slash","Noxious Fumes+1","Blade Dance","PiercingWail","Catalyst+1","Leg Sweep","Envenom+1","Dagger Spray","Catalyst+1","Cloak And Dagger","Footwork+1","Deflect+1","PiercingWail","Bullet Time+1","PiercingWail","PiercingWail","Venomology","Adrenaline+1","Dash+1","A Thousand Cuts+1","Neutralize","Deadly Poison","Dark Shackles","Bouncing Flask+1","PiercingWail+1","Deadly Poison+1"],"special_seed":0,"relics":["Ring of the Serpent","Mercury Hourglass","Pen Nib","Letter Opener","Pantograph","Snake Skull","Meat on the Bone","War Paint","Frozen Egg 2","Runic Pyramid","Vajra","Boot","Juzu Bracelet","TwistedFunnel","The Specimen"],"potions_floor_usage":[48,48,50,55],"damage_taken":[{"damage":5.0,"enemies":"Cultist","floor":1.0,"turns":5.0},{"damage":0.0,"enemies":"2 Louse","floor":2.0,"turns":2.0},{"damage":0.0,"enemies":"Small Slimes","floor":4.0,"turns":4.0},{"damage":11.0,"enemies":"Lagavulin","floor":7.0,"turns":8.0},{"damage":0.0,"enemies":"Looter","floor":10.0,"turns":3.0},{"damage":6.0,"enemies":"3 Sentries","floor":11.0,"turns":4.0},{"damage":0.0,"enemies":"2 Fungi Beasts","floor":12.0,"turns":2.0},{"damage":11.0,"enemies":"Lagavulin","floor":13.0,"turns":6.0},{"damage":11.0,"enemies":"Slime Boss","floor":16.0,"turns":8.0},{"damage":0.0,"enemies":"Spheric Guardian","floor":18.0,"turns":5.0},{"damage":0.0,"enemies":"3 Byrds","floor":20.0,"turns":4.0},{"damage":5.0,"enemies":"Snecko","floor":21.0,"turns":5.0},{"damage":11.0,"enemies":"Cultist and Chosen","floor":22.0,"turns":8.0},{"damage":22.0,"enemies":"Sentry and Sphere","floor":24.0,"turns":11.0},{"damage":2.0,"enemies":"Book of Stabbing","floor":25.0,"turns":7.0},{"damage":7.0,"enemies":"Snake Plant","floor":29.0,"turns":4.0},{"damage":3.0,"enemies":"Shelled Parasite and Fungi","floor":30.0,"turns":7.0},{"damage":15.0,"enemies":"Slavers","floor":31.0,"turns":4.0},{"damage":42.0,"enemies":"Automaton","floor":33.0,"turns":13.0},{"damage":12.0,"enemies":"3 Shapes","floor":35.0,"turns":5.0},{"damage":0.0,"enemies":"Orb Walker","floor":37.0,"turns":3.0},{"damage":0.0,"enemies":"Reptomancer","floor":40.0,"turns":5.0},{"damage":20.0,"enemies":"Giant Head","floor":42.0,"turns":7.0},{"damage":6.0,"enemies":"3 Darklings","floor":44.0,"turns":3.0},{"damage":22.0,"enemies":"Nemesis","floor":45.0,"turns":5.0},{"damage":4,"enemies":"Sphere and 2 Shapes","floor":48,"turns":8},{"damage":54,"enemies":"Awakened One","floor":50,"turns":15},{"damage":4,"enemies":"Shield and Spear","floor":54,"turns":6},{"damage":123,"enemies":"The Heart","floor":55,"turns":8}],"seed_played":"-5839676186291106197","potions_obtained":[{"floor":3.0,"key":"Dexterity Potion"},{"floor":4.0,"key":"SteroidPotion"},{"floor":12.0,"key":"Dexterity Potion"},{"floor":16.0,"key":"SpeedPotion"},{"floor":22.0,"key":"FearPotion"},{"floor":24.0,"key":"Fruit Juice"},{"floor":25.0,"key":"FairyPotion"},{"floor":31.0,"key":"EssenceOfSteel"},{"floor":37.0,"key":"Swift Potion"},{"floor":44.0,"key":"EssenceOfSteel"},{"floor":48,"key":"SteroidPotion"},{"floor":54,"key":"Block Potion"}],"is_trial":false,"path_per_floor":["M","?","M","?","?","M","M","$","?","M","?","?","?"],"character_chosen":"THE_SILENT","items_purchased":["Snake Skull","Leg Sweep","PiercingWail","Deadly Poison","Dark Shackles","TwistedFunnel"],"campfire_rested":0,"item_purchase_floors":[14,14,27,38,38,53],"current_hp_per_floor":[72,72,72,72,72,72,61,61,61,61,55,55,44,44,44,58,77,77,77,77,72,61,61,39,37,37,37,37,47,44,41,41,36,82,70,70,70,70,70,70,70,50,50,44,34,34,34,42,42,25,82,82,82,78,0],"gold":101,"neow_bonus":"TEN_PERCENT_HP_BONUS","is_prod":false,"is_daily":false,"chose_seed":false,"campfire_upgraded":8,"win_rate":0,"timestamp":1563950202,"path_taken":["M","?","?","?","?","R","E","R","T","M","E","M","E","$","R","BOSS","M","?","?","M","M","R","?","E","T","?","R","M","M","E","R","BOSS","M","?","?","$","?","E","R","E","T","M","E","?","?","M","R","BOSS","R","$","E","BOSS"],"build_version":"2019-01-23","purchased_purges":2,"victory":false,"max_hp_per_floor":[77,77,77,77,77,77,77,77,77,77,77,77,77,77,77,77,77,77,77,77,77,77,77,77,77,77,77,77,82,82,82,82,82,82,82,82,82,82,82,82,82,82,82,82,82,82,82,82,82,82,82,82,82,82,82],"card_choices":[{"not_picked":["Finisher","Outmaneuver"],"picked":"Dagger Throw","floor":1.0},{"not_picked":["Finisher","Prepared"],"picked":"Backflip","floor":2.0},{"not_picked":["Cloak And Dagger","Acrobatics"],"picked":"Dagger Spray","floor":4.0},{"not_picked":["Heel Hook","Endless Agony"],"picked":"Quick Slash","floor":7.0},{"not_picked":["Cloak And Dagger","Acrobatics"],"picked":"Noxious Fumes","floor":10.0},{"not_picked":["Deflect","Heel Hook"],"picked":"Blade Dance","floor":11.0},{"not_picked":["Dagger Throw","Acrobatics"],"picked":"PiercingWail","floor":12.0},{"not_picked":["Quick Slash","Slice"],"picked":"Catalyst","floor":13.0},{"not_picked":["Tools of the Trade","Storm of Steel"],"picked":"Envenom","floor":16.0},{"not_picked":["Tactician+1","Dagger Spray","Prepared"],"picked":"SKIP","floor":18.0},{"not_picked":["Tactician+1","Prepared"],"picked":"Dagger Spray","floor":18.0},{"not_picked":["Slice","Choke"],"picked":"Cloak And Dagger","floor":20.0},{"not_picked":["Outmaneuver","Riddle With Holes+1"],"picked":"Footwork","floor":21.0},{"not_picked":["Cloak And Dagger","Tactician"],"picked":"Deflect+1","floor":22.0},{"not_picked":["Distraction","Blur"],"picked":"PiercingWail","floor":24.0},{"not_picked":["Backflip+1","Choke+1"],"picked":"Bullet Time","floor":25.0},{"not_picked":["Underhanded Strike+1","Outmaneuver","Dagger Spray"],"picked":"SKIP","floor":29.0},{"not_picked":["Escape Plan","Dodge and Roll"],"picked":"PiercingWail","floor":30.0},{"not_picked":["Setup","Slice"],"picked":"Venomology","floor":31.0},{"not_picked":["Storm of Steel","Doppelganger"],"picked":"Adrenaline","floor":33.0},{"not_picked":["Poisoned Stab","Prepared"],"picked":"Dash+1","floor":35.0},{"not_picked":["Eviscerate","Masterful Stab+1","Underhanded Strike"],"picked":"SKIP","floor":37.0},{"not_picked":["Tactician+1","Outmaneuver","Blade Dance"],"picked":"SKIP","floor":40.0},{"not_picked":["Masterful Stab+1","Cloak And Dagger","Doppelganger"],"picked":"SKIP","floor":42.0},{"not_picked":["Tactician+1","Outmaneuver+1","Accuracy+1"],"picked":"SKIP","floor":44.0},{"not_picked":["Acrobatics","Backstab+1"],"picked":"Bouncing Flask+1","floor":45.0},{"not_picked":["Flechettes+1","Blur+1"],"picked":"PiercingWail+1","floor":48},{"not_picked":["Blade Dance+1","Choke"],"picked":"Deadly Poison+1","floor":54}],"player_experience":1065081,"relics_obtained":[{"floor":7.0,"key":"Mercury Hourglass"},{"floor":9.0,"key":"Pen Nib"},{"floor":11.0,"key":"Letter Opener"},{"floor":13.0,"key":"Pantograph"},{"floor":25.0,"key":"Meat on the Bone"},{"floor":26.0,"key":"War Paint"},{"floor":31.0,"key":"Frozen Egg 2"},{"floor":40.0,"key":"Vajra"},{"floor":42.0,"key":"Boot"},{"floor":45.0,"key":"Juzu Bracelet"},{"floor":54,"key":"The Specimen"}],"event_choices":[{"damage_healed":0.0,"max_hp_gain":0.0,"max_hp_loss":0.0,"gold_gain":0.0,"event_name":"The Woman in Blue","player_choice":"Bought 1 Potion","floor":3.0,"gold_loss":0.0,"damage_taken":0.0},{"cards_removed":["Strike_G"],"damage_healed":0.0,"max_hp_gain":0.0,"max_hp_loss":0.0,"gold_gain":0.0,"event_name":"Living Wall","player_choice":"Forget","floor":5.0,"gold_loss":0.0,"damage_taken":0.0},{"damage_healed":0.0,"max_hp_gain":0.0,"max_hp_loss":0.0,"gold_gain":0.0,"event_name":"Duplicator","player_choice":"Copied","floor":19.0,"gold_loss":0.0,"damage_taken":0.0,"cards_obtained":["Catalyst"]},{"damage_healed":0.0,"max_hp_gain":0.0,"max_hp_loss":0.0,"gold_gain":0.0,"event_name":"Match and Keep!","player_choice":"2 cards matched","floor":36.0,"gold_loss":0.0,"damage_taken":0.0,"cards_obtained":["A Thousand Cuts","Neutralize"]},{"damage_healed":0.0,"max_hp_gain":0.0,"max_hp_loss":0.0,"gold_gain":0.0,"event_name":"Mysterious Sphere","player_choice":"Ignored","floor":39.0,"gold_loss":0.0,"damage_taken":0.0},{"damage_healed":0.0,"max_hp_gain":0.0,"max_hp_loss":0.0,"gold_gain":0.0,"event_name":"Tomb of Lord Red Mask","player_choice":"Ignored","floor":46.0,"gold_loss":0.0,"damage_taken":0.0},{"cards_removed":["Dagger Spray"],"damage_healed":0.0,"max_hp_gain":0.0,"max_hp_loss":0.0,"gold_gain":0.0,"event_name":"Falling","player_choice":"Removed Attack","floor":47.0,"gold_loss":0.0,"damage_taken":0.0}],"is_beta":false,"boss_relics":[{"not_picked":["Calling Bell","Runic Dome"],"picked":"Ring of the Serpent"},{"not_picked":["Astrolabe","Tiny House"],"picked":"Runic Pyramid"}],"items_purged_floors":[27,38],"is_endless":false,"potions_floor_spawned":[4,12,16,22,24,25,31,37,44,48,54],"killed_by":"The Heart","ascension_level":1}