{"gold_per_floor":[115,128,128,303,378,411,421,421],"floor_reached":8,"playtime":525,"items_purged":[],"score":85,"play_id":"9c15cd91-06e1-445f-8ce5-d52d09725257","local_time":"20190723230839","is_ascension_mode":true,"campfire_choices":[],"neow_cost":"NONE","seed_source_timestamp":2939450827913200,"circlet_count":0,"master_deck":["Strike_G","Strike_G","Strike_G","Strike_G","Strike_G","Defend_G","Defend_G","Defend_G","Defend_G","Defend_G","Survivor","Neutralize","Prepared","PiercingWail","Regret","Doubt","Blur","Well Laid Plans"],"relics":["Ring of the Snake","NeowsBlessing","Ornamental Fan","Bag of Preparation"],"potions_floor_usage":[8],"damage_taken":[{"damage":0,"enemies":"Jaw Worm","floor":1,"turns":1},{"damage":0,"enemies":"2 Louse","floor":2,"turns":1},{"damage":0,"enemies":"Gremlin Nob","floor":6,"turns":1},{"damage":8,"enemies":"Small Slimes","floor":7,"turns":8},{"damage":66,"enemies":"3 Sentries","floor":8,"turns":17}],"seed_played":"-8485497904700684868","potions_obtained":[{"floor":6,"key":"Regen Potion"}],"is_trial":false,"path_per_floor":["M","M","?","?","?","E","M","?"],"character_chosen":"THE_SILENT","items_purchased":[],"campfire_rested":0,"item_purchase_floors":[],"current_hp_per_floor":[70,70,70,70,59,59,51,0],"gold":421,"neow_bonus":"THREE_ENEMY_KILL","is_prod":false,"is_daily":false,"chose_seed":false,"campfire_upgraded":0,"win_rate":0,"timestamp":1563948519,"path_taken":["M","M","?","?","?","E","?","?"],"build_version":"2019-07-17","purchased_purges":0,"victory":false,"max_hp_per_floor":[70,70,70,70,70,70,70,70],"card_choices":[{"not_picked":["Blade Dance","Crippling Poison"],"picked":"Prepared","floor":1},{"not_picked":["Dodge and Roll","Eviscerate"],"picked":"PiercingWail","floor":2},{"not_picked":["Backstab","Die Die Die"],"picked":"Blur","floor":6},{"not_picked":["Slice","Flying Knee"],"picked":"Well Laid Plans","floor":7}],"player_experience":67048,"relics_obtained":[{"floor":6,"key":"Bag of Preparation"}],"event_choices":[{"damage_healed":0,"gold_gain":0,"player_choice":"Box","damage_taken":0,"relics_obtained":["Ornamental Fan"],"max_hp_gain":0,"max_hp_loss":0,"event_name":"Big Fish","floor":3,"gold_loss":0,"cards_obtained":["Regret"]},{"damage_healed":0,"gold_gain":175,"player_choice":"AGREE","damage_taken":0,"max_hp_gain":0,"max_hp_loss":0,"event_name":"Liars Game","floor":4,"gold_loss":0,"cards_obtained":["Doubt"]},{"damage_healed":0,"gold_gain":75,"player_choice":"Gather Gold","damage_taken":11,"max_hp_gain":0,"max_hp_loss":0,"event_name":"World of Goop","floor":5,"gold_loss":0},{"damage_healed":0,"gold_gain":0,"player_choice":"Searched \u00271\u0027 times","damage_taken":0,"max_hp_gain":0,"max_hp_loss":0,"event_name":"Dead Adventurer","floor":8,"gold_loss":0}],"is_beta":false,"boss_relics":[],"items_purged_floors":[],"is_endless":false,"potions_floor_spawned":[6],"killed_by":"3 Sentries","ascension_level":1}