{"gold_per_floor":[119,135,210,226,226,252,252,309,309,309,12,40,40,52,52,157,157,173,173,184,184,109,109,125,125,125,152,113,113,132,151,151,252,252,269,16,0,46,46,46,46,46,46,46,46,46,46,46,46,46],"floor_reached":51,"playtime":4029,"items_purged":["Strike_B","Hologram"],"score":757,"play_id":"337170fc-0896-47f0-9422-618c55d5b075","local_time":"20190320131844","is_ascension_mode":true,"campfire_choices":[{"data":"Dualcast","floor":7,"key":"SMITH"},{"floor":10,"key":"REST"},{"floor":13,"key":"REST"},{"floor":15,"key":"REST"},{"floor":23,"key":"REST"},{"data":"Fission","floor":25,"key":"SMITH"},{"floor":29,"key":"REST"},{"floor":32,"key":"REST"},{"floor":40,"key":"DIG"},{"floor":42,"key":"DIG"},{"floor":44,"key":"DIG"},{"floor":46,"key":"DIG"},{"floor":49,"key":"DIG"}],"neow_cost":"NONE","seed_source_timestamp":12040867511057,"circlet_count":0,"master_deck":["Zap+1","Dualcast+1","Hello World+1","Turbo+1","Doom and Gloom+1","Defragment+1","Coolheaded+1","Multi-Cast+1","Hologram+1","Fission+1","Coolheaded+1","FTL+1","Glacier+1","Coolheaded+1","Electrodynamics+1","Tempest+1","Defragment+1","FTL+1","Capacitor+1","All For One+1","Self Repair+1","Defragment+1","Scrape+1","Writhe"],"special_seed":0,"relics":["White Beast Statue","Emotion Chip","Lantern","Matryoshka","Symbiotic Virus","Blue Candle","Eternal Feather","Art of War","Dream Catcher","Shovel","Pandora\u0027s Box","War Paint","Red Mask","Darkstone Periapt","Juzu Bracelet","PreservedInsect","Gremlin Horn","Bottled Tornado","Toxic Egg 2","Pear","Mark of the Bloom","Bag of Marbles"],"potions_floor_usage":[14,16,16,16,20,24,27,33,33,33,50,50],"damage_taken":[{"damage":5.0,"enemies":"Small Slimes","floor":1.0,"turns":4.0},{"damage":17.0,"enemies":"2 Louse","floor":2.0,"turns":3.0},{"damage":3.0,"enemies":"Jaw Worm","floor":4.0,"turns":5.0},{"damage":5.0,"enemies":"Lagavulin","floor":6.0,"turns":8.0},{"damage":24,"enemies":"Lagavulin Event","floor":8,"turns":5},{"damage":30,"enemies":"Gremlin Nob","floor":12,"turns":4},{"damage":0,"enemies":"Lots of Slimes","floor":14,"turns":1},{"damage":0,"enemies":"Slime Boss","floor":16,"turns":5},{"damage":26,"enemies":"Chosen","floor":18,"turns":5},{"damage":17,"enemies":"3 Byrds","floor":20,"turns":4},{"damage":21,"enemies":"Colosseum Slavers","floor":21,"turns":4},{"damage":21,"enemies":"Centurion and Healer","floor":24,"turns":5},{"damage":15,"enemies":"Book of Stabbing","floor":27,"turns":6},{"damage":24,"enemies":"Chosen and Byrds","floor":30,"turns":10},{"damage":43,"enemies":"Cultist and Chosen","floor":31,"turns":9},{"damage":34,"enemies":"Collector","floor":33,"turns":11},{"damage":18,"enemies":"3 Darklings","floor":35,"turns":4},{"damage":7,"enemies":"Time Eater","floor":50,"turns":10}],"seed_played":"3210850672244717413","potions_obtained":[{"floor":1.0,"key":"Weak Potion"},{"floor":2.0,"key":"Energy Potion"},{"floor":4.0,"key":"Regen Potion"},{"floor":6,"key":"Strength Potion"},{"floor":8,"key":"Strength Potion"},{"floor":14,"key":"Strength Potion"},{"floor":16,"key":"FairyPotion"},{"floor":18,"key":"SpeedPotion"},{"floor":20,"key":"LiquidBronze"},{"floor":24,"key":"Strength Potion"},{"floor":27,"key":"SpeedPotion"},{"floor":30,"key":"Energy Potion"},{"floor":31,"key":"SkillPotion"},{"floor":33,"key":"LiquidBronze"},{"floor":35,"key":"EssenceOfSteel"}],"is_trial":false,"path_per_floor":["?","?","?","?","M","?","?","T","?","?","?","?","?"],"character_chosen":"DEFECT","items_purchased":["Symbiotic Virus","Explosive Potion","Glacier","War Paint"],"campfire_rested":6,"item_purchase_floors":[11,11,28,36],"current_hp_per_floor":[70,53,42,39,39,49,49,25,25,47,47,17,39,39,61,61,75,49,49,32,11,11,42,21,33,33,18,18,52,28,1,35,1,75,57,57,57,57,81,81,81,81,81,81,81,91,91,91,91,84],"gold":46,"neow_bonus":"BOSS_RELIC","is_prod":false,"is_daily":false,"chose_seed":false,"campfire_upgraded":2,"win_rate":0,"timestamp":1553084324,"path_taken":["M","M","?","M","?","E","R","?","T","R","$","E","R","M","R","BOSS","M","?","?","?","$","R","M","R","T","E","$","R","M","M","R","BOSS","M","$","?","?","?","R","?","R","T","R","?","R","?","?","R","BOSS"],"build_version":"2019-01-23","purchased_purges":2,"victory":true,"max_hp_per_floor":[75,75,75,75,75,75,75,75,75,75,75,75,75,75,75,75,75,75,75,75,75,75,75,75,75,75,75,75,75,75,75,75,75,75,75,75,75,75,81,81,81,81,81,81,81,91,91,91,91,91],"card_choices":[{"not_picked":["Ball Lightning","Reprogram"],"picked":"Hello World","floor":1.0},{"not_picked":["Redo","Consume"],"picked":"Turbo","floor":2.0},{"not_picked":["Tempest","Compile Driver","Chaos"],"picked":"SKIP","floor":4.0},{"not_picked":["Conserve Battery","Recycle"],"picked":"Doom and Gloom","floor":6},{"not_picked":["FTL","Beam Cell"],"picked":"Defragment","floor":8},{"not_picked":["BootSequence","Compile Driver"],"picked":"Defragment","floor":12},{"not_picked":["Barrage","Hologram"],"picked":"Coolheaded","floor":14},{"not_picked":["Buffer","Creative AI"],"picked":"Multi-Cast","floor":16},{"not_picked":["Hello World","Streamline+1"],"picked":"Hologram","floor":18},{"not_picked":["Static Discharge","Genetic Algorithm"],"picked":"Coolheaded+1","floor":20},{"not_picked":["Aggregate","Stack"],"picked":"Hologram","floor":24},{"not_picked":["Force Field","Sweeping Beam"],"picked":"FTL+1","floor":27},{"not_picked":["Go for the Eyes","Double Energy"],"picked":"Coolheaded","floor":29},{"not_picked":["Ball Lightning+1","Sweeping Beam","Compile Driver+1"],"picked":"SKIP","floor":30},{"not_picked":["Fusion+1","Recycle","Hello World+1"],"picked":"SKIP","floor":31},{"not_picked":["Rebound","Rip and Tear"],"picked":"Electrodynamics","floor":32},{"not_picked":["Rebound+1","Conserve Battery"],"picked":"Scrape+1","floor":35}],"player_experience":218378,"relics_obtained":[{"floor":6,"key":"Emotion Chip"},{"floor":9,"key":"Matryoshka"},{"floor":12,"key":"Blue Candle"},{"floor":26,"key":"Art of War"},{"floor":26,"key":"Dream Catcher"},{"floor":27,"key":"Shovel"},{"floor":38,"key":"Darkstone Periapt"},{"floor":38,"key":"Juzu Bracelet"},{"floor":40,"key":"PreservedInsect"},{"floor":42,"key":"Gremlin Horn"},{"floor":43,"key":"Bottled Tornado"},{"floor":44,"key":"Toxic Egg 2"},{"floor":46,"key":"Pear"},{"floor":49,"key":"Bag of Marbles"}],"event_choices":[{"damage_healed":0.0,"max_hp_gain":0.0,"max_hp_loss":0.0,"gold_gain":75.0,"event_name":"World of Goop","player_choice":"Gather Gold","floor":3.0,"gold_loss":0.0,"damage_taken":11.0},{"damage_healed":0.0,"max_hp_gain":0.0,"max_hp_loss":0.0,"gold_gain":0.0,"event_name":"Living Wall","player_choice":"Grow","floor":5.0,"gold_loss":0.0,"damage_taken":0.0,"cards_upgraded":["Zap"]},{"damage_healed":0,"gold_gain":0,"player_choice":"Searched \u00272\u0027 times","damage_taken":0,"relics_obtained":["Lantern"],"max_hp_gain":0,"max_hp_loss":0,"event_name":"Dead Adventurer","floor":8,"gold_loss":0},{"damage_healed":0,"gold_gain":0,"player_choice":"1 cards matched","damage_taken":0,"max_hp_gain":0,"max_hp_loss":0,"event_name":"Match and Keep!","floor":19,"gold_loss":0,"cards_obtained":["Fission"]},{"damage_healed":0,"gold_gain":0,"player_choice":"Fight","damage_taken":0,"max_hp_gain":0,"max_hp_loss":0,"event_name":"Colosseum","floor":21,"gold_loss":0},{"damage_healed":0,"gold_gain":0,"player_choice":"Fled From Nobs","damage_taken":0,"max_hp_gain":0,"max_hp_loss":0,"event_name":"Colosseum","floor":21,"gold_loss":0},{"damage_healed":0,"gold_gain":0,"player_choice":"Paid","damage_taken":0,"relics_obtained":["Red Mask"],"max_hp_gain":0,"max_hp_loss":0,"event_name":"Tomb of Lord Red Mask","floor":37,"gold_loss":16},{"damage_healed":19,"gold_gain":0,"player_choice":"Writhe","damage_taken":0,"max_hp_gain":0,"max_hp_loss":0,"event_name":"Winding Halls","floor":39,"gold_loss":0,"cards_obtained":["Writhe"]},{"damage_healed":0,"gold_gain":0,"player_choice":"Ignored","damage_taken":0,"max_hp_gain":0,"max_hp_loss":0,"event_name":"Mysterious Sphere","floor":41,"gold_loss":0},{"cards_removed":["Defragment"],"damage_healed":0,"gold_gain":0,"player_choice":"Removed Power","damage_taken":0,"max_hp_gain":0,"max_hp_loss":0,"event_name":"Falling","floor":45,"gold_loss":0},{"damage_healed":0,"gold_gain":0,"player_choice":"Forge","damage_taken":0,"max_hp_gain":0,"max_hp_loss":0,"event_name":"Accursed Blacksmith","floor":47,"gold_loss":0,"cards_upgraded":["Capacitor"]},{"damage_healed":0,"gold_gain":0,"player_choice":"Upgrade","damage_taken":0,"relics_obtained":["Mark of the Bloom"],"max_hp_gain":0,"max_hp_loss":0,"event_name":"MindBloom","floor":48,"gold_loss":0,"cards_upgraded":["Hello World","Turbo","Doom and Gloom","Defragment","Multi-Cast","Hologram","Glacier","Electrodynamics","Tempest","Defragment","FTL","All For One","Self Repair","Defragment"]}],"is_beta":false,"boss_relics":[{"not_picked":["Orrery","Philosopher\u0027s Stone"],"picked":"Eternal Feather"},{"not_picked":["Runic Dome","Lizard Tail"],"picked":"Pandora\u0027s Box"}],"items_purged_floors":[22,36],"is_endless":false,"potions_floor_spawned":[1,2,4,6,8,12,14,16,18,20,21,24,27,30,31,33,35],"ascension_level":2}