{"gold_per_floor":[114,78,93,105,119,119,149,149,172,172,191,191,8,21,21,125,125,137,151,151],"floor_reached":20,"playtime":1067,"items_purged":[],"score":238,"play_id":"432950b2-7061-49a8-9075-7295033002ce","local_time":"20190527214921","is_ascension_mode":true,"campfire_choices":[{"floor":6.0,"key":"REST"},{"data":"Shockwave","floor":8.0,"key":"SMITH"},{"data":"Searing Blow","floor":10.0,"key":"SMITH"},{"floor":15.0,"key":"REST"}],"neow_cost":"NONE","seed_source_timestamp":0,"circlet_count":0,"master_deck":["Strike_R","Strike_R","Strike_R","Strike_R","Strike_R","Defend_R","Defend_R","Defend_R","Defend_R","Bash+1","Clothesline","Shockwave+1","Pommel Strike","Heavy Blade","Armaments","Searing Blow+1","True Grit","Bash","Apotheosis","Thunderclap","Demon Form","Warcry"],"special_seed":0,"relics":["Black Blood","Omamori","Lantern"],"potions_floor_usage":[],"damage_taken":[{"damage":6.0,"enemies":"Cultist","floor":1.0,"turns":3.0},{"damage":4.0,"enemies":"Jaw Worm","floor":3.0,"turns":4.0},{"damage":16.0,"enemies":"2 Louse","floor":4.0,"turns":3.0},{"damage":31.0,"enemies":"Lots of Slimes","floor":5.0,"turns":4.0},{"damage":34.0,"enemies":"Lagavulin","floor":7.0,"turns":7.0},{"damage":13.0,"enemies":"Blue Slaver","floor":11.0,"turns":3.0},{"damage":0.0,"enemies":"Large Slime","floor":14.0,"turns":5.0},{"damage":52.0,"enemies":"Hexaghost","floor":16.0,"turns":12.0},{"damage":24,"enemies":"Shell Parasite","floor":18,"turns":5},{"damage":12,"enemies":"Chosen","floor":19,"turns":5},{"damage":36,"enemies":"Snake Plant","floor":20,"turns":5}],"seed_played":"-398458514280705851","potions_obtained":[{"floor":4.0,"key":"SteroidPotion"},{"floor":5.0,"key":"Weak Potion"},{"floor":11.0,"key":"Fire Potion"},{"floor":18,"key":"SmokeBomb"},{"floor":19,"key":"Poison Potion"}],"is_trial":false,"path_per_floor":["M","$","M","M","M","R","E","R","T","R","M","?","$","M","R","B",null,"M","M","M"],"character_chosen":"IRONCLAD","items_purchased":["Shockwave","Apotheosis"],"campfire_rested":2,"item_purchase_floors":[2,13],"current_hp_per_floor":[72,72,74,64,39,63,35,35,35,35,28,28,28,34,58,12,63,49,47,11],"gold":151,"neow_bonus":"UPGRADE_CARD","is_prod":false,"is_daily":false,"chose_seed":false,"campfire_upgraded":2,"win_rate":0,"timestamp":1559018961,"path_taken":["M","?","?","M","M","R","E","R","T","R","M","?","$","?","R","BOSS","M","M","M"],"build_version":"2019-01-23","purchased_purges":0,"victory":false,"max_hp_per_floor":[80,80,80,80,80,80,80,80,80,80,80,80,80,80,80,80,80,80,80,80],"card_choices":[{"not_picked":["Perfected Strike","Flex"],"picked":"Clothesline","floor":1.0},{"not_picked":["Twin Strike","Evolve"],"picked":"Pommel Strike","floor":3.0},{"not_picked":["Burning Pact","Reckless Charge"],"picked":"Heavy Blade","floor":4.0},{"not_picked":["Sword Boomerang","Clothesline"],"picked":"Armaments","floor":5.0},{"not_picked":["Dropkick","Carnage"],"picked":"Searing Blow","floor":7.0},{"not_picked":["Clash","Dual Wield"],"picked":"True Grit","floor":11.0},{"not_picked":["Havoc","Headbutt"],"picked":"Thunderclap","floor":14.0},{"not_picked":["Feed","Offering"],"picked":"Demon Form","floor":16.0},{"not_picked":["Dropkick+1","Wild Strike"],"picked":"Warcry","floor":18},{"not_picked":["Entrench","Intimidate","Havoc"],"picked":"SKIP","floor":19}],"player_experience":142391,"relics_obtained":[{"floor":7.0,"key":"Omamori"},{"floor":9.0,"key":"Lantern"}],"event_choices":[{"damage_healed":0.0,"max_hp_gain":0.0,"max_hp_loss":0.0,"gold_gain":0.0,"event_name":"Match and Keep!","player_choice":"1 cards matched","floor":12.0,"gold_loss":0.0,"damage_taken":0.0,"cards_obtained":["Bash"]}],"is_beta":false,"boss_relics":[{"not_picked":["Runic Dome","White Beast Statue"],"picked":"Black Blood"}],"items_purged_floors":[],"is_endless":false,"potions_floor_spawned":[4,5,11,14,18,19],"killed_by":"Snake Plant","ascension_level":7}