{"gold_per_floor":[117,135,135,135,85,85,420,446,471,121,121,132,132,145,145,245,245,261,42,42,57,74,74,100,100,100,100,199,211,237,9,9,108,108,124,134,134,134,134,134,147,147,147,147,107,140,151,164,164,164,164,164,9,38,38],"floor_reached":55,"playtime":2339,"items_purged":[],"score":818,"play_id":"35b17ff2-35eb-44f3-8057-2abaad0011fa","local_time":"20190509143911","is_ascension_mode":true,"campfire_choices":[{"data":"Zap","floor":6,"key":"SMITH"},{"floor":11,"key":"REST"},{"data":"Sunder","floor":13,"key":"SMITH"},{"data":"Conserve Battery","floor":15,"key":"SMITH"},{"data":"Biased Cognition","floor":23,"key":"SMITH"},{"floor":25,"key":"REST"},{"data":"Reinforced Body","floor":27,"key":"SMITH"},{"floor":32,"key":"REST"},{"data":"Biased Cognition","floor":40,"key":"SMITH"},{"floor":44,"key":"RECALL"},{"floor":49,"key":"REST"},{"data":"Go for the Eyes","floor":52,"key":"SMITH"}],"neow_cost":"PERCENT_DAMAGE","seed_source_timestamp":17628281483899,"circlet_count":0,"master_deck":["Defend_B","Defend_B","Defend_B+1","Zap+1","Dualcast+1","Go for the Eyes+1","Cold Snap","Doom and Gloom","Gash","Sunder+1","Capacitor","Conserve Battery+1","Capacitor","Biased Cognition+1","Reinforced Body+1","Ball Lightning","Leap+1","Biased Cognition+1","Cold Snap+1"],"relics":["Cracked Core","Old Coin","Odd Mushroom","Vajra","Mercury Hourglass","Busted Crown","ClockworkSouvenir","Enchiridion","Potion Belt","Singing Bowl","Boot","Pen Nib","Inserter","Turnip","War Paint","Calipers"],"potions_floor_usage":[7,8,16,46,46,46,46,50,54,55],"damage_taken":[{"damage":10,"enemies":"Small Slimes","floor":1,"turns":3},{"damage":0,"enemies":"Jaw Worm","floor":2,"turns":3},{"damage":6,"enemies":"3 Sentries","floor":7,"turns":10},{"damage":11,"enemies":"The Mushroom Lair","floor":8,"turns":4},{"damage":0,"enemies":"2 Louse","floor":12,"turns":2},{"damage":0,"enemies":"Large Slime","floor":14,"turns":3},{"damage":0,"enemies":"Slime Boss","floor":16,"turns":3},{"damage":4,"enemies":"Chosen","floor":18,"turns":3},{"damage":1,"enemies":"2 Thieves","floor":21,"turns":2},{"damage":15,"enemies":"Sentry and Sphere","floor":22,"turns":4},{"damage":17,"enemies":"Gremlin Leader","floor":24,"turns":5},{"damage":4,"enemies":"Chosen and Byrds","floor":29,"turns":4},{"damage":11,"enemies":"Book of Stabbing","floor":30,"turns":4},{"damage":15,"enemies":"Champ","floor":33,"turns":6},{"damage":15,"enemies":"3 Darklings","floor":35,"turns":4},{"damage":10,"enemies":"Orb Walker","floor":36,"turns":3},{"damage":6,"enemies":"Sphere and 2 Shapes","floor":41,"turns":5},{"damage":31,"enemies":"Reptomancer","floor":46,"turns":6},{"damage":3,"enemies":"3 Darklings","floor":47,"turns":3},{"damage":4,"enemies":"Spire Growth","floor":48,"turns":5},{"damage":20,"enemies":"Donu and Deca","floor":50,"turns":10},{"damage":30,"enemies":"Shield and Spear","floor":54,"turns":9},{"damage":71,"enemies":"The Heart","floor":55,"turns":5}],"seed_played":"-3393192773427501221","potions_obtained":[{"floor":2,"key":"Strength Potion"},{"floor":7,"key":"Regen Potion"},{"floor":12,"key":"FocusPotion"},{"floor":14,"key":"Explosive Potion"},{"floor":18,"key":"Swift Potion"},{"floor":30,"key":"GamblersBrew"},{"floor":36,"key":"FocusPotion"},{"floor":47,"key":"Poison Potion"},{"floor":48,"key":"Explosive Potion"}],"is_trial":false,"path_per_floor":["?","?","?","?","M","?","?","?","?","?"],"character_chosen":"DEFECT","items_purchased":["Sunder","Capacitor","Mercury Hourglass","ClockworkSouvenir","Ball Lightning","Leap","Pen Nib","Strength Potion","War Paint"],"campfire_rested":4,"item_purchase_floors":[10,10,10,19,19,31,31,31,53],"current_hp_per_floor":[44,44,37,42,42,42,36,34,34,34,58,58,58,58,58,58,80,76,76,60,59,44,44,27,51,51,51,51,49,40,40,65,50,84,69,61,61,61,61,61,57,57,57,57,57,28,27,25,53,33,94,94,94,66,0],"gold":38,"neow_bonus":"REMOVE_TWO","is_prod":false,"is_daily":false,"chose_seed":false,"campfire_upgraded":7,"win_rate":0,"timestamp":1557405551,"path_taken":["M","M","?","?","?","R","E","?","T","$","R","M","R","?","R","BOSS","M","$","?","M","M","R","E","R","T","R","?","M","E","$","R","BOSS","M","M","?","$","?","R","M","$","T","R","?","E","M","M","R","BOSS","R","$","E","BOSS"],"build_version":"2019-01-23","purchased_purges":0,"victory":false,"max_hp_per_floor":[75,75,75,80,80,80,80,80,80,80,80,80,80,80,80,80,80,80,80,80,80,80,80,80,80,80,80,80,82,84,84,84,84,84,84,86,86,86,86,86,88,88,88,88,88,90,92,94,94,94,94,94,94,96,96],"card_choices":[{"not_picked":["Beam Cell","Blizzard"],"picked":"Go for the Eyes","floor":1},{"not_picked":["Streamline","Leap"],"picked":"Cold Snap","floor":2},{"not_picked":["Beam Cell","Chaos"],"picked":"Doom and Gloom","floor":7},{"not_picked":["Streamline","Steam Power"],"picked":"Gash","floor":8},{"not_picked":["Rebound","Recycle"],"picked":"Conserve Battery","floor":12},{"not_picked":["Stack","Chill"],"picked":"Capacitor","floor":14},{"not_picked":["All For One","Amplify"],"picked":"Biased Cognition","floor":16},{"not_picked":[],"picked":"Reinforced Body","floor":18},{"not_picked":["Streamline+1"],"picked":"SKIP","floor":21},{"not_picked":["Streamline+1"],"picked":"SKIP","floor":22},{"not_picked":["Sweeping Beam"],"picked":"SKIP","floor":24},{"not_picked":["Redo"],"picked":"Singing Bowl","floor":29},{"not_picked":["Aggregate"],"picked":"Singing Bowl","floor":30},{"not_picked":[],"picked":"Biased Cognition","floor":33},{"not_picked":[],"picked":"Cold Snap+1","floor":35},{"not_picked":["Rebound"],"picked":"Singing Bowl","floor":36},{"not_picked":["Compile Driver+1"],"picked":"Singing Bowl","floor":41},{"not_picked":["Melter+1"],"picked":"Singing Bowl","floor":46},{"not_picked":["Compile Driver+1"],"picked":"Singing Bowl","floor":47},{"not_picked":["Turbo+1"],"picked":"Singing Bowl","floor":48},{"not_picked":["Turbo+1"],"picked":"Singing Bowl","floor":54}],"player_experience":607964,"relics_obtained":[{"floor":7,"key":"Old Coin"},{"floor":8,"key":"Odd Mushroom"},{"floor":9,"key":"Vajra"},{"floor":20,"key":"Enchiridion"},{"floor":24,"key":"Potion Belt"},{"floor":26,"key":"Singing Bowl"},{"floor":30,"key":"Boot"},{"floor":46,"key":"Turnip"},{"floor":54,"key":"Calipers"}],"event_choices":[{"cards_removed":["Strike_B"],"damage_healed":0,"gold_gain":0,"player_choice":"Card Removal","damage_taken":7,"max_hp_gain":0,"max_hp_loss":0,"event_name":"Golden Wing","floor":3,"gold_loss":0},{"damage_healed":0,"gold_gain":0,"player_choice":"Donut","damage_taken":0,"max_hp_gain":5,"max_hp_loss":0,"event_name":"Big Fish","floor":4,"gold_loss":0},{"cards_removed":["Strike_B"],"damage_healed":0,"gold_gain":0,"player_choice":"Card Removal","damage_taken":0,"max_hp_gain":0,"max_hp_loss":0,"event_name":"The Cleric","floor":5,"gold_loss":50},{"damage_healed":0,"gold_gain":0,"player_choice":"Fought Mushrooms","damage_taken":0,"max_hp_gain":0,"max_hp_loss":0,"event_name":"Mushrooms","floor":8,"gold_loss":0},{"damage_healed":0,"gold_gain":0,"player_choice":"Obtained Book","damage_taken":16,"max_hp_gain":0,"max_hp_loss":0,"event_name":"Cursed Tome","floor":20,"gold_loss":0},{"damage_healed":0,"gold_gain":99,"player_choice":"Stole From Cult","damage_taken":0,"max_hp_gain":0,"max_hp_loss":0,"event_name":"Nest","floor":28,"gold_loss":0},{"cards_removed":["Defend_B"],"damage_healed":0,"gold_gain":0,"player_choice":"Removed Skill","damage_taken":0,"max_hp_gain":0,"max_hp_loss":0,"event_name":"Falling","floor":37,"gold_loss":0},{"damage_healed":0,"gold_gain":0,"player_choice":"Ignored","damage_taken":0,"max_hp_gain":0,"max_hp_loss":0,"event_name":"Tomb of Lord Red Mask","floor":39,"gold_loss":0},{"damage_healed":0,"gold_gain":0,"player_choice":"Upgrade","damage_taken":0,"max_hp_gain":0,"max_hp_loss":0,"event_name":"Designer","floor":45,"gold_loss":40,"cards_upgraded":["Leap"]}],"is_beta":false,"boss_relics":[{"not_picked":["Black Star","Runic Pyramid"],"picked":"Busted Crown"},{"not_picked":["Coffee Dripper","Runic Dome"],"picked":"Inserter"}],"items_purged_floors":[],"is_endless":false,"potions_floor_spawned":[2,7,12,14,18,30,36,47,48],"killed_by":"The Heart","ascension_level":1}