{"gold_per_floor":[113,113,113,126,144,175,175,209,209,235,245,170,170,189,189,189],"floor_reached":16,"playtime":621,"items_purged":["Strike_R"],"score":120,"play_id":"22baaa1e-aea9-4ee0-90f3-6071ef3142a2","local_time":"20190721162745","is_ascension_mode":false,"campfire_choices":[{"data":"True Grit","floor":7.0,"key":"SMITH"},{"data":"Defend_R","floor":13.0,"key":"PURGE"},{"data":"Shockwave","floor":15.0,"key":"SMITH"}],"neow_cost":"NONE","seed_source_timestamp":249163109697676,"circlet_count":0,"master_deck":["Strike_R","Strike_R","Strike_R","Strike_R","Defend_R","Defend_R","Defend_R","Bash","Madness","Iron Wave","Iron Wave","True Grit+1","Impervious","Thunderclap","Iron Wave","Shockwave+1"],"special_seed":0,"relics":["Burning Blood","Vajra","Dodecahedron","Ancient Tea Set","Strawberry","Peace Pipe"],"potions_floor_usage":[16,16],"damage_taken":[{"damage":7.0,"enemies":"Small Slimes","floor":1.0,"turns":2.0},{"damage":0.0,"enemies":"2 Louse","floor":4.0,"turns":3.0},{"damage":1.0,"enemies":"Cultist","floor":5.0,"turns":3.0},{"damage":31.0,"enemies":"Lagavulin","floor":6.0,"turns":4.0},{"damage":14.0,"enemies":"Gremlin Nob","floor":8.0,"turns":4.0},{"damage":21.0,"enemies":"3 Sentries","floor":10.0,"turns":7.0},{"damage":11.0,"enemies":"Looter","floor":11.0,"turns":3.0},{"damage":4.0,"enemies":"3 Louse","floor":14.0,"turns":3.0},{"damage":44,"enemies":"Slime Boss","floor":16,"turns":8}],"seed_played":"-181407094919486395","potions_obtained":[{"floor":3.0,"key":"Fire Potion"},{"floor":3.0,"key":"SneckoOil"},{"floor":3.0,"key":"SneckoOil"},{"floor":4.0,"key":"Strength Potion"},{"floor":5.0,"key":"EntropicBrew"},{"floor":10.0,"key":"Block Potion"}],"is_trial":false,"path_per_floor":["M","?","?","M","M","E","R","E","T","E","M","$","R","M","R","B"],"character_chosen":"IRONCLAD","items_purchased":[],"campfire_rested":0,"item_purchase_floors":[],"current_hp_per_floor":[79,72,72,78,80,55,55,47,54,39,34,34,34,36,36,0],"gold":189,"neow_bonus":"RANDOM_COLORLESS","is_prod":false,"is_daily":false,"chose_seed":false,"campfire_upgraded":2,"win_rate":0,"timestamp":1563751665,"path_taken":["M","?","?","M","?","E","R","E","T","E","M","$","R","M","R","BOSS"],"build_version":"2019-07-18","purchased_purges":1,"victory":false,"max_hp_per_floor":[80,80,80,80,80,80,80,80,87,87,87,87,87,87,87,87],"card_choices":[{"not_picked":["Warcry","Wild Strike"],"picked":"Iron Wave","floor":1.0},{"not_picked":["Pommel Strike","Wild Strike"],"picked":"Iron Wave","floor":4.0},{"not_picked":["Sword Boomerang","Clothesline"],"picked":"True Grit","floor":5.0},{"not_picked":["Brutality","Warcry"],"picked":"Impervious","floor":6.0},{"not_picked":["Headbutt","Flex"],"picked":"Thunderclap","floor":8.0},{"not_picked":["Pommel Strike","Sword Boomerang"],"picked":"Iron Wave","floor":10.0},{"not_picked":["Perfected Strike","Twin Strike","Heavy Blade"],"picked":"SKIP","floor":11.0},{"not_picked":["Cleave","Headbutt"],"picked":"Shockwave","floor":14.0}],"player_experience":1179880,"relics_obtained":[{"floor":6.0,"key":"Dodecahedron"},{"floor":8.0,"key":"Ancient Tea Set"},{"floor":9.0,"key":"Strawberry"},{"floor":10.0,"key":"Peace Pipe"}],"event_choices":[{"damage_healed":0.0,"max_hp_gain":0.0,"max_hp_loss":0.0,"gold_gain":0.0,"event_name":"Scrap Ooze","player_choice":"Success","floor":2.0,"gold_loss":0.0,"damage_taken":7.0,"relics_obtained":["Vajra"]},{"damage_healed":0.0,"max_hp_gain":0.0,"max_hp_loss":0.0,"gold_gain":0.0,"event_name":"Lab","player_choice":"Got Potions","floor":3.0,"gold_loss":0.0,"damage_taken":0.0}],"is_beta":true,"boss_relics":[],"items_purged_floors":[12],"is_endless":false,"potions_floor_spawned":[4,5,10],"killed_by":"Slime Boss","ascension_level":0}