{"gold_per_floor":[20,30,205,219,72,72,90,90,137,170,170,201,201,44,44,173,173,188,38,38,61,61],"floor_reached":22,"playtime":1724,"items_purged":["Doubt"],"score":202,"play_id":"293e7ec8-3e14-479c-957b-77e2f989450c","local_time":"20190510101249","is_ascension_mode":true,"campfire_choices":[{"data":"Creative AI","floor":8,"key":"SMITH"},{"floor":11,"key":"REST"},{"data":"Zap","floor":13,"key":"SMITH"},{"data":"Consume","floor":15,"key":"SMITH"}],"neow_cost":"NO_GOLD","seed_source_timestamp":2753206138428,"circlet_count":0,"master_deck":["Strike_B","Defend_B","Defend_B","Defend_B","Defend_B","Zap+1","Dualcast","Creative AI+1","Sweeping Beam","Self Repair","Reinforced Body","Turbo","Ball Lightning","Doom and Gloom","Capacitor","Consume+1","Seek","Steam Power+1","Echo Form+1","FTL+1","Self Repair","Undo+1"],"relics":["Cracked Core","Lantern","Golden Idol","Regal Pillow","DataDisk","Centennial Puzzle","Astrolabe","CultistMask"],"potions_floor_usage":[10,12],"damage_taken":[{"damage":1,"enemies":"Cultist","floor":1,"turns":3},{"damage":13,"enemies":"2 Louse","floor":2,"turns":4},{"damage":2,"enemies":"Small Slimes","floor":4,"turns":3},{"damage":6,"enemies":"Exordium Thugs","floor":7,"turns":4},{"damage":47,"enemies":"Gremlin Nob","floor":10,"turns":8},{"damage":30,"enemies":"3 Sentries","floor":12,"turns":5},{"damage":44,"enemies":"Hexaghost","floor":16,"turns":8},{"damage":34,"enemies":"Spheric Guardian","floor":18,"turns":5},{"damage":37,"enemies":"Shell Parasite","floor":21,"turns":6},{"damage":41,"enemies":"Centurion and Healer","floor":22,"turns":6}],"seed_played":"-6118957674499205574","potions_obtained":[{"floor":1,"key":"Ancient Potion"},{"floor":7,"key":"SpeedPotion"},{"floor":10,"key":"Regen Potion"}],"is_trial":false,"path_per_floor":["?","?","?","M"],"character_chosen":"DEFECT","items_purchased":["Lantern","Capacitor","Consume","Self Repair"],"campfire_rested":1,"item_purchase_floors":[5,14,14,19],"current_hp_per_floor":[74,61,61,66,66,66,67,67,67,27,62,51,51,51,51,7,69,49,49,49,33,0],"gold":61,"neow_bonus":"THREE_RARE_CARDS","is_prod":false,"is_daily":false,"chose_seed":false,"campfire_upgraded":3,"win_rate":0,"timestamp":1557475969,"path_taken":["M","M","?","M","$","?","M","R","T","E","R","E","R","$","R","BOSS","M","$","?","?","M"],"build_version":"2019-01-23","purchased_purges":1,"victory":false,"max_hp_per_floor":[75,75,75,75,75,69,69,69,69,69,69,69,69,69,69,69,69,69,69,69,69,69],"card_choices":[{"not_picked":["Seek","Multi-Cast"],"picked":"Creative AI","floor":0},{"not_picked":["Rip and Tear","Auto Shields"],"picked":"Sweeping Beam","floor":1},{"not_picked":["BootSequence","Beam Cell"],"picked":"Self Repair","floor":2},{"not_picked":["White Noise","Leap"],"picked":"Reinforced Body","floor":4},{"not_picked":["Streamline","Compile Driver"],"picked":"Turbo","floor":7},{"not_picked":["Tempest","Stack"],"picked":"Ball Lightning","floor":10},{"not_picked":["Redo","All For One"],"picked":"Doom and Gloom","floor":12},{"not_picked":["Fission","All For One"],"picked":"Seek","floor":16},{"not_picked":["Steam","Rebound+1","Stack"],"picked":"SKIP","floor":18},{"not_picked":["Storm+1","Self Repair+1"],"picked":"Undo+1","floor":21}],"player_experience":620856,"relics_obtained":[{"floor":9,"key":"Regal Pillow"},{"floor":10,"key":"DataDisk"},{"floor":12,"key":"Centennial Puzzle"}],"event_choices":[{"damage_healed":0,"gold_gain":175,"player_choice":"AGREE","damage_taken":0,"max_hp_gain":0,"max_hp_loss":0,"event_name":"Liars Game","floor":3,"gold_loss":0,"cards_obtained":["Doubt"]},{"damage_healed":0,"gold_gain":0,"player_choice":"Lose Max HP","damage_taken":0,"relics_obtained":["Golden Idol"],"max_hp_gain":0,"max_hp_loss":6,"event_name":"Golden Idol","floor":6,"gold_loss":0},{"damage_healed":0,"gold_gain":0,"player_choice":"Trade","damage_taken":0,"relics_obtained":["CultistMask"],"max_hp_gain":0,"max_hp_loss":0,"event_name":"FaceTrader","floor":20,"gold_loss":0}],"is_beta":false,"boss_relics":[{"not_picked":["Calling Bell","Coffee Dripper"],"picked":"Astrolabe"}],"items_purged_floors":[19],"is_endless":false,"potions_floor_spawned":[1,7,10],"killed_by":"Centurion and Healer","ascension_level":1}