{"gold_per_floor":[115,127,146,146,146,158,205,217,314,356,368,410,438,485,497,609,621,645,673,685,722,750,762,802,814,826,866,878,909,949,911,923,1032,1044,1069,388,398,398,415,444,444,27,27,27,27,61,61,84,84,84,84,84,38,70,70],"floor_reached":56,"playtime":3751,"items_purged":["Doubt","Strike_G"],"score":1457,"play_id":"4e56baee-8bbd-41c4-a64c-9d3af0de8a6d","local_time":"20190709080820","is_ascension_mode":true,"campfire_choices":[{"data":"Neutralize","floor":6.0,"key":"SMITH"},{"data":"Tools of the Trade","floor":8.0,"key":"SMITH"},{"data":"Cloak And Dagger","floor":11.0,"key":"SMITH"},{"floor":15.0,"key":"REST"},{"floor":23.0,"key":"REST"},{"data":"Tools of the Trade","floor":25.0,"key":"SMITH"},{"data":"After Image","floor":28.0,"key":"SMITH"},{"floor":32.0,"key":"REST"},{"floor":41.0,"key":"RECALL"},{"data":"Accuracy","floor":47.0,"key":"SMITH"},{"data":"After Image","floor":49.0,"key":"SMITH"},{"data":"Panache","floor":52.0,"key":"SMITH"}],"neow_cost":"NONE","seed_source_timestamp":0,"circlet_count":0,"master_deck":["Defend_G","Defend_G","Defend_G","Defend_G","Defend_G","Strike_G","Survivor","Neutralize+1","Poisoned Stab","Caltrops","Cloak And Dagger+1","Tools of the Trade+1","Decay","Cloak And Dagger","Dash","Deadly Poison+1","After Image+1","Blur+1","Deadly Poison+1","Acrobatics+1","Blade Dance+1","Cloak And Dagger+1","Acrobatics+1","Tools of the Trade+1","After Image+1","Backflip+1","Prepared+1","Die Die Die+1","Underhanded Strike+1","Reflex+1","Backstab+1","Panache+1","Reflex+1","Tactician+1","Blade Dance+1","Adrenaline+1","Crippling Poison+1","Accuracy+1","Flash of Steel+1","Shame","Panacea+1","Thinking Ahead+1","Finesse+1","Injury","Underhanded Strike+1","Night Terror+1"],"special_seed":0,"relics":["Cursed Key","MawBank","Centennial Puzzle","Tiny Chest","Matryoshka","Toxic Egg 2","Astrolabe","Red Mask","Dream Catcher","Molten Egg 2","Meat on the Bone","Paper Crane","Sundial","Philosopher\u0027s Stone","Bag of Marbles","Happy Flower","Potion Belt","Blue Candle","Mummified Hand","Boot","Torii"],"potions_floor_usage":[],"damage_taken":[{"damage":1.0,"enemies":"Cultist","floor":1.0,"turns":5.0},{"damage":0.0,"enemies":"2 Louse","floor":2.0,"turns":2.0},{"damage":2.0,"enemies":"Small Slimes","floor":3.0,"turns":4.0},{"damage":20.0,"enemies":"Lagavulin","floor":7.0,"turns":9.0},{"damage":12.0,"enemies":"3 Sentries","floor":12.0,"turns":8.0},{"damage":1.0,"enemies":"Exordium Wildlife","floor":13.0,"turns":5.0},{"damage":0.0,"enemies":"Lagavulin","floor":14.0,"turns":7.0},{"damage":12.0,"enemies":"The Guardian","floor":16.0,"turns":11.0},{"damage":0.0,"enemies":"Chosen","floor":18.0,"turns":4.0},{"damage":13.0,"enemies":"3 Byrds","floor":19.0,"turns":4.0},{"damage":14.0,"enemies":"Colosseum Slavers","floor":20.0,"turns":4.0},{"damage":18.0,"enemies":"Masked Bandits","floor":21.0,"turns":5.0},{"damage":6.0,"enemies":"Centurion and Healer","floor":22.0,"turns":7.0},{"damage":6.0,"enemies":"Gremlin Leader","floor":24.0,"turns":9.0},{"damage":15.0,"enemies":"Book of Stabbing","floor":27.0,"turns":6.0},{"damage":0.0,"enemies":"Snecko","floor":29.0,"turns":5.0},{"damage":7.0,"enemies":"Slavers","floor":30.0,"turns":7.0},{"damage":23.0,"enemies":"Automaton","floor":33.0,"turns":12.0},{"damage":2.0,"enemies":"3 Shapes","floor":35.0,"turns":6.0},{"damage":0.0,"enemies":"3 Darklings","floor":37.0,"turns":4.0},{"damage":0.0,"enemies":"Sphere and 2 Shapes","floor":39.0,"turns":5.0},{"damage":0.0,"enemies":"Giant Head","floor":40.0,"turns":8.0},{"damage":1.0,"enemies":"Reptomancer","floor":46.0,"turns":5.0},{"damage":2.0,"enemies":"Awakened One","floor":50.0,"turns":9.0},{"damage":8.0,"enemies":"Shield and Spear","floor":54.0,"turns":4.0},{"damage":28,"enemies":"The Heart","floor":55,"turns":8}],"seed_played":"7071386851567522322","potions_obtained":[{"floor":2.0,"key":"SpeedPotion"},{"floor":3.0,"key":"Swift Potion"},{"floor":14.0,"key":"SpeedPotion"},{"floor":16.0,"key":"SteroidPotion"},{"floor":19.0,"key":"SpeedPotion"},{"floor":21.0,"key":"FearPotion"},{"floor":24.0,"key":"Weak Potion"},{"floor":27.0,"key":"Poison Potion"},{"floor":30.0,"key":"EssenceOfSteel"},{"floor":33.0,"key":"EssenceOfSteel"},{"floor":40.0,"key":"SteroidPotion"}],"is_trial":false,"path_per_floor":["M","?","?","M","?","?","?","M","?","?","?","T"],"character_chosen":"THE_SILENT","items_purchased":["Reflex+1","Backstab+1","Bag of Marbles","Happy Flower","Panache","Adrenaline+1","Crippling Poison+1","Accuracy","Flash of Steel+1","Underhanded Strike+1"],"campfire_rested":3,"item_purchase_floors":[36,36,36,36,36,42,42,42,42,53],"current_hp_per_floor":[69,69,67,67,64,64,44,44,44,44,44,32,31,31,52,40,70,70,57,43,25,19,40,34,34,34,31,31,43,36,36,57,46,70,68,68,68,68,68,68,68,68,68,58,58,57,57,57,57,55,70,70,70,62,46],"gold":70,"neow_bonus":"BOSS_RELIC","is_prod":false,"is_daily":false,"chose_seed":false,"campfire_upgraded":8,"win_rate":0,"timestamp":1562652500,"path_taken":["M","?","M","$","?","R","E","R","T","?","R","E","?","E","R","BOSS","M","M","?","?","M","R","E","R","T","E","R","M","E","?","R","BOSS","M","$","?","?","M","E","R","$","T","?","?","E","R","?","R","BOSS","R","$","E","BOSS"],"build_version":"2019-01-23","purchased_purges":2,"victory":true,"max_hp_per_floor":[70,70,70,70,70,70,70,70,70,70,70,70,70,70,70,70,70,70,70,70,70,70,70,70,70,70,70,70,70,70,70,70,70,70,70,70,70,70,70,70,70,70,70,70,70,70,70,70,70,70,70,70,70,70,70],"card_choices":[{"not_picked":["Dagger Throw","Bane"],"picked":"Poisoned Stab","floor":1.0},{"not_picked":["Bane","Sucker Punch"],"picked":"Caltrops","floor":2.0},{"not_picked":["Outmaneuver","Poisoned Stab"],"picked":"Cloak And Dagger","floor":3.0},{"not_picked":["Infinite Blades","Accuracy"],"picked":"Tools of the Trade","floor":7.0},{"not_picked":["Distraction","Endless Agony"],"picked":"Cloak And Dagger","floor":12.0},{"not_picked":["Dagger Spray","Underhanded Strike"],"picked":"Dash","floor":13.0},{"not_picked":["Tools of the Trade","Underhanded Strike"],"picked":"Deadly Poison","floor":14.0},{"not_picked":["Tools of the Trade","Venomology+1"],"picked":"After Image","floor":16.0},{"not_picked":["Deflect+1","Prepared+1"],"picked":"Acrobatics+1","floor":18.0},{"not_picked":["Prepared+1","Poisoned Stab"],"picked":"Blade Dance+1","floor":19.0},{"not_picked":["Outmaneuver+1","Blade Dance+1"],"picked":"Cloak And Dagger+1","floor":21.0},{"not_picked":["Heel Hook+1","Slice+1"],"picked":"Acrobatics+1","floor":22.0},{"not_picked":["Riddle With Holes","Endless Agony"],"picked":"Tools of the Trade","floor":24.0},{"not_picked":["Cloak And Dagger+1","Endless Agony+1"],"picked":"After Image","floor":27.0},{"not_picked":["Deadly Poison+1","Flying Knee+1"],"picked":"Backflip+1","floor":29.0},{"not_picked":["Predator+1","Quick Slash+1"],"picked":"Prepared+1","floor":30.0},{"not_picked":["Doppelganger+1","Venomology+1"],"picked":"Die Die Die+1","floor":33.0},{"not_picked":["Infinite Blades+1","Deadly Poison+1"],"picked":"Underhanded Strike+1","floor":35.0},{"not_picked":["Finisher+1","Dagger Throw+1"],"picked":"Reflex+1","floor":37.0},{"not_picked":["Caltrops","Dash+1"],"picked":"Tactician+1","floor":39.0},{"not_picked":["Underhanded Strike+1","Caltrops+1"],"picked":"Blade Dance+1","floor":40.0},{"not_picked":["Madness+1","Transmutation+1"],"picked":"Panacea+1","floor":44.0},{"not_picked":["The Bomb+1","Purity+1"],"picked":"Thinking Ahead+1","floor":44.0},{"not_picked":["PanicButton+1","Purity+1"],"picked":"Finesse+1","floor":44.0},{"not_picked":["Expertise+1","Slice+1","Heel Hook+1"],"picked":"SKIP","floor":46.0},{"not_picked":["Endless Agony+1","Escape Plan+1"],"picked":"Night Terror+1","floor":54.0}],"player_experience":990587,"relics_obtained":[{"floor":7.0,"key":"Centennial Puzzle"},{"floor":9.0,"key":"Tiny Chest"},{"floor":12.0,"key":"Matryoshka"},{"floor":14.0,"key":"Toxic Egg 2"},{"floor":21.0,"key":"Red Mask"},{"floor":24.0,"key":"Dream Catcher"},{"floor":26.0,"key":"Molten Egg 2"},{"floor":26.0,"key":"Meat on the Bone"},{"floor":27.0,"key":"Paper Crane"},{"floor":30.0,"key":"Sundial"},{"floor":40.0,"key":"Potion Belt"},{"floor":43.0,"key":"Blue Candle"},{"floor":46.0,"key":"Mummified Hand"},{"floor":48.0,"key":"Boot"},{"floor":54.0,"key":"Torii"}],"event_choices":[{"damage_healed":0.0,"max_hp_gain":0.0,"max_hp_loss":0.0,"gold_gain":0.0,"event_name":"Scrap Ooze","player_choice":"Success","floor":5.0,"gold_loss":0.0,"damage_taken":3.0,"relics_obtained":["MawBank"]},{"damage_healed":0.0,"max_hp_gain":0.0,"max_hp_loss":0.0,"gold_gain":30.0,"event_name":"Dead Adventurer","player_choice":"Searched \u00271\u0027 times","floor":10.0,"gold_loss":0.0,"damage_taken":0.0},{"damage_healed":0.0,"max_hp_gain":0.0,"max_hp_loss":0.0,"gold_gain":0.0,"event_name":"Colosseum","player_choice":"Fight","floor":20.0,"gold_loss":0.0,"damage_taken":0.0},{"damage_healed":0.0,"max_hp_gain":0.0,"max_hp_loss":0.0,"gold_gain":0.0,"event_name":"Colosseum","player_choice":"Fled From Nobs","floor":20.0,"gold_loss":0.0,"damage_taken":0.0},{"damage_healed":0.0,"max_hp_gain":0.0,"max_hp_loss":0.0,"gold_gain":0.0,"event_name":"Masked Bandits","player_choice":"Fought Bandits","floor":21.0,"gold_loss":0.0,"damage_taken":0.0},{"damage_healed":0.0,"max_hp_gain":0.0,"max_hp_loss":0.0,"gold_gain":0.0,"event_name":"The Joust","player_choice":"Bet on Murderer","floor":31.0,"gold_loss":50.0,"damage_taken":0.0},{"cards_removed":["Poisoned Stab"],"damage_healed":0.0,"max_hp_gain":0.0,"max_hp_loss":0.0,"gold_gain":0.0,"event_name":"Falling","player_choice":"Removed Attack","floor":38.0,"gold_loss":0.0,"damage_taken":0.0},{"damage_healed":0.0,"max_hp_gain":0.0,"max_hp_loss":0.0,"gold_gain":0.0,"event_name":"SensoryStone","player_choice":"Memory 3","floor":44.0,"gold_loss":0.0,"damage_taken":10.0},{"damage_healed":0.0,"max_hp_gain":0.0,"max_hp_loss":0.0,"gold_gain":0.0,"event_name":"Mysterious Sphere","player_choice":"Ignored","floor":45.0,"gold_loss":0.0,"damage_taken":0.0}],"is_beta":false,"boss_relics":[{"not_picked":["Runic Dome","Snecko Eye"],"picked":"Astrolabe"},{"not_picked":["Busted Crown","Velvet Choker"],"picked":"Philosopher\u0027s Stone"}],"items_purged_floors":[36,42],"is_endless":false,"potions_floor_spawned":[2,3,14,16,19,21,24,27,30,33,40],"ascension_level":1}