{"gold_per_floor":[113,130,80,96,171,229,229,254,279,279,298,298,18,33,33,138,138,148,148],"floor_reached":19,"playtime":752,"items_purged":[],"score":238,"play_id":"65ccc974-74da-400b-a7aa-a7cb4b6218f1","local_time":"20190621082044","is_ascension_mode":true,"campfire_choices":[{"data":"Footwork","floor":7,"key":"SMITH"},{"floor":10,"key":"REST"},{"data":"Deadly Poison","floor":12,"key":"SMITH"},{"floor":15,"key":"REST"}],"neow_cost":"NONE","seed_source_timestamp":2897696211496,"circlet_count":0,"master_deck":["Defend_G","Defend_G","Defend_G","Defend_G","Defend_G","Strike_G","Strike_G","Strike_G","Strike_G","Survivor","Neutralize","Malaise","Footwork+1","Deadly Poison+1","Sucker Punch","Crippling Poison","Deadly Poison","Corpse Explosion","Malaise","Adrenaline","Deadly Poison+1"],"relics":["Ring of the Snake","Tiny Chest","Ancient Tea Set","Lantern","Membership Card","Cursed Key"],"potions_floor_usage":[6,6,19],"damage_taken":[{"damage":1,"enemies":"Small Slimes","floor":1,"turns":5},{"damage":4,"enemies":"2 Louse","floor":2,"turns":6},{"damage":1,"enemies":"Jaw Worm","floor":4,"turns":5},{"damage":6,"enemies":"Lagavulin","floor":6,"turns":11},{"damage":34,"enemies":"Gremlin Nob","floor":8,"turns":6},{"damage":1,"enemies":"Gremlin Gang","floor":11,"turns":4},{"damage":0,"enemies":"2 Fungi Beasts","floor":14,"turns":3},{"damage":0,"enemies":"Hexaghost","floor":16,"turns":11},{"damage":12,"enemies":"2 Thieves","floor":18,"turns":5},{"damage":10,"enemies":"Colosseum Slavers","floor":19,"turns":4},{"damage":51,"enemies":"Colosseum Nobs","floor":19,"turns":5}],"seed_played":"-4709546342957959246","potions_obtained":[{"floor":1,"key":"Swift Potion"},{"floor":2,"key":"GamblersBrew"},{"floor":8,"key":"SteroidPotion"}],"is_trial":false,"path_per_floor":["?","?","?"],"character_chosen":"THE_SILENT","items_purchased":["Membership Card","Corpse Explosion"],"campfire_rested":2,"item_purchase_floors":[13,13],"current_hp_per_floor":[69,65,65,64,53,47,47,13,13,34,33,33,33,33,54,54,70,58,0],"gold":148,"neow_bonus":"ONE_RANDOM_RARE_CARD","is_prod":false,"is_daily":false,"chose_seed":false,"campfire_upgraded":2,"win_rate":0,"timestamp":1561098044,"path_taken":["M","M","?","M","?","E","R","E","T","R","M","R","$","M","R","BOSS","M","?"],"build_version":"2019-01-23","purchased_purges":0,"victory":false,"max_hp_per_floor":[70,70,70,70,70,70,70,70,70,70,70,70,70,70,70,70,70,70,70],"card_choices":[{"not_picked":["Concentrate","Sucker Punch"],"picked":"Footwork","floor":1},{"not_picked":["Cloak And Dagger","Poisoned Stab"],"picked":"Deadly Poison","floor":2},{"not_picked":["Acrobatics","Calculated Gamble"],"picked":"Sucker Punch","floor":4},{"not_picked":["Deadly Poison","Backflip"],"picked":"Crippling Poison","floor":6},{"not_picked":["Infinite Blades","Quick Slash","Setup"],"picked":"SKIP","floor":8},{"not_picked":["Deflect","Dodge and Roll"],"picked":"Deadly Poison","floor":11},{"not_picked":["Slice","Deflect"],"picked":"Malaise","floor":14},{"not_picked":["Burst","Phantasmal Killer"],"picked":"Adrenaline","floor":16},{"not_picked":["Slice","Dagger Spray"],"picked":"Deadly Poison+1","floor":18}],"player_experience":850828,"relics_obtained":[{"floor":6,"key":"Tiny Chest"},{"floor":8,"key":"Ancient Tea Set"},{"floor":9,"key":"Lantern"}],"event_choices":[{"cards_removed":["Strike_G"],"damage_healed":0,"gold_gain":0,"player_choice":"Card Removal","damage_taken":0,"max_hp_gain":0,"max_hp_loss":0,"event_name":"The Cleric","floor":3,"gold_loss":50},{"damage_healed":0,"gold_gain":75,"player_choice":"Gather Gold","damage_taken":11,"max_hp_gain":0,"max_hp_loss":0,"event_name":"World of Goop","floor":5,"gold_loss":0},{"damage_healed":0,"gold_gain":0,"player_choice":"Fight","damage_taken":0,"max_hp_gain":0,"max_hp_loss":0,"event_name":"Colosseum","floor":19,"gold_loss":0},{"damage_healed":0,"gold_gain":0,"player_choice":"Fought Nobs","damage_taken":0,"max_hp_gain":0,"max_hp_loss":0,"event_name":"Colosseum","floor":19,"gold_loss":0}],"is_beta":false,"boss_relics":[{"not_picked":["Velvet Choker","Empty Cage"],"picked":"Cursed Key"}],"items_purged_floors":[],"is_endless":false,"potions_floor_spawned":[1,2,8,19],"killed_by":"Colosseum Nobs","ascension_level":1}