{"gold_per_floor":[113,128,143,68,84,84,103,103,175,185,197,197,212,268,268,373,373,385,399,41,51,51],"floor_reached":22,"playtime":1290,"items_purged":["Strike_B","Defend_B"],"score":182,"play_id":"bb94f80c-ca8e-4b95-a8e7-175e068a5a4e","local_time":"20190309134001","is_ascension_mode":false,"campfire_choices":[{"data":"Dualcast","floor":6.0,"key":"SMITH"},{"data":"Redo","floor":12.0,"key":"SMITH"},{"floor":15.0,"key":"REST"}],"neow_cost":"TEN_PERCENT_HP_LOSS","seed_source_timestamp":0,"circlet_count":0,"master_deck":["Strike_B","Strike_B","Defend_B","Defend_B","Zap","Dualcast+1","Melter","Auto Shields","Coolheaded","Cold Snap","Hello World+1","Echo Form","Redo+1","Capacitor","Loop","Self Repair","Self Repair+1"],"special_seed":0,"relics":["Cracked Core","Ornamental Fan","StoneCalendar","Nuclear Battery","Pear"],"potions_floor_usage":[18,22],"damage_taken":[{"damage":1.0,"enemies":"Cultist","floor":1.0,"turns":3.0},{"damage":3.0,"enemies":"Small Slimes","floor":2.0,"turns":5.0},{"damage":0.0,"enemies":"Jaw Worm","floor":3.0,"turns":3.0},{"damage":5.0,"enemies":"Blue Slaver","floor":5.0,"turns":4.0},{"damage":10.0,"enemies":"2 Fungi Beasts","floor":7.0,"turns":4.0},{"damage":5.0,"enemies":"Red Slaver","floor":10.0,"turns":3.0},{"damage":14.0,"enemies":"Exordium Wildlife","floor":11.0,"turns":3.0},{"damage":0.0,"enemies":"2 Fungi Beasts","floor":13.0,"turns":4.0},{"damage":27.0,"enemies":"Gremlin Nob","floor":14.0,"turns":4.0},{"damage":21.0,"enemies":"Slime Boss","floor":16.0,"turns":7.0},{"damage":24,"enemies":"3 Byrds","floor":18,"turns":5},{"damage":10,"enemies":"Shell Parasite","floor":19,"turns":7},{"damage":42,"enemies":"Shelled Parasite and Fungi","floor":21,"turns":7},{"damage":34,"enemies":"Snake Plant","floor":22,"turns":4}],"seed_played":"-4814074289191458018","potions_obtained":[{"floor":3.0,"key":"SmokeBomb"},{"floor":7.0,"key":"FocusPotion"},{"floor":10.0,"key":"SkillPotion"},{"floor":11.0,"key":"AttackPotion"},{"floor":13.0,"key":"Fire Potion"},{"floor":14.0,"key":"Explosive Potion"},{"floor":19,"key":"SpeedPotion"},{"floor":21,"key":"Energy Potion"}],"is_trial":false,"path_per_floor":["M","?","M","?"],"character_chosen":"DEFECT","items_purchased":["Pear"],"campfire_rested":1,"item_purchase_floors":[20],"current_hp_per_floor":[67,64,64,64,59,59,49,49,49,44,30,30,30,3,23,2,68,44,48,58,33,0],"gold":51,"neow_bonus":"TRANSFORM_TWO_CARDS","is_prod":false,"is_daily":false,"chose_seed":false,"campfire_upgraded":2,"win_rate":0.0,"timestamp":1552135201,"path_taken":["M","M","M","$","?","R","M","?","T","M","M","R","?","?","R","BOSS","M","M","$","M","M"],"build_version":"2019-01-23","purchased_purges":2,"victory":false,"max_hp_per_floor":[68,68,68,68,68,68,68,68,68,68,68,68,68,68,68,68,68,68,68,78,78,78],"card_choices":[{"not_picked":["Doom and Gloom","Redo"],"picked":"Coolheaded","floor":1.0},{"not_picked":["Hologram","FTL","Lockon"],"picked":"SKIP","floor":2.0},{"not_picked":["Gash","Sweeping Beam"],"picked":"Cold Snap","floor":3.0},{"not_picked":["Barrage","Stack"],"picked":"Hello World","floor":5.0},{"not_picked":["Stack","Compile Driver","Rip and Tear"],"picked":"SKIP","floor":7.0},{"not_picked":["Leap","Chill"],"picked":"Echo Form","floor":10.0},{"not_picked":["Sweeping Beam","Compile Driver"],"picked":"Redo","floor":11.0},{"not_picked":["Coolheaded","Sweeping Beam"],"picked":"Capacitor","floor":13.0},{"not_picked":["Streamline","Auto Shields"],"picked":"Loop","floor":14.0},{"not_picked":["Static Discharge","Redo"],"picked":"Self Repair","floor":18},{"not_picked":["Darkness","Barrage"],"picked":"Self Repair+1","floor":19},{"not_picked":["Ball Lightning+1","Rebound","Rip and Tear"],"picked":"SKIP","floor":21}],"player_experience":127675,"relics_obtained":[{"floor":9.0,"key":"Ornamental Fan"},{"floor":14.0,"key":"StoneCalendar"}],"event_choices":[{"damage_healed":0.0,"max_hp_gain":0.0,"max_hp_loss":0.0,"gold_gain":0.0,"event_name":"Accursed Blacksmith","player_choice":"Forge","floor":8.0,"gold_loss":0.0,"damage_taken":0.0,"cards_upgraded":["Hello World"]},{"damage_healed":0.0,"max_hp_gain":0.0,"max_hp_loss":0.0,"gold_gain":30.0,"event_name":"Dead Adventurer","player_choice":"Searched \u00272\u0027 times","floor":14.0,"gold_loss":0.0,"damage_taken":0.0}],"is_beta":false,"boss_relics":[{"not_picked":["Sozu","Cursed Key"],"picked":"Nuclear Battery"}],"items_purged_floors":[4,20],"is_endless":false,"potions_floor_spawned":[3,7,10,11,13,14,19,21],"killed_by":"Snake Plant","ascension_level":0}