{"gold_per_floor":[109,119,119,137,149,180,180,180,180,210,222,222,256,273,273,371,371,389,264,464,479,129,129,129,129,129,157,157,172,198,210,222,334,346,369,381,393,417,449,495,507,538,550,562,209,309,79,96,96,96,96,96,45,74,74],"floor_reached":55,"playtime":5184,"items_purged":["Strike_B","Strike_B"],"score":843,"play_id":"ea224e4e-3dcb-4da2-b9ff-1e11b448e955","local_time":"20190510145756","is_ascension_mode":true,"campfire_choices":[{"data":"Zap","floor":8,"key":"SMITH"},{"floor":12,"key":"REST"},{"data":"Darkness","floor":15,"key":"SMITH"},{"data":"Defragment","floor":23,"key":"SMITH"},{"data":"Redo","floor":25,"key":"SMITH"},{"data":"Strike_B","floor":28,"key":"PURGE"},{"floor":32,"key":"REST"},{"floor":41,"key":"RECALL"},{"data":"Pain","floor":44,"key":"PURGE"},{"data":"Multi-Cast","floor":49,"key":"SMITH"},{"data":"Defragment","floor":52,"key":"SMITH"}],"neow_cost":"PERCENT_DAMAGE","seed_source_timestamp":16399389848930,"circlet_count":0,"master_deck":["Defend_B","Defend_B","Defend_B","Defend_B","Zap+1","Dualcast","Leap","Cold Snap+1","Glacier","Undo","Ball Lightning+1","Darkness+1","Undo","Buffer","Defragment+1","Redo+1","Defragment+1","Master of Strategy","Redo+1","Fusion+1","Coolheaded+1","Electrodynamics","Conserve Battery+1","Capacitor+1","Darkness+1","White Noise+1","Turbo+1","Meteor Strike","Defragment+1","Darkness+1","Multi-Cast+1","Barrage+1","Echo Form"],"relics":["Cracked Core","Regal Pillow","Omamori","Ornamental Fan","Du-Vu Doll","Cursed Key","Whetstone","Peace Pipe","MawBank","Symbiotic Virus","Runic Pyramid","Bag of Preparation","Oddly Smooth Stone","StoneCalendar","Art of War","Dead Branch"],"potions_floor_usage":[5,6,11,11,11,13,24,29,30,30,37,38,38,40,50,50,54,54,55],"damage_taken":[{"damage":8,"enemies":"2 Louse","floor":1,"turns":2},{"damage":0,"enemies":"Jaw Worm","floor":2,"turns":3},{"damage":0,"enemies":"Cultist","floor":4,"turns":3},{"damage":12,"enemies":"Exordium Thugs","floor":5,"turns":4},{"damage":2,"enemies":"Lagavulin","floor":6,"turns":10},{"damage":29,"enemies":"Gremlin Nob","floor":10,"turns":7},{"damage":6,"enemies":"Large Slime","floor":11,"turns":10},{"damage":10,"enemies":"Lagavulin","floor":13,"turns":6},{"damage":0,"enemies":"Looter","floor":14,"turns":4},{"damage":40,"enemies":"Slime Boss","floor":16,"turns":13},{"damage":0,"enemies":"Spheric Guardian","floor":18,"turns":5},{"damage":1,"enemies":"Shell Parasite","floor":21,"turns":5},{"damage":0,"enemies":"3 Cultists","floor":24,"turns":1},{"damage":37,"enemies":"Gremlin Leader","floor":27,"turns":6},{"damage":0,"enemies":"Sentry and Sphere","floor":29,"turns":5},{"damage":7,"enemies":"Slavers","floor":30,"turns":7},{"damage":0,"enemies":"Collector","floor":33,"turns":15},{"damage":0,"enemies":"Orb Walker","floor":35,"turns":3},{"damage":0,"enemies":"3 Darklings","floor":38,"turns":6},{"damage":21,"enemies":"Sphere and 2 Shapes","floor":39,"turns":6},{"damage":9,"enemies":"Giant Head","floor":40,"turns":8},{"damage":0,"enemies":"4 Shapes","floor":42,"turns":2},{"damage":0,"enemies":"Mind Bloom Boss Battle","floor":46,"turns":6},{"damage":3,"enemies":"Maw","floor":48,"turns":5},{"damage":36,"enemies":"Time Eater","floor":50,"turns":7},{"damage":54,"enemies":"Shield and Spear","floor":54,"turns":4},{"damage":49,"enemies":"The Heart","floor":55,"turns":8}],"seed_played":"6145510176700981458","potions_obtained":[{"floor":2,"key":"Energy Potion"},{"floor":5,"key":"Poison Potion"},{"floor":10,"key":"EntropicBrew"},{"floor":16,"key":"Regen Potion"},{"floor":18,"key":"SmokeBomb"},{"floor":29,"key":"Block Potion"},{"floor":33,"key":"GamblersBrew"},{"floor":37,"key":"Fruit Juice"},{"floor":37,"key":"SkillPotion"},{"floor":37,"key":"Poison Potion"},{"floor":39,"key":"Explosive Potion"},{"floor":40,"key":"Poison Potion"},{"floor":48,"key":"LiquidBronze"},{"floor":54,"key":"FocusPotion"}],"is_trial":false,"path_per_floor":["?","?","?","M","T","?","?","M","?"],"character_chosen":"DEFECT","items_purchased":["Dexterity Potion","Defragment","Master of Strategy","Meteor Strike","Defragment","Oddly Smooth Stone","Art of War","Multi-Cast","Dexterity Potion"],"campfire_rested":2,"item_purchase_floors":[19,22,22,45,45,45,47,47,53],"current_hp_per_floor":[60,60,65,65,53,51,51,51,51,22,31,74,64,64,64,24,94,94,94,94,93,93,93,93,93,93,56,56,70,63,63,94,94,94,94,94,99,99,78,69,69,69,69,69,69,69,69,66,66,30,99,99,99,45,0],"gold":74,"neow_bonus":"TWENTY_PERCENT_HP_BONUS","is_prod":false,"is_daily":false,"chose_seed":false,"campfire_upgraded":6,"win_rate":0,"timestamp":1557493076,"path_taken":["M","M","?","M","M","E","?","R","T","E","M","R","E","M","R","BOSS","M","$","?","M","$","R","M","R","T","E","R","?","E","?","R","BOSS","M","?","?","?","M","E","R","M","T","R","$","?","$","M","R","BOSS","R","$","E","BOSS"],"build_version":"2019-01-23","purchased_purges":2,"victory":false,"max_hp_per_floor":[89,89,94,94,94,94,94,94,94,94,94,94,94,94,94,94,94,94,94,94,94,94,94,94,94,94,94,94,94,94,94,94,94,94,94,94,99,99,99,99,99,99,99,99,99,99,99,99,99,99,99,99,99,99,99],"card_choices":[{"not_picked":["Turbo","Compile Driver"],"picked":"Leap","floor":1},{"not_picked":["Compile Driver","Stack","Turbo"],"picked":"SKIP","floor":2},{"not_picked":["Rebound","Turbo"],"picked":"Cold Snap","floor":4},{"not_picked":["Blizzard","Reboot"],"picked":"Glacier","floor":5},{"not_picked":["Stack","Turbo","Barrage"],"picked":"SKIP","floor":6},{"not_picked":["Recycle","Redo"],"picked":"Undo","floor":10},{"not_picked":["Recycle","Redo"],"picked":"Ball Lightning","floor":11},{"not_picked":["Barrage","Auto Shields"],"picked":"Darkness","floor":13},{"not_picked":["Chill","Barrage"],"picked":"Undo","floor":14},{"not_picked":["Meteor Strike","Reboot"],"picked":"Buffer","floor":16},{"not_picked":["Lockon","Chaos"],"picked":"Defragment+1","floor":18},{"not_picked":["Streamline","Ball Lightning"],"picked":"Redo","floor":21},{"not_picked":["Cold Snap","Doom and Gloom+1"],"picked":"Redo+1","floor":27},{"not_picked":["All For One","Rebound"],"picked":"Fusion+1","floor":29},{"not_picked":["FTL","Hologram+1"],"picked":"Coolheaded+1","floor":30},{"not_picked":["Core Surge","Biased Cognition"],"picked":"Electrodynamics","floor":33},{"not_picked":["FTL+1","Stack+1"],"picked":"Conserve Battery+1","floor":35},{"not_picked":["Chaos+1","Barrage+1"],"picked":"Capacitor+1","floor":38},{"not_picked":["Coolheaded+1","Scrape+1"],"picked":"Darkness+1","floor":39},{"not_picked":["Auto Shields+1","Hello World"],"picked":"White Noise+1","floor":40},{"not_picked":["Sweeping Beam","Ball Lightning+1"],"picked":"Turbo+1","floor":42},{"not_picked":["Skim","Blizzard+1"],"picked":"Darkness+1","floor":46},{"not_picked":["Doom and Gloom","Compile Driver+1"],"picked":"Barrage+1","floor":48},{"not_picked":["Seek","Beam Cell"],"picked":"Echo Form","floor":54}],"player_experience":634326,"relics_obtained":[{"floor":6,"key":"Regal Pillow"},{"floor":9,"key":"Omamori"},{"floor":10,"key":"Ornamental Fan"},{"floor":13,"key":"Du-Vu Doll"},{"floor":26,"key":"Whetstone"},{"floor":27,"key":"Peace Pipe"},{"floor":30,"key":"MawBank"},{"floor":31,"key":"Symbiotic Virus"},{"floor":40,"key":"Bag of Preparation"},{"floor":46,"key":"StoneCalendar"},{"floor":54,"key":"Dead Branch"}],"event_choices":[{"damage_healed":0,"gold_gain":0,"player_choice":"Donut","damage_taken":0,"max_hp_gain":5,"max_hp_loss":0,"event_name":"Big Fish","floor":3,"gold_loss":0},{"damage_healed":0,"gold_gain":0,"player_choice":"Searched \u00270\u0027 times","damage_taken":0,"max_hp_gain":0,"max_hp_loss":0,"event_name":"Dead Adventurer","floor":7,"gold_loss":0},{"damage_healed":0,"gold_gain":250,"player_choice":"Bet on Owner","damage_taken":0,"max_hp_gain":0,"max_hp_loss":0,"event_name":"The Joust","floor":20,"gold_loss":50},{"cards_removed":["Strike_B"],"damage_healed":0,"gold_gain":0,"player_choice":"Removed Attack","damage_taken":0,"max_hp_gain":0,"max_hp_loss":0,"event_name":"Falling","floor":36,"gold_loss":0},{"damage_healed":0,"gold_gain":0,"player_choice":"Got Potions","damage_taken":0,"max_hp_gain":0,"max_hp_loss":0,"event_name":"Lab","floor":37,"gold_loss":0},{"damage_healed":0,"gold_gain":0,"player_choice":"Fight","damage_taken":0,"max_hp_gain":0,"max_hp_loss":0,"event_name":"MindBloom","floor":46,"gold_loss":0}],"is_beta":false,"boss_relics":[{"not_picked":["Calling Bell","Astrolabe"],"picked":"Cursed Key"},{"not_picked":["Pandora\u0027s Box","Coffee Dripper"],"picked":"Runic Pyramid"}],"items_purged_floors":[19,22],"is_endless":false,"potions_floor_spawned":[2,5,10,16,18,21,29,33,39,40,48,54],"killed_by":"The Heart","ascension_level":1}