{"gold_per_floor":[113,113,126,137,152,183,199,199,199,199,374,374,374,394,394,525,525,544,469,483,506,525,525,545,545,571,571,180,203,237,262,262,393,393,407,407,432,105,126,126],"floor_reached":40,"playtime":27028,"items_purged":["Strike_R"],"score":412,"play_id":"3a7bde00-2d8f-40ae-a2f7-3f32a557f933","local_time":"20190719025339","is_ascension_mode":false,"campfire_choices":[{"data":"Entrench","floor":8.0,"key":"SMITH"},{"data":"Flex","floor":10.0,"key":"SMITH"},{"data":"Bash","floor":13.0,"key":"SMITH"},{"data":"Limit Break","floor":15.0,"key":"SMITH"},{"floor":23.0,"key":"REST"},{"floor":25.0,"key":"REST"},{"floor":32.0,"key":"REST"}],"neow_cost":"NONE","seed_source_timestamp":0,"circlet_count":0,"master_deck":["Strike_R","Strike_R","Strike_R","Strike_R","Defend_R","Defend_R","Defend_R","Defend_R+1","Bash+1","Clothesline","Entrench+1","Flex+1","Pommel Strike","Limit Break+1","Berserk","Twin Strike+1","Thunderclap","Iron Wave+1","Uppercut","Magnetism","Body Slam+1","Armaments+1","Spot Weakness","Double Tap","True Grit+1","Bandage Up+1","Burning Pact+1"],"special_seed":0,"relics":["Burning Blood","Art of War","Vajra","Orichalcum","Golden Idol","White Beast Statue","Lantern","Nilry\u0027s Codex","Toy Ornithopter","Matryoshka","Philosopher\u0027s Stone","War Paint"],"potions_floor_usage":[40],"damage_taken":[{"damage":5.0,"enemies":"Small Slimes","floor":1.0,"turns":4.0},{"damage":4.0,"enemies":"Cultist","floor":3.0,"turns":3.0},{"damage":8.0,"enemies":"Jaw Worm","floor":4.0,"turns":3.0},{"damage":17.0,"enemies":"Looter","floor":5.0,"turns":3.0},{"damage":15.0,"enemies":"Gremlin Nob","floor":6.0,"turns":4.0},{"damage":5.0,"enemies":"3 Louse","floor":7.0,"turns":4.0},{"damage":3.0,"enemies":"Blue Slaver","floor":14.0,"turns":4.0},{"damage":29.0,"enemies":"The Guardian","floor":16.0,"turns":6.0},{"damage":43.0,"enemies":"Spheric Guardian","floor":18.0,"turns":6.0},{"damage":8.0,"enemies":"Chosen","floor":20.0,"turns":4.0},{"damage":15.0,"enemies":"Snake Plant","floor":21.0,"turns":3.0},{"damage":13.0,"enemies":"Cultist and Chosen","floor":22.0,"turns":5.0},{"damage":4.0,"enemies":"Sentry and Sphere","floor":24.0,"turns":3.0},{"damage":29.0,"enemies":"Snake Plant","floor":29.0,"turns":4.0},{"damage":17.0,"enemies":"Gremlin Leader","floor":30.0,"turns":7.0},{"damage":20.0,"enemies":"Centurion and Healer","floor":31.0,"turns":7.0},{"damage":39.0,"enemies":"Automaton","floor":33.0,"turns":8.0},{"damage":36.0,"enemies":"3 Shapes","floor":35.0,"turns":5.0},{"damage":18.0,"enemies":"Orb Walker","floor":37.0,"turns":4.0},{"damage":28.0,"enemies":"4 Shapes","floor":39.0,"turns":6.0},{"damage":38,"enemies":"Giant Head","floor":40,"turns":5}],"seed_played":"3814355318651829120","potions_obtained":[{"floor":1.0,"key":"SkillPotion"},{"floor":5.0,"key":"Strength Potion"},{"floor":6.0,"key":"SpeedPotion"},{"floor":14.0,"key":"FearPotion"},{"floor":18.0,"key":"SkillPotion"},{"floor":20.0,"key":"Explosive Potion"},{"floor":21.0,"key":"Explosive Potion"},{"floor":22.0,"key":"Explosive Potion"},{"floor":24.0,"key":"Explosive Potion"},{"floor":29.0,"key":"Explosive Potion"},{"floor":30.0,"key":"SkillPotion"},{"floor":31.0,"key":"Regen Potion"},{"floor":33.0,"key":"Block Potion"},{"floor":35.0,"key":"SteroidPotion"},{"floor":37.0,"key":"SneckoOil"},{"floor":39.0,"key":"Swift Potion"}],"is_trial":false,"path_per_floor":["M","?","M","M","M","E","M","R","T","R","?","?","R","M","R","B",null,"M","?","M","M","M","R","M","R","T","?","$","M","E","M","R","B",null,"M","?","M","$","M","E"],"character_chosen":"IRONCLAD","items_purchased":["Toy Ornithopter","Magnetism","Bandage Up","War Paint"],"campfire_rested":3,"item_purchase_floors":[28,28,38,38],"current_hp_per_floor":[80,80,80,78,67,58,59,59,59,59,59,59,59,62,62,39,74,37,37,35,26,19,41,43,65,65,49,49,31,25,16,38,25,74,44,44,32,32,15,0],"gold":126,"neow_bonus":"THREE_CARDS","is_prod":false,"is_daily":false,"chose_seed":false,"campfire_upgraded":4,"win_rate":0,"timestamp":1563530019,"path_taken":["M","?","?","M","M","E","M","R","T","R","?","?","R","M","R","BOSS","M","?","M","M","M","R","M","R","T","?","$","M","E","M","R","BOSS","M","?","M","$","M","E"],"build_version":"2019-07-18","purchased_purges":1,"victory":false,"max_hp_per_floor":[80,80,80,80,80,80,80,80,80,80,80,74,74,74,74,74,74,74,74,74,74,74,74,74,74,74,74,74,74,74,74,74,74,74,74,74,74,74,74,74],"card_choices":[{"not_picked":["Perfected Strike","Cleave"],"picked":"Clothesline","floor":0.0},{"not_picked":["Combust","Armaments"],"picked":"Entrench","floor":1.0},{"not_picked":["Cleave","Sever Soul","Power Through"],"picked":"SKIP","floor":3.0},{"not_picked":["Warcry","Blood for Blood","Evolve"],"picked":"SKIP","floor":4.0},{"not_picked":["Hemokinesis","Reckless Charge"],"picked":"Flex","floor":5.0},{"not_picked":["Headbutt","Power Through"],"picked":"Pommel Strike","floor":6.0},{"not_picked":["Cleave","Rupture","Corruption"],"picked":"SKIP","floor":7.0},{"not_picked":["Perfected Strike","Infernal Blade"],"picked":"Limit Break","floor":14.0},{"not_picked":["Dark Embrace","Impervious"],"picked":"Berserk","floor":16.0},{"not_picked":["Sword Boomerang","Wild Strike"],"picked":"Twin Strike+1","floor":18.0},{"not_picked":["Warcry+1","Wild Strike+1"],"picked":"Thunderclap","floor":20.0},{"not_picked":["Whirlwind","Flex"],"picked":"Heavy Blade","floor":21.0},{"not_picked":["Shrug It Off","Sever Soul"],"picked":"Iron Wave+1","floor":22.0},{"not_picked":["Anger","Metallicize"],"picked":"Uppercut","floor":24.0},{"not_picked":["Hemokinesis","Searing Blow+1"],"picked":"Body Slam+1","floor":29.0},{"not_picked":["Warcry","Wild Strike"],"picked":"Armaments+1","floor":30.0},{"not_picked":["Metallicize","Carnage"],"picked":"Spot Weakness","floor":31.0},{"not_picked":["Brutality","Immolate"],"picked":"Double Tap","floor":33.0},{"not_picked":["Corruption+1","Headbutt","Heavy Blade"],"picked":"SKIP","floor":35.0},{"not_picked":["Warcry+1","Headbutt+1"],"picked":"True Grit+1","floor":37.0},{"not_picked":["Clothesline","Body Slam+1"],"picked":"Burning Pact+1","floor":39.0}],"player_experience":1101646,"relics_obtained":[{"floor":6.0,"key":"Vajra"},{"floor":9.0,"key":"Orichalcum"},{"floor":26.0,"key":"Lantern"},{"floor":27.0,"key":"Nilry\u0027s Codex"},{"floor":30.0,"key":"Matryoshka"}],"event_choices":[{"damage_healed":0.0,"max_hp_gain":0.0,"max_hp_loss":0.0,"gold_gain":0.0,"event_name":"WeMeetAgain","player_choice":"Gave Potion","floor":2.0,"gold_loss":0.0,"damage_taken":0.0,"relics_obtained":["Art of War"]},{"damage_healed":0.0,"max_hp_gain":0.0,"max_hp_loss":0.0,"gold_gain":175.0,"event_name":"Liars Game","player_choice":"AGREE","floor":11.0,"gold_loss":0.0,"damage_taken":0.0,"cards_obtained":["Doubt"]},{"damage_healed":0.0,"max_hp_gain":0.0,"max_hp_loss":6.0,"gold_gain":0.0,"event_name":"Golden Idol","player_choice":"Lose Max HP","floor":12.0,"gold_loss":0.0,"damage_taken":0.0,"relics_obtained":["Golden Idol"]},{"cards_removed":["Doubt"],"damage_healed":0.0,"max_hp_gain":0.0,"max_hp_loss":0.0,"gold_gain":0.0,"event_name":"Beggar","player_choice":"Gave Gold","floor":19.0,"gold_loss":75.0,"damage_taken":0.0},{"damage_healed":0.0,"max_hp_gain":0.0,"max_hp_loss":0.0,"gold_gain":0.0,"event_name":"Cursed Tome","player_choice":"Obtained Book","floor":27.0,"gold_loss":0.0,"damage_taken":16.0},{"cards_removed":["Heavy Blade"],"damage_healed":0.0,"max_hp_gain":0.0,"max_hp_loss":0.0,"gold_gain":0.0,"event_name":"Falling","player_choice":"Removed Attack","floor":36.0,"gold_loss":0.0,"damage_taken":0.0}],"is_beta":true,"boss_relics":[{"not_picked":["Mark of Pain","Pandora\u0027s Box"],"picked":"White Beast Statue"},{"not_picked":["Empty Cage","Astrolabe"],"picked":"Philosopher\u0027s Stone"}],"items_purged_floors":[38],"is_endless":false,"potions_floor_spawned":[1,5,6,14,18,20,21,22,24,29,30,31,33,35,37,39],"killed_by":"Giant Head","ascension_level":0}