{"gold_per_floor":[115,115,115,38,57,86,100,133,133,133,58,58,58,78,78,177,177,193,205,215,231,231,260,270,303,328,328,361,361,48,148,148,252,252,272,287,305,316,328,328,346,346,346,346,363,143,170,181,181,181],"floor_reached":51,"playtime":2702,"items_purged":["Strike_R","Strike_R"],"score":749,"play_id":"3a4b7f80-6abd-44ee-bec4-2d42e0da0a0f","local_time":"20190723222614","is_ascension_mode":false,"campfire_choices":[{"data":"Barricade","floor":10,"key":"SMITH"},{"data":"Juggernaut","floor":13,"key":"SMITH"},{"data":"Entrench","floor":15,"key":"SMITH"},{"data":"Armaments","floor":27,"key":"SMITH"},{"data":"Dual Wield","floor":29,"key":"SMITH"},{"data":"Mayhem","floor":32,"key":"SMITH"},{"data":"Juggernaut","floor":40,"key":"SMITH"},{"data":"Juggernaut","floor":42,"key":"SMITH"},{"data":"Juggernaut","floor":44,"key":"SMITH"},{"data":"Juggernaut","floor":49,"key":"SMITH"}],"neow_cost":"NONE","seed_source_timestamp":23772602457369,"circlet_count":0,"master_deck":["Strike_R","Strike_R+1","Defend_R","Defend_R","Defend_R","Defend_R","Bash+1","Madness+1","Clothesline","Juggernaut+1","Havoc","Barricade+1","Entrench+1","Metallicize","Juggernaut+1","Ghostly Armor","Armaments+1","Sentinel+1","Juggernaut+1","Juggernaut+1","Inflame+1","Dual Wield+1","Mayhem+1","Ghostly Armor","Juggernaut+1","True Grit+1","Havoc","Metallicize+1"],"relics":["Burning Blood","Bird Faced Urn","Kunai","Blue Candle","Philosopher\u0027s Stone","Omamori","Mummified Hand","Happy Flower","Gremlin Horn","Membership Card","White Beast Statue","Peace Pipe","Orichalcum","TheAbacus","The Courier"],"potions_floor_usage":[23,25,25,33,39,41,47],"damage_taken":[{"damage":3,"enemies":"Small Slimes","floor":1,"turns":4},{"damage":8,"enemies":"Jaw Worm","floor":5,"turns":2},{"damage":21,"enemies":"Gremlin Nob","floor":6,"turns":4},{"damage":0,"enemies":"2 Louse","floor":7,"turns":3},{"damage":1,"enemies":"Lagavulin","floor":8,"turns":7},{"damage":25,"enemies":"Red Slaver","floor":14,"turns":4},{"damage":22,"enemies":"Slime Boss","floor":16,"turns":15},{"damage":47,"enemies":"3 Byrds","floor":18,"turns":4},{"damage":16,"enemies":"Spheric Guardian","floor":19,"turns":4},{"damage":7,"enemies":"Centurion and Healer","floor":20,"turns":8},{"damage":12,"enemies":"Snake Plant","floor":21,"turns":4},{"damage":38,"enemies":"Gremlin Leader","floor":23,"turns":6},{"damage":4,"enemies":"Snecko","floor":24,"turns":5},{"damage":35,"enemies":"Slavers","floor":25,"turns":5},{"damage":15,"enemies":"Gremlin Leader","floor":28,"turns":6},{"damage":12,"enemies":"Champ","floor":33,"turns":7},{"damage":7,"enemies":"Orb Walker","floor":35,"turns":4},{"damage":13,"enemies":"3 Shapes","floor":36,"turns":4},{"damage":25,"enemies":"3 Darklings","floor":37,"turns":5},{"damage":0,"enemies":"Transient","floor":38,"turns":5},{"damage":18,"enemies":"Sphere and 2 Shapes","floor":39,"turns":5},{"damage":24,"enemies":"Writhing Mass","floor":41,"turns":5},{"damage":25,"enemies":"Maw","floor":45,"turns":5},{"damage":59,"enemies":"Reptomancer","floor":47,"turns":4},{"damage":9,"enemies":"Jaw Worm Horde","floor":48,"turns":4},{"damage":49,"enemies":"Time Eater","floor":50,"turns":6}],"seed_played":"-2945248084520263676","potions_obtained":[{"floor":5,"key":"SpeedPotion"},{"floor":7,"key":"BloodPotion"},{"floor":8,"key":"Strength Potion"},{"floor":23,"key":"Fire Potion"},{"floor":28,"key":"Weak Potion"},{"floor":33,"key":"FearPotion"},{"floor":35,"key":"SpeedPotion"},{"floor":36,"key":"Swift Potion"},{"floor":38,"key":"Fire Potion"},{"floor":41,"key":"Regen Potion"},{"floor":45,"key":"PowerPotion"},{"floor":47,"key":"Dexterity Potion"},{"floor":48,"key":"Explosive Potion"}],"is_trial":false,"path_per_floor":["M","?","?","$","M","E","M","E","T","R","$","?","R","M","R","B",null,"M","M","M","M","?","E","M","E","T","R","E","R","$","?","R","B",null,"M","M","M","M","M","R","M","R","T","R","M","$","E","M","R","B",null],"character_chosen":"IRONCLAD","items_purchased":["Juggernaut","Membership Card","Mayhem","Ghostly Armor","Orichalcum","TheAbacus"],"campfire_rested":0,"item_purchase_floors":[4,30,30,30,46,46],"current_hp_per_floor":[80,64,57,57,55,40,48,57,57,57,57,57,57,44,44,34,80,43,41,48,50,50,48,60,43,43,43,48,48,48,48,48,60,80,80,80,77,80,80,80,68,68,68,68,71,71,38,57,57,38],"gold":181,"neow_bonus":"RANDOM_COLORLESS","is_prod":false,"is_daily":false,"chose_seed":false,"campfire_upgraded":10,"win_rate":0,"timestamp":1563945974,"path_taken":["M","?","?","$","M","E","M","E","T","R","$","?","R","M","R","BOSS","M","M","M","M","?","E","M","E","T","R","E","R","$","?","R","BOSS","M","M","M","M","M","R","M","R","T","R","M","$","E","M","R","BOSS"],"build_version":"2019-07-18","purchased_purges":2,"victory":true,"max_hp_per_floor":[80,80,80,80,80,80,80,80,80,80,80,80,80,80,80,80,80,80,80,80,80,80,80,80,80,80,80,80,80,80,80,80,80,80,80,80,80,80,80,80,80,80,80,80,80,80,80,80,80,80],"card_choices":[{"not_picked":["Evolve","Sever Soul"],"picked":"Clothesline","floor":1},{"not_picked":["Rampage","Anger"],"picked":"Havoc","floor":5},{"not_picked":["Body Slam","Perfected Strike"],"picked":"Barricade","floor":6},{"not_picked":["Combust","Dual Wield"],"picked":"Entrench","floor":7},{"not_picked":["Spot Weakness","Infernal Blade"],"picked":"Metallicize","floor":8},{"not_picked":["Fire Breathing","Heavy Blade","Hemokinesis"],"picked":"SKIP","floor":14},{"not_picked":["Exhume","Reaper"],"picked":"Juggernaut","floor":16},{"not_picked":["Battle Trance","Dropkick","Hemokinesis"],"picked":"SKIP","floor":18},{"not_picked":["Searing Blow+1","Flex+1"],"picked":"Ghostly Armor","floor":19},{"not_picked":["Twin Strike","Heavy Blade+1"],"picked":"Armaments","floor":20},{"not_picked":["Twin Strike+1","Warcry"],"picked":"Sentinel+1","floor":21},{"not_picked":["Power Through","Fire Breathing+1","Pommel Strike"],"picked":"SKIP","floor":23},{"not_picked":["Body Slam","Pommel Strike"],"picked":"Juggernaut","floor":24},{"not_picked":["Perfected Strike","Thunderclap+1"],"picked":"Inflame+1","floor":25},{"not_picked":["Thunderclap+1","Exhume"],"picked":"Dual Wield","floor":28},{"not_picked":["Demon Form","Immolate"],"picked":"Juggernaut","floor":33},{"not_picked":["Sword Boomerang","Iron Wave"],"picked":"True Grit+1","floor":35},{"not_picked":["Fire Breathing","Battle Trance+1","Warcry"],"picked":"SKIP","floor":36},{"not_picked":["Reckless Charge","Twin Strike+1","Sword Boomerang+1"],"picked":"SKIP","floor":37},{"not_picked":["Shrug It Off","Infernal Blade","Clothesline+1"],"picked":"SKIP","floor":38},{"not_picked":["Combust+1","Brutality","Twin Strike"],"picked":"SKIP","floor":39},{"not_picked":["Wild Strike","Pommel Strike","Blood for Blood+1"],"picked":"SKIP","floor":41},{"not_picked":["Whirlwind","Wild Strike"],"picked":"Havoc","floor":45},{"not_picked":["Infernal Blade","Rampage","Havoc"],"picked":"SKIP","floor":47},{"not_picked":["Limit Break","Anger"],"picked":"Metallicize+1","floor":48}],"player_experience":1194502,"relics_obtained":[{"floor":6,"key":"Bird Faced Urn"},{"floor":8,"key":"Kunai"},{"floor":9,"key":"Blue Candle"},{"floor":23,"key":"Omamori"},{"floor":25,"key":"Mummified Hand"},{"floor":26,"key":"Happy Flower"},{"floor":28,"key":"Gremlin Horn"},{"floor":43,"key":"Peace Pipe"},{"floor":47,"key":"The Courier"}],"event_choices":[{"damage_healed":0,"gold_gain":0,"player_choice":"Entered Light","damage_taken":16,"max_hp_gain":0,"max_hp_loss":0,"event_name":"Shining Light","floor":2,"gold_loss":0,"cards_upgraded":["Strike_R","Bash"]},{"cards_removed":["Strike_R"],"damage_healed":0,"gold_gain":0,"player_choice":"Card Removal","damage_taken":7,"max_hp_gain":0,"max_hp_loss":0,"event_name":"Golden Wing","floor":3,"gold_loss":0},{"damage_healed":0,"gold_gain":0,"player_choice":"Grow","damage_taken":0,"max_hp_gain":0,"max_hp_loss":0,"event_name":"Living Wall","floor":12,"gold_loss":0,"cards_upgraded":["Madness"]},{"damage_healed":0,"gold_gain":0,"player_choice":"Read","damage_taken":0,"max_hp_gain":0,"max_hp_loss":0,"event_name":"The Library","floor":22,"gold_loss":0,"cards_obtained":["Juggernaut"]},{"damage_healed":0,"gold_gain":100,"player_choice":"Pray","damage_taken":0,"max_hp_gain":0,"max_hp_loss":0,"event_name":"Golden Shrine","floor":31,"gold_loss":0}],"is_beta":true,"boss_relics":[{"not_picked":["Sozu","Black Blood"],"picked":"Philosopher\u0027s Stone"},{"not_picked":["Astrolabe","Snecko Eye"],"picked":"White Beast Statue"}],"items_purged_floors":[11,46],"is_endless":false,"potions_floor_spawned":[5,7,8,16,19,23,28,33,35,36,37,38,39,41,45,47,48],"ascension_level":0}