{"gold_per_floor":[114,114,126,136,46,46,46,72,122,185,185,216,229,243,243,338,338,352,312,376,426,235,235],"floor_reached":23,"playtime":1239,"items_purged":[],"score":211,"play_id":"07aa3421-81d9-4bc4-a54c-ed1d820668ae","local_time":"20190510103413","is_ascension_mode":true,"campfire_choices":[{"data":"Zap","floor":6,"key":"SMITH"},{"data":"Undo","floor":11,"key":"SMITH"},{"data":"Dualcast","floor":15,"key":"SMITH"}],"neow_cost":"NONE","seed_source_timestamp":4520649943909,"circlet_count":0,"master_deck":["Strike_B+1","Strike_B","Strike_B","Defend_B","Defend_B","Defend_B","Defend_B","Zap+1","Dualcast+1","Doom and Gloom","Defragment","Conserve Battery","Dark Shackles","Undo+1","Cold Snap","Leap","Go for the Eyes","Creative AI","Self Repair","Cold Snap+1"],"relics":["Cracked Core","SsserpentHead","Strawberry","Regal Pillow","Incense Burner","Philosopher\u0027s Stone","MutagenicStrength","Sling"],"potions_floor_usage":[8,10,12,12,14,16],"damage_taken":[{"damage":0,"enemies":"Small Slimes","floor":1,"turns":3},{"damage":6,"enemies":"Cultist","floor":3,"turns":3},{"damage":11,"enemies":"2 Louse","floor":4,"turns":2},{"damage":18,"enemies":"3 Sentries","floor":8,"turns":5},{"damage":13,"enemies":"Gremlin Gang","floor":10,"turns":4},{"damage":27,"enemies":"Gremlin Nob","floor":12,"turns":4},{"damage":0,"enemies":"Looter","floor":13,"turns":3},{"damage":0,"enemies":"Exordium Wildlife","floor":14,"turns":2},{"damage":6,"enemies":"Slime Boss","floor":16,"turns":10},{"damage":0,"enemies":"Spheric Guardian","floor":18,"turns":6},{"damage":0,"enemies":"Shell Parasite","floor":20,"turns":9},{"damage":97,"enemies":"Slavers","floor":23,"turns":5}],"seed_played":"-576508315776057267","potions_obtained":[{"floor":0,"key":"FocusPotion"},{"floor":0,"key":"Strength Potion"},{"floor":0,"key":"Dexterity Potion"},{"floor":10,"key":"Poison Potion"},{"floor":13,"key":"Explosive Potion"},{"floor":14,"key":"Strength Potion"}],"is_trial":false,"path_per_floor":["?","?","M","?","M","?"],"character_chosen":"DEFECT","items_purchased":["Dark Shackles","Sling"],"campfire_rested":0,"item_purchase_floors":[5,22],"current_hp_per_floor":[75,80,74,63,63,63,63,52,52,39,39,12,12,12,12,6,87,87,87,87,87,87,0],"gold":235,"neow_bonus":"THREE_SMALL_POTIONS","is_prod":false,"is_daily":false,"chose_seed":false,"campfire_upgraded":3,"win_rate":0,"timestamp":1557477253,"path_taken":["M","?","M","M","$","R","?","E","T","?","R","E","M","M","R","BOSS","M","?","?","?","$","E"],"build_version":"2019-01-23","purchased_purges":0,"victory":false,"max_hp_per_floor":[75,80,80,80,80,80,80,87,87,87,87,87,87,87,87,87,87,87,87,87,87,87,87],"card_choices":[{"not_picked":["Sweeping Beam","Hologram"],"picked":"Doom and Gloom","floor":1},{"not_picked":["Go for the Eyes","Cold Snap"],"picked":"Defragment","floor":3},{"not_picked":["Steam","Doom and Gloom"],"picked":"Conserve Battery","floor":4},{"not_picked":["Beam Cell","Redo"],"picked":"Undo","floor":8},{"not_picked":["Auto Shields","Force Field"],"picked":"Cold Snap","floor":10},{"not_picked":["Coolheaded","Rebound"],"picked":"Leap","floor":12},{"not_picked":["Steam","Reboot"],"picked":"Go for the Eyes","floor":13},{"not_picked":["Tempest","Fusion","Beam Cell"],"picked":"SKIP","floor":14},{"not_picked":["Amplify","Core Surge"],"picked":"Creative AI","floor":16},{"not_picked":["Compile Driver+1","Cold Snap+1"],"picked":"Self Repair","floor":18},{"not_picked":["Chaos","Coolheaded+1"],"picked":"Cold Snap+1","floor":20}],"player_experience":622580,"relics_obtained":[{"floor":8,"key":"Strawberry"},{"floor":9,"key":"Regal Pillow"},{"floor":12,"key":"Incense Burner"}],"event_choices":[{"damage_healed":0,"gold_gain":0,"player_choice":"Donut","damage_taken":0,"max_hp_gain":5,"max_hp_loss":0,"event_name":"Big Fish","floor":2,"gold_loss":0},{"damage_healed":0,"gold_gain":0,"player_choice":"Trade","damage_taken":0,"relics_obtained":["SsserpentHead"],"max_hp_gain":0,"max_hp_loss":0,"event_name":"FaceTrader","floor":7,"gold_loss":0},{"cards_removed":["Strike_B"],"damage_healed":0,"gold_gain":0,"player_choice":"Upgrade and Remove","damage_taken":0,"max_hp_gain":0,"max_hp_loss":0,"event_name":"Designer","floor":19,"gold_loss":90,"cards_upgraded":["Strike_B"]},{"damage_healed":0,"gold_gain":0,"player_choice":"Inject Mutagens","damage_taken":0,"relics_obtained":["MutagenicStrength"],"max_hp_gain":0,"max_hp_loss":0,"event_name":"Drug Dealer","floor":21,"gold_loss":0}],"is_beta":false,"boss_relics":[{"not_picked":["Snecko Eye","FrozenCore"],"picked":"Philosopher\u0027s Stone"}],"items_purged_floors":[],"is_endless":false,"potions_floor_spawned":[4,10,13,14],"killed_by":"Slavers","ascension_level":1}