{"gold_per_floor":[115,115,115,115,115,155,155,193,216,236,255,74,114,114,114,234,234,253,267,291,391,391],"floor_reached":22,"playtime":672,"items_purged":[],"score":340,"play_id":"9da39505-e30e-4a98-96f0-8cc78ac745f6","local_time":"20190423105732","is_ascension_mode":true,"campfire_choices":[{"data":"Zap","floor":7,"key":"SMITH"},{"floor":15,"key":"REST"}],"neow_cost":"NONE","seed_source_timestamp":8606487227647,"circlet_count":0,"master_deck":["Defend_B","Defend_B","Defend_B","Zap+1","Dualcast","FTL","Conserve Battery","Defragment","Gash","Steam","Ball Lightning","Gash","Echo Form","Leap+1","Fusion+1","Multi-Cast+1","Gash","Steam","Go for the Eyes"],"relics":["Cracked Core","NeowsBlessing","Ice Cream","Golden Idol","Nunchaku","Oddly Smooth Stone","Strawberry","DataDisk","Bag of Marbles","Astrolabe"],"potions_floor_usage":[16,18],"damage_taken":[{"damage":0,"enemies":"Small Slimes","floor":1,"turns":1},{"damage":0,"enemies":"3 Sentries","floor":6,"turns":1},{"damage":0,"enemies":"Lagavulin","floor":8,"turns":1},{"damage":1,"enemies":"2 Louse","floor":10,"turns":3},{"damage":0,"enemies":"Cultist","floor":11,"turns":4},{"damage":13,"enemies":"3 Sentries","floor":13,"turns":5},{"damage":21,"enemies":"Slime Boss","floor":16,"turns":8},{"damage":22,"enemies":"2 Thieves","floor":18,"turns":4},{"damage":0,"enemies":"Chosen","floor":19,"turns":4},{"damage":29,"enemies":"3 Cultists","floor":20,"turns":6},{"damage":22,"enemies":"Snecko","floor":22,"turns":4}],"seed_played":"963610957198503661","potions_obtained":[{"floor":1,"key":"Poison Potion"},{"floor":5,"key":"Weak Potion"},{"floor":5,"key":"SpeedPotion"},{"floor":19,"key":"FearPotion"}],"is_trial":false,"path_per_floor":["?","?","?","?","M","$","?","?"],"character_chosen":"DEFECT","items_purchased":["DataDisk","Ball Lightning"],"campfire_rested":1,"item_purchase_floors":[12,12],"current_hp_per_floor":[68,61,43,43,43,43,43,43,50,49,49,49,36,36,58,37,66,44,44,15,15,0],"gold":391,"neow_bonus":"THREE_ENEMY_KILL","is_prod":false,"is_daily":false,"chose_seed":false,"campfire_upgraded":1,"win_rate":0,"timestamp":1556009852,"path_taken":["M","?","?","?","?","E","R","E","T","M","?","?","E","?","R","BOSS","M","M","M","?","M"],"build_version":"2019-01-23","purchased_purges":0,"victory":false,"max_hp_per_floor":[75,75,75,69,69,69,69,69,76,76,76,76,76,76,76,76,76,76,76,76,76,76],"card_choices":[{"not_picked":["Streamline","Blizzard"],"picked":"FTL","floor":1},{"not_picked":["FTL","Steam"],"picked":"Conserve Battery","floor":6},{"not_picked":["Static Discharge","Scrape"],"picked":"Defragment","floor":8},{"not_picked":["Stack","Multi-Cast"],"picked":"Gash","floor":10},{"not_picked":["Redo","Melter"],"picked":"Steam","floor":11},{"not_picked":["Barrage","Redo"],"picked":"Gash","floor":13},{"not_picked":["Biased Cognition","Buffer"],"picked":"Echo Form","floor":16},{"not_picked":["Fusion+1","Auto Shields"],"picked":"Gash","floor":18},{"not_picked":["Streamline","Barrage"],"picked":"Steam","floor":19},{"not_picked":["Blizzard","Sweeping Beam"],"picked":"Go for the Eyes","floor":20}],"player_experience":506944,"relics_obtained":[{"floor":6,"key":"Nunchaku"},{"floor":8,"key":"Oddly Smooth Stone"},{"floor":9,"key":"Strawberry"},{"floor":13,"key":"Bag of Marbles"}],"event_choices":[{"cards_removed":["Strike_B"],"damage_healed":0,"gold_gain":0,"player_choice":"Card Removal","damage_taken":7,"max_hp_gain":0,"max_hp_loss":0,"event_name":"Golden Wing","floor":2,"gold_loss":0},{"damage_healed":0,"gold_gain":0,"player_choice":"Success","damage_taken":18,"relics_obtained":["Ice Cream"],"max_hp_gain":0,"max_hp_loss":0,"event_name":"Scrap Ooze","floor":3,"gold_loss":0},{"damage_healed":0,"gold_gain":0,"player_choice":"Lose Max HP","damage_taken":0,"relics_obtained":["Golden Idol"],"max_hp_gain":0,"max_hp_loss":6,"event_name":"Golden Idol","floor":4,"gold_loss":0},{"damage_healed":0,"gold_gain":0,"player_choice":"Got Potions","damage_taken":0,"max_hp_gain":0,"max_hp_loss":0,"event_name":"Lab","floor":5,"gold_loss":0},{"cards_removed":["Strike_B"],"damage_healed":0,"gold_gain":0,"player_choice":"Offered Basic","damage_taken":0,"max_hp_gain":0,"max_hp_loss":0,"event_name":"Bonfire Elementals","floor":14,"gold_loss":0},{"damage_healed":0,"gold_gain":100,"player_choice":"Pray","damage_taken":0,"max_hp_gain":0,"max_hp_loss":0,"event_name":"Golden Shrine","floor":21,"gold_loss":0}],"is_beta":false,"boss_relics":[{"not_picked":["Inserter","Busted Crown"],"picked":"Astrolabe"}],"items_purged_floors":[],"is_endless":false,"potions_floor_spawned":[1,6,13,19],"killed_by":"Snecko","ascension_level":7}