{"gold_per_floor":[109,123,198,211,29,63,63,73,73,73,23,49,49,49,49,145,145,145,145,145,9,9,9,9,9,9,9,9,9,9,9,9,9,9,9,9,9,9,9,9,9,9,9,9,9,9,9,9,9,9,9,9,9,9,9],"floor_reached":55,"playtime":3216,"items_purged":["Strike_B","Strike_B"],"score":1062,"play_id":"5197f7c8-e329-4263-b016-4060da052eab","local_time":"20190528101337","is_ascension_mode":true,"campfire_choices":[{"data":"Defragment","floor":7.0,"key":"SMITH"},{"data":"Reinforced Body","floor":10.0,"key":"SMITH"},{"floor":13.0,"key":"REST"},{"data":"Zap","floor":15.0,"key":"SMITH"},{"data":"Defragment","floor":23.0,"key":"SMITH"},{"data":"Creative AI","floor":25.0,"key":"SMITH"},{"data":"Defragment","floor":28.0,"key":"SMITH"},{"floor":32.0,"key":"REST"},{"data":"Coolheaded","floor":40,"key":"SMITH"},{"floor":45,"key":"RECALL"},{"floor":49,"key":"REST"},{"floor":52,"key":"REST"}],"neow_cost":"NONE","seed_source_timestamp":0,"circlet_count":0,"master_deck":["Defend_B","Defend_B","Defend_B","Defend_B","Zap+1","Dualcast","Ball Lightning","Conserve Battery","Compile Driver","Defragment+1","Reinforced Body+1","Cold Snap","Go for the Eyes","Echo Form","Cold Snap","Defragment+1","Defragment+1","Coolheaded+1","Creative AI+1","Sweeping Beam","Self Repair","Steam+1","Amplify","Chill+1","Go for the Eyes+1","Coolheaded+1","Bandage Up","Secret Technique","Defragment","Hologram+1","Skim+1","Hologram+1"],"special_seed":0,"relics":["Cracked Core","Turnip","WingedGreaves","Ginger","Ectoplasm","Dream Catcher","Gambling Chip","Centennial Puzzle","Darkstone Periapt","Inserter","Emotion Chip","Mango","Dodecahedron","Letter Opener"],"potions_floor_usage":[46,54,55,55,55],"damage_taken":[{"damage":6.0,"enemies":"Small Slimes","floor":1.0,"turns":4.0},{"damage":5.0,"enemies":"2 Louse","floor":2.0,"turns":3.0},{"damage":1.0,"enemies":"Cultist","floor":4.0,"turns":3.0},{"damage":3.0,"enemies":"Lagavulin","floor":6.0,"turns":7.0},{"damage":0.0,"enemies":"Exordium Thugs","floor":8.0,"turns":4.0},{"damage":24.0,"enemies":"3 Sentries","floor":12.0,"turns":6.0},{"damage":3.0,"enemies":"The Guardian","floor":16.0,"turns":11.0},{"damage":0.0,"enemies":"Chosen","floor":18.0,"turns":4.0},{"damage":6.0,"enemies":"Spheric Guardian","floor":19.0,"turns":5.0},{"damage":0.0,"enemies":"Snake Plant","floor":20.0,"turns":5.0},{"damage":4.0,"enemies":"Snecko","floor":22.0,"turns":5.0},{"damage":15.0,"enemies":"Gremlin Leader","floor":24.0,"turns":7.0},{"damage":4.0,"enemies":"Book of Stabbing","floor":27.0,"turns":7.0},{"damage":22.0,"enemies":"Gremlin Leader","floor":30.0,"turns":8.0},{"damage":14.0,"enemies":"Sentry and Sphere","floor":31.0,"turns":8.0},{"damage":12.0,"enemies":"Automaton","floor":33.0,"turns":9.0},{"damage":21.0,"enemies":"3 Darklings","floor":35.0,"turns":6.0},{"damage":2.0,"enemies":"Orb Walker","floor":36.0,"turns":4.0},{"damage":5,"enemies":"Writhing Mass","floor":37,"turns":7},{"damage":10,"enemies":"Giant Head","floor":41,"turns":12},{"damage":0,"enemies":"Mind Bloom Boss Battle","floor":42,"turns":6},{"damage":59,"enemies":"Reptomancer","floor":46,"turns":8},{"damage":24,"enemies":"Transient","floor":47,"turns":5},{"damage":20,"enemies":"Donu and Deca","floor":50,"turns":9},{"damage":55,"enemies":"Shield and Spear","floor":54,"turns":10},{"damage":42,"enemies":"The Heart","floor":55,"turns":2}],"seed_played":"-4753349172971060021","potions_obtained":[{"floor":0.0,"key":"FocusPotion"},{"floor":0.0,"key":"Block Potion"},{"floor":0.0,"key":"Poison Potion"},{"floor":12.0,"key":"Strength Potion"},{"floor":18.0,"key":"PowerPotion"},{"floor":20.0,"key":"PowerPotion"},{"floor":24.0,"key":"Explosive Potion"},{"floor":29.0,"key":"EntropicBrew"},{"floor":30.0,"key":"FearPotion"},{"floor":33.0,"key":"Dexterity Potion"},{"floor":37,"key":"PowerPotion"},{"floor":46,"key":"EssenceOfSteel"},{"floor":54,"key":"AttackPotion"}],"is_trial":false,"path_per_floor":["?","?","?","?","M","?","?","?","?","$"],"character_chosen":"DEFECT","items_purchased":["Defragment","Reinforced Body","Defragment"],"campfire_rested":4,"item_purchase_floors":[5,5,21],"current_hp_per_floor":[62,57,46,45,45,42,42,42,42,42,42,18,40,40,40,37,66,66,60,60,60,56,56,41,41,41,37,37,37,15,1,23,11,59,52,50,59,59,59,59,63,84,84,74,74,23,10,10,35,19,69,85,85,37,0],"gold":9,"neow_bonus":"THREE_SMALL_POTIONS","is_prod":false,"is_daily":false,"chose_seed":false,"campfire_upgraded":7,"win_rate":0,"timestamp":1559031217,"path_taken":["M","M","?","M","$","E","R","M","T","R","?","E","R","?","R","BOSS","M","M","M","$","M","R","E","R","T","E","R","?","E","M","R","BOSS","M","M","?","?","?","R","E","?","T","?","R","E","M","?","R","BOSS","R","$","E","BOSS"],"build_version":"2019-01-23","purchased_purges":2,"victory":false,"max_hp_per_floor":[75,75,75,75,75,75,75,75,75,75,75,75,75,75,75,75,75,75,75,75,75,75,75,75,75,75,75,75,75,75,75,75,75,75,75,75,75,75,71,71,71,85,85,85,85,85,85,85,85,85,85,85,85,85,85],"card_choices":[{"not_picked":["Redo","Barrage"],"picked":"Ball Lightning","floor":1.0},{"not_picked":["Ball Lightning","Sweeping Beam"],"picked":"Conserve Battery","floor":2.0},{"not_picked":["Blizzard","Hello World"],"picked":"Compile Driver","floor":4.0},{"not_picked":["Hologram","Streamline"],"picked":"Cold Snap","floor":6.0},{"not_picked":["Steam","Blizzard"],"picked":"Go for the Eyes","floor":8.0},{"not_picked":["Reprogram","Blizzard","Streamline"],"picked":"SKIP","floor":12.0},{"not_picked":["Meteor Strike","Hyperbeam"],"picked":"Echo Form","floor":16.0},{"not_picked":["Redo","Skim"],"picked":"Cold Snap","floor":18.0},{"not_picked":["Compile Driver","Scrape","Aggregate+1"],"picked":"SKIP","floor":19.0},{"not_picked":["Hologram","Streamline"],"picked":"Defragment","floor":20.0},{"not_picked":["Rebound","Darkness"],"picked":"Coolheaded","floor":22.0},{"not_picked":["Rebound","Coolheaded"],"picked":"Creative AI","floor":24.0},{"not_picked":["Steam","Blizzard+1"],"picked":"Sweeping Beam","floor":27.0},{"not_picked":["Beam Cell","Aggregate","White Noise"],"picked":"SKIP","floor":30.0},{"not_picked":["Barrage","Compile Driver"],"picked":"Self Repair","floor":31.0},{"not_picked":["Sweeping Beam","Recycle"],"picked":"Steam+1","floor":32.0},{"not_picked":["Seek","Hyperbeam"],"picked":"Amplify","floor":33.0},{"not_picked":["Ball Lightning","Conserve Battery"],"picked":"Chill+1","floor":35.0},{"not_picked":["Auto Shields+1","Aggregate+1","Chill+1"],"picked":"SKIP","floor":36.0},{"not_picked":["Beam Cell","Turbo+1"],"picked":"Go for the Eyes+1","floor":37},{"not_picked":["Redo+1","Ball Lightning","Undo"],"picked":"SKIP","floor":41},{"not_picked":["Heatsinks+1","Conserve Battery"],"picked":"Coolheaded+1","floor":42},{"not_picked":["Madness","Forethought"],"picked":"Bandage Up","floor":44},{"not_picked":["Purity","Dramatic Entrance"],"picked":"Secret Technique","floor":44},{"not_picked":["Sunder","Melter"],"picked":"Defragment","floor":46},{"not_picked":["Redo+1","Lockon"],"picked":"Hologram+1","floor":47},{"not_picked":["Gash+1","Rebound"],"picked":"Skim+1","floor":49},{"not_picked":["Multi-Cast","Loop"],"picked":"Hologram+1","floor":54}],"player_experience":697878,"relics_obtained":[{"floor":6.0,"key":"Turnip"},{"floor":9.0,"key":"WingedGreaves"},{"floor":12.0,"key":"Ginger"},{"floor":24.0,"key":"Dream Catcher"},{"floor":26.0,"key":"Gambling Chip"},{"floor":27.0,"key":"Centennial Puzzle"},{"floor":30.0,"key":"Darkstone Periapt"},{"floor":41,"key":"Emotion Chip"},{"floor":42,"key":"Mango"},{"floor":46,"key":"Dodecahedron"},{"floor":54,"key":"Letter Opener"}],"event_choices":[{"damage_healed":0.0,"max_hp_gain":0.0,"max_hp_loss":0.0,"gold_gain":75.0,"event_name":"World of Goop","player_choice":"Gather Gold","floor":3.0,"gold_loss":0.0,"damage_taken":11.0},{"cards_removed":["Strike_B"],"damage_healed":0.0,"max_hp_gain":0.0,"max_hp_loss":0.0,"gold_gain":0.0,"event_name":"The Cleric","player_choice":"Card Removal","floor":11.0,"gold_loss":50.0,"damage_taken":0.0},{"cards_removed":["Strike_B"],"damage_healed":0.0,"max_hp_gain":0.0,"max_hp_loss":0.0,"gold_gain":0.0,"event_name":"Living Wall","player_choice":"Forget","floor":14.0,"gold_loss":0.0,"damage_taken":0.0},{"damage_healed":0.0,"max_hp_gain":0.0,"max_hp_loss":0.0,"gold_gain":0.0,"event_name":"Lab","player_choice":"Got Potions","floor":29.0,"gold_loss":0.0,"damage_taken":0.0},{"damage_healed":0,"gold_gain":0,"player_choice":"Ignored","damage_taken":0,"max_hp_gain":0,"max_hp_loss":0,"event_name":"Mysterious Sphere","floor":38,"gold_loss":0},{"damage_healed":0,"gold_gain":0,"player_choice":"Max HP","damage_taken":0,"max_hp_gain":0,"max_hp_loss":4,"event_name":"Winding Halls","floor":39,"gold_loss":0},{"damage_healed":0,"gold_gain":0,"player_choice":"Fight","damage_taken":0,"max_hp_gain":0,"max_hp_loss":0,"event_name":"MindBloom","floor":42,"gold_loss":0},{"damage_healed":0,"gold_gain":0,"player_choice":"Memory 3","damage_taken":10,"max_hp_gain":0,"max_hp_loss":0,"event_name":"SensoryStone","floor":44,"gold_loss":0}],"is_beta":false,"boss_relics":[{"not_picked":["Velvet Choker","Calling Bell"],"picked":"Ectoplasm"},{"not_picked":["Orrery","Empty Cage"],"picked":"Inserter"}],"items_purged_floors":[5,21],"is_endless":false,"potions_floor_spawned":[1,2,12,18,20,24,30,33,35,37,46,54],"killed_by":"The Heart","ascension_level":8}