{"gold_per_floor":[113,133,133,146,161,161,191,191,273,293,309,309,41,9,9,110,110,129,143,143,156,171,171,197,197,278,278,304,61,61,77,77,174,174,192,192,192,38,51,81,81,81,104,104,129,148,168,186,186,186],"floor_reached":51,"playtime":4009,"items_purged":["Strike_G+1"],"score":1008,"play_id":"67424d5f-a90f-4ade-8e55-e26f859afd81","local_time":"20190423131834","is_ascension_mode":true,"campfire_choices":[{"floor":6,"key":"REST"},{"floor":8,"key":"REST"},{"floor":15,"key":"REST"},{"floor":23,"key":"REST"},{"floor":25,"key":"REST"},{"data":"After Image","floor":30,"key":"SMITH"},{"data":"Crippling Poison","floor":32,"key":"SMITH"},{"data":"Backflip","floor":41,"key":"SMITH"},{"data":"Catalyst","floor":44,"key":"SMITH"},{"data":"Burst","floor":49,"key":"SMITH"}],"neow_cost":"NONE","seed_source_timestamp":13714031013182,"circlet_count":0,"master_deck":["Defend_G+1","Defend_G+1","Defend_G+1","Defend_G+1","Defend_G+1","Survivor","Neutralize+1","Deadly Poison","Deadly Poison","Caltrops","Predator","Backflip+1","Heel Hook","Crippling Poison+1","After Image+1","Deflect+1","Writhe","Cloak And Dagger+1","Glass Knife","Night Terror+1","Heel Hook+1","Corpse Explosion+1","Riddle With Holes+1","Noxious Fumes+1","Catalyst+1","Burst+1","Prepared"],"relics":["Ring of the Snake","Mango","Mercury Hourglass","Pen Nib","TwistedFunnel","Busted Crown","Mummified Hand","Anchor","Frozen Egg 2","Snake Skull","Pantograph","Astrolabe","Meat on the Bone","Blood Vial","Ornamental Fan"],"potions_floor_usage":[7,16,24,24,40,45,50,50,50,50,50],"damage_taken":[{"damage":5,"enemies":"Small Slimes","floor":1,"turns":5},{"damage":15,"enemies":"2 Louse","floor":2,"turns":3},{"damage":0,"enemies":"Jaw Worm","floor":4,"turns":4},{"damage":11,"enemies":"3 Louse","floor":5,"turns":3},{"damage":40,"enemies":"Gremlin Nob","floor":7,"turns":5},{"damage":2,"enemies":"2 Fungi Beasts","floor":10,"turns":4},{"damage":4,"enemies":"Gremlin Gang","floor":11,"turns":4},{"damage":16,"enemies":"Hexaghost","floor":16,"turns":8},{"damage":11,"enemies":"2 Thieves","floor":18,"turns":3},{"damage":6,"enemies":"Shell Parasite","floor":19,"turns":5},{"damage":14,"enemies":"Cultist and Chosen","floor":21,"turns":5},{"damage":15,"enemies":"Snecko","floor":22,"turns":5},{"damage":37,"enemies":"Slavers","floor":24,"turns":4},{"damage":0,"enemies":"Sentry and Sphere","floor":31,"turns":4},{"damage":32,"enemies":"Automaton","floor":33,"turns":11},{"damage":0,"enemies":"3 Shapes","floor":35,"turns":3},{"damage":0,"enemies":"Orb Walker","floor":39,"turns":3},{"damage":19,"enemies":"Giant Head","floor":40,"turns":8},{"damage":9,"enemies":"Reptomancer","floor":45,"turns":4},{"damage":0,"enemies":"Jaw Worm Horde","floor":46,"turns":2},{"damage":10,"enemies":"Spire Growth","floor":47,"turns":2},{"damage":2,"enemies":"Transient","floor":48,"turns":5},{"damage":46,"enemies":"Time Eater","floor":50,"turns":7}],"seed_played":"615329187259320169","potions_obtained":[{"floor":5,"key":"SkillPotion"},{"floor":7,"key":"Weak Potion"},{"floor":11,"key":"Ancient Potion"},{"floor":16,"key":"Explosive Potion"},{"floor":18,"key":"Poison Potion"},{"floor":24,"key":"Energy Potion"},{"floor":33,"key":"GamblersBrew"},{"floor":40,"key":"EntropicBrew"},{"floor":45,"key":"Regen Potion"}],"is_trial":false,"path_per_floor":["?","?","?","?","?","T","?","?","?"],"character_chosen":"THE_SILENT","items_purchased":["TwistedFunnel","Crippling Poison","Pantograph","Noxious Fumes+1"],"campfire_rested":5,"item_purchase_floors":[13,13,29,38],"current_hp_per_floor":[65,50,35,35,24,47,21,48,48,46,42,9,9,9,36,20,73,62,56,56,42,27,54,17,44,44,44,44,44,44,44,44,37,78,78,78,78,78,78,59,59,59,59,59,52,54,46,46,46,56],"gold":186,"neow_bonus":"TEN_PERCENT_HP_BONUS","is_prod":false,"is_daily":false,"chose_seed":false,"campfire_upgraded":5,"win_rate":0,"timestamp":1556018314,"path_taken":["M","M","?","M","M","R","E","R","T","M","M","?","$","?","R","BOSS","M","M","?","M","M","R","E","R","T","?","?","$","R","M","R","BOSS","M","?","?","$","M","E","R","?","T","R","E","M","M","M","R","BOSS"],"build_version":"2019-01-23","purchased_purges":1,"victory":true,"max_hp_per_floor":[77,77,77,77,77,77,91,91,91,91,91,91,91,91,91,91,91,91,91,91,91,91,91,91,91,91,91,91,91,91,91,91,91,91,91,91,91,91,91,91,91,91,91,91,91,91,91,91,91,91],"card_choices":[{"not_picked":["Slice","Blade Dance"],"picked":"Deadly Poison","floor":1},{"not_picked":["Bane","Finisher"],"picked":"Deadly Poison","floor":2},{"not_picked":["Infinite Blades","Dagger Throw"],"picked":"Caltrops","floor":4},{"not_picked":["Slice","Blade Dance"],"picked":"Predator","floor":5},{"not_picked":["Grand Finale","Sucker Punch"],"picked":"Backflip","floor":7},{"not_picked":["Finisher","Acrobatics"],"picked":"Heel Hook","floor":10},{"not_picked":["Deflect","Flying Knee"],"picked":"Poisoned Stab","floor":11},{"not_picked":["Storm of Steel","Night Terror"],"picked":"After Image","floor":16},{"not_picked":["Dagger Throw"],"picked":"SKIP","floor":18},{"not_picked":[],"picked":"Deflect+1","floor":19},{"not_picked":["Deadly Poison"],"picked":"SKIP","floor":21},{"not_picked":["Outmaneuver"],"picked":"SKIP","floor":22},{"not_picked":["Outmaneuver"],"picked":"SKIP","floor":24},{"not_picked":[],"picked":"Cloak And Dagger+1","floor":31},{"not_picked":[],"picked":"Glass Knife","floor":33},{"not_picked":[],"picked":"Riddle With Holes+1","floor":35},{"not_picked":["Expertise+1"],"picked":"SKIP","floor":39},{"not_picked":["Finisher+1"],"picked":"SKIP","floor":40},{"not_picked":[],"picked":"Burst","floor":45},{"not_picked":["Dagger Throw+1"],"picked":"SKIP","floor":46},{"not_picked":["Eviscerate"],"picked":"SKIP","floor":47},{"not_picked":[],"picked":"Prepared","floor":48}],"player_experience":509647,"relics_obtained":[{"floor":7,"key":"Mango"},{"floor":9,"key":"Mercury Hourglass"},{"floor":24,"key":"Anchor"},{"floor":26,"key":"Frozen Egg 2"},{"floor":28,"key":"Snake Skull"},{"floor":40,"key":"Meat on the Bone"},{"floor":43,"key":"Blood Vial"},{"floor":45,"key":"Ornamental Fan"}],"event_choices":[{"damage_healed":0,"gold_gain":0,"player_choice":"Entered Light","damage_taken":15,"max_hp_gain":0,"max_hp_loss":0,"event_name":"Shining Light","floor":3,"gold_loss":0,"cards_upgraded":["Neutralize","Strike_G"]},{"damage_healed":0,"gold_gain":0,"player_choice":"Success","damage_taken":33,"relics_obtained":["Pen Nib"],"max_hp_gain":0,"max_hp_loss":0,"event_name":"Scrap Ooze","floor":12,"gold_loss":0},{"damage_healed":0,"gold_gain":0,"player_choice":"Left Gold","damage_taken":0,"max_hp_gain":0,"max_hp_loss":0,"event_name":"World of Goop","floor":14,"gold_loss":32},{"damage_healed":0,"gold_gain":0,"player_choice":"Opened","damage_taken":0,"relics_obtained":["Mummified Hand"],"max_hp_gain":0,"max_hp_loss":0,"event_name":"The Mausoleum","floor":20,"gold_loss":0,"cards_obtained":["Writhe"]},{"damage_healed":0,"gold_gain":0,"player_choice":"Simplicity","damage_taken":0,"max_hp_gain":0,"max_hp_loss":0,"event_name":"Back to Basics","floor":27,"gold_loss":0,"cards_upgraded":["Defend_G","Defend_G","Defend_G","Defend_G","Defend_G","Strike_G","Strike_G","Strike_G","Strike_G"]},{"damage_healed":0,"gold_gain":0,"player_choice":"Ignored","damage_taken":0,"max_hp_gain":0,"max_hp_loss":0,"event_name":"Mysterious Sphere","floor":36,"gold_loss":0},{"cards_removed":["Poisoned Stab"],"damage_healed":0,"gold_gain":0,"player_choice":"Removed Attack","damage_taken":0,"max_hp_gain":0,"max_hp_loss":0,"event_name":"Falling","floor":37,"gold_loss":0},{"damage_healed":0,"gold_gain":0,"cards_transformed":["Strike_G"],"player_choice":"Transformed","damage_taken":0,"max_hp_gain":0,"max_hp_loss":0,"event_name":"Transmorgrifier","floor":42,"gold_loss":0,"cards_obtained":["Catalyst"]}],"is_beta":false,"boss_relics":[{"not_picked":["Fusion Hammer","Philosopher\u0027s Stone"],"picked":"Busted Crown"},{"not_picked":["Cursed Key","Snecko Eye"],"picked":"Astrolabe"}],"items_purged_floors":[38],"is_endless":false,"potions_floor_spawned":[5,7,11,16,18,19,24,33,40,45],"ascension_level":8}