{"gold_per_floor":[109,109,119,47,67,67,96,116,140,169,169,16,16,43,43,144,144,157,2,2,2,2,35,35,69,69,79,26,26,26,352,352,452,452,463,480,335,335,385,385,419,419,442,456,485,500,500,500,500,500,500,500,60,94,94],"floor_reached":55,"playtime":4351,"items_purged":["Strike_G","Writhe"],"score":934,"play_id":"cd8f0829-dc06-4d01-9fe3-5316bc5c9e47","local_time":"20190705125757","is_ascension_mode":true,"campfire_choices":[{"data":"Neutralize","floor":6,"key":"SMITH"},{"data":"Bouncing Flask","floor":13,"key":"SMITH"},{"data":"Deadly Poison","floor":15,"key":"SMITH"},{"data":"Noxious Fumes","floor":24,"key":"SMITH"},{"floor":30,"key":"REST"},{"floor":32,"key":"REST"},{"floor":40,"key":"RECALL"},{"floor":42,"key":"REST"},{"floor":47,"key":"REST"},{"floor":49,"key":"REST"},{"floor":52,"key":"REST"}],"neow_cost":"NONE","seed_source_timestamp":14021235070885,"circlet_count":0,"master_deck":["Defend_G","Defend_G","Defend_G","Defend_G+1","Defend_G","Survivor","Neutralize+1","Deadly Poison+1","PiercingWail","Leg Sweep+1","Cloak And Dagger+1","Deadly Poison+1","PiercingWail","Bouncing Flask+1","Die Die Die","Bouncing Flask","Corpse Explosion","Cloak And Dagger+1","Accuracy","Dodge and Roll+1","Catalyst+1","Noxious Fumes+1","Backflip+1","Noxious Fumes+1","Cloak And Dagger+1","Cloak And Dagger+1","A Thousand Cuts","Deflect+1","PiercingWail+1","Catalyst+1","Storm of Steel+1","Acrobatics+1","Wraith Form v2","Cloak And Dagger+1","Calculated Gamble+1","Footwork"],"relics":["Ring of the Snake","Strawberry","Snake Skull","War Paint","Sundial","Black Star","Toxic Egg 2","Enchiridion","Gremlin Horn","Art of War","Blood Vial","Juzu Bracelet","Dead Branch","Old Coin","WingedGreaves","Fusion Hammer","PreservedInsect","Prayer Wheel","Happy Flower","Bag of Marbles","Boot","Potion Belt","Letter Opener","Dodecahedron","Oddly Smooth Stone"],"potions_floor_usage":[10,14,23,45,46,50,55],"damage_taken":[{"damage":0,"enemies":"Small Slimes","floor":1,"turns":4},{"damage":0,"enemies":"Cultist","floor":3,"turns":3},{"damage":0,"enemies":"Jaw Worm","floor":5,"turns":6},{"damage":14,"enemies":"3 Sentries","floor":7,"turns":18},{"damage":6,"enemies":"Exordium Wildlife","floor":8,"turns":4},{"damage":2,"enemies":"Lagavulin","floor":10,"turns":6},{"damage":6,"enemies":"Gremlin Nob","floor":14,"turns":3},{"damage":3,"enemies":"The Guardian","floor":16,"turns":7},{"damage":11,"enemies":"2 Thieves","floor":18,"turns":4},{"damage":6,"enemies":"Slavers","floor":23,"turns":6},{"damage":11,"enemies":"Gremlin Leader","floor":25,"turns":5},{"damage":0,"enemies":"Spheric Guardian","floor":27,"turns":4},{"damage":24,"enemies":"Slavers","floor":31,"turns":4},{"damage":27,"enemies":"Collector","floor":33,"turns":9},{"damage":0,"enemies":"3 Shapes","floor":35,"turns":4},{"damage":3,"enemies":"3 Darklings","floor":36,"turns":3},{"damage":13,"enemies":"2 Orb Walkers","floor":39,"turns":3},{"damage":31,"enemies":"Nemesis","floor":41,"turns":5},{"damage":18,"enemies":"Jaw Worm Horde","floor":44,"turns":3},{"damage":42,"enemies":"Reptomancer","floor":45,"turns":6},{"damage":1,"enemies":"Maw","floor":46,"turns":4},{"damage":43,"enemies":"Time Eater","floor":50,"turns":11},{"damage":12,"enemies":"Shield and Spear","floor":54,"turns":7},{"damage":69,"enemies":"The Heart","floor":55,"turns":5}],"seed_played":"267601786451830977","potions_obtained":[{"floor":7,"key":"Poison Potion"},{"floor":8,"key":"GamblersBrew"},{"floor":10,"key":"Block Potion"},{"floor":23,"key":"LiquidBronze"},{"floor":33,"key":"Swift Potion"},{"floor":36,"key":"SpeedPotion"},{"floor":44,"key":"GhostInAJar"},{"floor":46,"key":"Poison Potion"}],"is_trial":false,"path_per_floor":["?","M","?","$","?","?","?","?","?","?","?"],"character_chosen":"THE_SILENT","items_purchased":["Leg Sweep","Die Die Die","Accuracy","Cloak And Dagger+1","PreservedInsect","Letter Opener","Calculated Gamble+1"],"campfire_rested":6,"item_purchase_floors":[4,12,19,28,37,53,53],"current_hp_per_floor":[70,70,70,70,70,70,63,57,57,55,40,40,40,34,34,31,77,66,66,66,66,50,44,44,33,33,35,35,35,58,36,59,34,77,77,74,74,74,63,63,34,57,57,41,1,2,25,25,48,7,77,77,77,65,0],"gold":94,"neow_bonus":"REMOVE_CARD","is_prod":false,"is_daily":false,"chose_seed":false,"campfire_upgraded":4,"win_rate":0,"timestamp":1562324277,"path_taken":["M","?","M","$","M","R","E","?","T","E","?","?","R","E","R","BOSS","M","$","?","?","?","E","R","E","T","M","$","?","R","E","R","BOSS","M","M","$","?","?","R","E","R","T","M","E","M","R","?","R","BOSS","R","$","E","BOSS"],"build_version":"2019-01-23","purchased_purges":2,"victory":false,"max_hp_per_floor":[70,70,70,70,70,70,77,77,77,77,77,77,77,77,77,77,77,77,77,77,77,77,77,77,77,77,77,77,77,77,77,77,77,77,77,77,77,77,77,77,77,77,77,77,77,77,77,77,77,77,77,77,77,77,77],"card_choices":[{"not_picked":["Underhanded Strike","Reflex"],"picked":"Deadly Poison","floor":1},{"not_picked":["Slice","Cloak And Dagger"],"picked":"PiercingWail","floor":3},{"not_picked":["Bane","Backstab"],"picked":"Cloak And Dagger","floor":5},{"not_picked":["Prepared","Storm of Steel"],"picked":"Deadly Poison","floor":7},{"not_picked":["Underhanded Strike","Poisoned Stab"],"picked":"PiercingWail","floor":8},{"not_picked":["Blade Dance","Quick Slash"],"picked":"Bouncing Flask","floor":10},{"not_picked":["Dodge and Roll","Quick Slash"],"picked":"Bouncing Flask","floor":14},{"not_picked":["Glass Knife","Wraith Form v2"],"picked":"Corpse Explosion","floor":16},{"not_picked":["Acrobatics","Deadly Poison"],"picked":"Cloak And Dagger+1","floor":18},{"not_picked":["Well Laid Plans+1","Reflex+1"],"picked":"Noxious Fumes","floor":23},{"not_picked":["Accuracy","Caltrops+1"],"picked":"Backflip+1","floor":25},{"not_picked":["Dagger Throw+1","Dodge and Roll+1"],"picked":"Noxious Fumes+1","floor":27},{"not_picked":["Predator+1","Accuracy"],"picked":"Cloak And Dagger+1","floor":31},{"not_picked":["Glass Knife","Phantasmal Killer+1"],"picked":"A Thousand Cuts","floor":33},{"not_picked":["Flechettes","Bane"],"picked":"Deflect+1","floor":35},{"not_picked":["Underhanded Strike+1","Skewer+1"],"picked":"PiercingWail+1","floor":36},{"not_picked":["Noxious Fumes+1","Heel Hook"],"picked":"Catalyst+1","floor":39},{"not_picked":["Choke","Riddle With Holes+1"],"picked":"Storm of Steel+1","floor":41},{"not_picked":["Dagger Spray+1","PiercingWail+1","Flechettes+1"],"picked":"SKIP","floor":44},{"not_picked":["Prepared+1","Quick Slash+1","Tactician+1"],"picked":"SKIP","floor":44},{"not_picked":["Flying Knee+1","Deflect+1"],"picked":"Acrobatics+1","floor":45},{"not_picked":["Bane+1","PiercingWail+1"],"picked":"Wraith Form v2","floor":46},{"not_picked":["Dagger Throw","Eviscerate","Cloak And Dagger+1"],"picked":"SKIP","floor":46},{"not_picked":["Dagger Throw","Eviscerate"],"picked":"Cloak And Dagger+1","floor":46},{"not_picked":["Burst+1","Tactician+1"],"picked":"Footwork","floor":54}],"player_experience":964657,"relics_obtained":[{"floor":7,"key":"Strawberry"},{"floor":9,"key":"Snake Skull"},{"floor":10,"key":"War Paint"},{"floor":14,"key":"Sundial"},{"floor":22,"key":"Enchiridion"},{"floor":23,"key":"Gremlin Horn"},{"floor":23,"key":"Art of War"},{"floor":25,"key":"Blood Vial"},{"floor":25,"key":"Juzu Bracelet"},{"floor":26,"key":"Dead Branch"},{"floor":31,"key":"Old Coin"},{"floor":31,"key":"WingedGreaves"},{"floor":39,"key":"Prayer Wheel"},{"floor":41,"key":"Happy Flower"},{"floor":41,"key":"Bag of Marbles"},{"floor":45,"key":"Boot"},{"floor":45,"key":"Potion Belt"},{"floor":54,"key":"Dodecahedron"},{"floor":54,"key":"Oddly Smooth Stone"}],"event_choices":[{"damage_healed":0,"gold_gain":0,"cards_transformed":["Strike_G"],"player_choice":"Transformed","damage_taken":0,"max_hp_gain":0,"max_hp_loss":0,"event_name":"Transmorgrifier","floor":2,"gold_loss":0,"cards_obtained":["Quick Slash"]},{"damage_healed":0,"gold_gain":0,"player_choice":"Entered Light","damage_taken":15,"max_hp_gain":0,"max_hp_loss":0,"event_name":"Shining Light","floor":11,"gold_loss":0,"cards_upgraded":["Deadly Poison","Defend_G"]},{"damage_healed":0,"gold_gain":0,"player_choice":"Opened","damage_taken":0,"relics_obtained":["Toxic Egg 2"],"max_hp_gain":0,"max_hp_loss":0,"event_name":"The Mausoleum","floor":20,"gold_loss":0,"cards_obtained":["Writhe"]},{"damage_healed":0,"gold_gain":0,"cards_transformed":["Strike_G","Strike_G"],"player_choice":"Became Test Subject","damage_taken":0,"max_hp_gain":0,"max_hp_loss":0,"event_name":"Drug Dealer","floor":21,"gold_loss":0,"cards_obtained":["Dodge and Roll","Catalyst"]},{"damage_healed":0,"gold_gain":0,"player_choice":"Obtained Book","damage_taken":16,"max_hp_gain":0,"max_hp_loss":0,"event_name":"Cursed Tome","floor":22,"gold_loss":0},{"damage_healed":0,"gold_gain":0,"player_choice":"Ignored","damage_taken":0,"max_hp_gain":0,"max_hp_loss":0,"event_name":"NoteForYourself","floor":29,"gold_loss":0},{"cards_removed":["Quick Slash"],"damage_healed":0,"gold_gain":0,"player_choice":"Removed Attack","damage_taken":0,"max_hp_gain":0,"max_hp_loss":0,"event_name":"Falling","floor":38,"gold_loss":0},{"damage_healed":0,"gold_gain":0,"player_choice":"Fight","damage_taken":0,"max_hp_gain":0,"max_hp_loss":0,"event_name":"Mysterious Sphere","floor":39,"gold_loss":0},{"damage_healed":0,"gold_gain":0,"player_choice":"Ignored","damage_taken":0,"max_hp_gain":0,"max_hp_loss":0,"event_name":"Tomb of Lord Red Mask","floor":48,"gold_loss":0}],"is_beta":false,"boss_relics":[{"not_picked":["HoveringKite","White Beast Statue"],"picked":"Black Star"},{"not_picked":["Ring of the Serpent","Runic Pyramid"],"picked":"Fusion Hammer"}],"items_purged_floors":[19,53],"is_endless":false,"potions_floor_spawned":[7,8,10,23,33,36,39,41,44,46],"killed_by":"The Heart","ascension_level":1}