{"gold_per_floor":[218,234,234,12,30,30,30,69,69,83,121,135,85,85,85,204,204,204,204,204,154,154,154,154,154,154,154,154,154,64,64,64,64,64,64,64,64,64,64,64,64,64,64,64,64,64,64,64,64,64],"floor_reached":50,"playtime":3388,"items_purged":["Strike_R","Strike_R","Strike_R","Strike_R"],"score":548,"play_id":"52888619-7cae-4683-8840-f5312734735e","local_time":"20190711135315","is_ascension_mode":true,"campfire_choices":[{"data":"Combust","floor":6.0,"key":"SMITH"},{"data":"Armaments","floor":15.0,"key":"SMITH"},{"data":"Spot Weakness","floor":23.0,"key":"SMITH"},{"data":"Uppercut","floor":27.0,"key":"SMITH"},{"data":"Corruption","floor":29.0,"key":"SMITH"},{"floor":32.0,"key":"REST"},{"data":"Dark Embrace","floor":40,"key":"SMITH"},{"floor":42,"key":"RECALL"},{"floor":46,"key":"REST"},{"data":"Regret","floor":49,"key":"PURGE"}],"neow_cost":"NONE","seed_source_timestamp":0,"circlet_count":0,"master_deck":["Defend_R","Defend_R","Defend_R","Defend_R","Bash","Spot Weakness+1","Cleave","Combust+1","Feel No Pain","True Grit","Clothesline","Armaments+1","Double Tap","Dark Embrace+1","Wild Strike+1","Iron Wave","Uppercut+1","Corruption+1","Feel No Pain","Disarm+1","Limit Break","Uppercut","Shrug It Off+1","Shrug It Off","Pommel Strike+1","Evolve+1"],"special_seed":0,"relics":["Burning Blood","Golden Idol","Bag of Preparation","Meat on the Bone","Oddly Smooth Stone","Smiling Mask","Ectoplasm","Tiny Chest","Matryoshka","Orichalcum","Cursed Key","Bag of Marbles","Ancient Tea Set","Peace Pipe","PreservedInsect","Toxic Egg 2"],"potions_floor_usage":[33,41,50],"damage_taken":[{"damage":1.0,"enemies":"Cultist","floor":1.0,"turns":3.0},{"damage":12.0,"enemies":"Jaw Worm","floor":2.0,"turns":4.0},{"damage":3.0,"enemies":"2 Louse","floor":5.0,"turns":2.0},{"damage":28.0,"enemies":"Gremlin Nob","floor":8.0,"turns":4.0},{"damage":2.0,"enemies":"Exordium Wildlife","floor":10.0,"turns":2.0},{"damage":11.0,"enemies":"3 Sentries","floor":11.0,"turns":4.0},{"damage":8.0,"enemies":"Gremlin Gang","floor":12.0,"turns":3.0},{"damage":30.0,"enemies":"The Guardian","floor":16.0,"turns":12.0},{"damage":16.0,"enemies":"Chosen","floor":18.0,"turns":8.0},{"damage":33.0,"enemies":"Colosseum Slavers","floor":19.0,"turns":5.0},{"damage":16.0,"enemies":"Spheric Guardian","floor":22.0,"turns":4.0},{"damage":28.0,"enemies":"Book of Stabbing","floor":25.0,"turns":6.0},{"damage":1.0,"enemies":"Centurion and Healer","floor":28.0,"turns":7.0},{"damage":7.0,"enemies":"Snake Plant","floor":31.0,"turns":4.0},{"damage":63,"enemies":"Automaton","floor":33,"turns":18},{"damage":10,"enemies":"Orb Walker","floor":35,"turns":4},{"damage":1,"enemies":"3 Shapes","floor":39,"turns":4},{"damage":62,"enemies":"Giant Head","floor":41,"turns":11},{"damage":19,"enemies":"Nemesis","floor":45,"turns":7},{"damage":12,"enemies":"Mind Bloom Boss Battle","floor":47,"turns":5},{"damage":56,"enemies":"Time Eater","floor":50,"turns":11}],"seed_played":"-1488961529145660214","potions_obtained":[{"floor":1.0,"key":"AttackPotion"},{"floor":5.0,"key":"EssenceOfSteel"},{"floor":10.0,"key":"EssenceOfSteel"},{"floor":16.0,"key":"Ancient Potion"},{"floor":31.0,"key":"Poison Potion"},{"floor":33,"key":"Poison Potion"},{"floor":47,"key":"Dexterity Potion"}],"is_trial":false,"path_per_floor":["?","?","M","?","?","T","M","?","?","?","$","T","?","T"],"character_chosen":"IRONCLAD","items_purchased":["Bag of Preparation","Feel No Pain"],"campfire_rested":2,"item_purchase_floors":[4,30],"current_hp_per_floor":[80,74,74,74,74,74,74,52,52,56,51,49,49,54,54,42,79,69,54,54,54,56,56,56,46,46,46,51,51,51,50,73,28,79,75,75,75,75,79,79,35,35,35,35,34,57,51,51,51,0],"gold":64,"neow_bonus":"HUNDRED_GOLD","is_prod":false,"is_daily":false,"chose_seed":false,"campfire_upgraded":6,"win_rate":0,"timestamp":1562845995,"path_taken":["M","M","?","$","M","R","?","E","T","M","E","?","$","?","R","BOSS","M","?","?","$","?","R","?","E","T","R","M","R","$","M","R","BOSS","M","?","?","?","M","R","E","R","T","?","E","R","?","?","R","BOSS"],"build_version":"2019-01-23","purchased_purges":4,"victory":false,"max_hp_per_floor":[80,80,74,74,74,74,74,74,74,74,74,74,74,79,79,79,79,79,79,79,79,79,79,79,79,79,79,79,79,79,79,79,79,79,79,79,79,79,79,79,79,79,79,79,79,79,79,79,79,79],"card_choices":[{"not_picked":["Battle Trance","Clash"],"picked":"Spot Weakness","floor":1.0},{"not_picked":["Blood for Blood","Wild Strike"],"picked":"Cleave","floor":2.0},{"not_picked":["Cleave","Rage"],"picked":"Combust","floor":5.0},{"not_picked":["Rampage","Perfected Strike"],"picked":"True Grit","floor":8.0},{"not_picked":["Iron Wave","Havoc"],"picked":"Clothesline","floor":10.0},{"not_picked":["Burning Pact","Power Through"],"picked":"Armaments","floor":11.0},{"not_picked":["True Grit","Iron Wave"],"picked":"Double Tap","floor":12.0},{"not_picked":["Double Tap","Impervious"],"picked":"Dark Embrace","floor":16.0},{"not_picked":["Disarm","Carnage+1"],"picked":"Wild Strike+1","floor":18.0},{"not_picked":["Bloodletting","Infernal Blade"],"picked":"Iron Wave","floor":22.0},{"not_picked":["Whirlwind+1","Clothesline+1"],"picked":"Uppercut","floor":25.0},{"not_picked":["Spot Weakness","Iron Wave+1"],"picked":"Corruption","floor":28.0},{"not_picked":["Sword Boomerang","Clothesline"],"picked":"Disarm+1","floor":31.0},{"not_picked":["Fiend Fire","Juggernaut"],"picked":"Limit Break","floor":33},{"not_picked":["Twin Strike+1","Second Wind"],"picked":"Uppercut","floor":35},{"not_picked":["Anger","Sword Boomerang+1"],"picked":"Shrug It Off+1","floor":39},{"not_picked":["Intimidate+1","Sword Boomerang"],"picked":"Shrug It Off","floor":41},{"not_picked":["Perfected Strike","Ghostly Armor"],"picked":"Pommel Strike+1","floor":45},{"not_picked":["Perfected Strike","Armaments+1"],"picked":"Evolve+1","floor":47}],"player_experience":1015980,"relics_obtained":[{"floor":8.0,"key":"Meat on the Bone"},{"floor":9.0,"key":"Oddly Smooth Stone"},{"floor":11.0,"key":"Smiling Mask"},{"floor":20.0,"key":"Tiny Chest"},{"floor":25.0,"key":"Matryoshka"},{"floor":26.0,"key":"Orichalcum"},{"floor":41,"key":"Bag of Marbles"},{"floor":45,"key":"Ancient Tea Set"},{"floor":47,"key":"Peace Pipe"},{"floor":48,"key":"PreservedInsect"},{"floor":48,"key":"Toxic Egg 2"}],"event_choices":[{"damage_healed":0.0,"max_hp_gain":0.0,"max_hp_loss":6.0,"gold_gain":0.0,"event_name":"Golden Idol","player_choice":"Lose Max HP","floor":3.0,"gold_loss":0.0,"damage_taken":0.0,"relics_obtained":["Golden Idol"]},{"damage_healed":0.0,"max_hp_gain":0.0,"max_hp_loss":0.0,"gold_gain":0.0,"event_name":"Match and Keep!","player_choice":"1 cards matched","floor":7.0,"gold_loss":0.0,"damage_taken":0.0,"cards_obtained":["Feel No Pain"]},{"damage_healed":0.0,"max_hp_gain":5.0,"max_hp_loss":0.0,"gold_gain":0.0,"event_name":"Big Fish","player_choice":"Donut","floor":14.0,"gold_loss":0.0,"damage_taken":0.0},{"damage_healed":0.0,"max_hp_gain":0.0,"max_hp_loss":0.0,"gold_gain":0.0,"event_name":"Colosseum","player_choice":"Fight","floor":19.0,"gold_loss":0.0,"damage_taken":0.0},{"damage_healed":0.0,"max_hp_gain":0.0,"max_hp_loss":0.0,"gold_gain":0.0,"event_name":"Colosseum","player_choice":"Fled From Nobs","floor":19.0,"gold_loss":0.0,"damage_taken":0.0},{"cards_removed":["Strike_R"],"damage_healed":0.0,"max_hp_gain":0.0,"max_hp_loss":0.0,"gold_gain":0.0,"event_name":"Back to Basics","player_choice":"Elegance","floor":24.0,"gold_loss":0.0,"damage_taken":0.0},{"damage_healed":0,"gold_gain":0,"player_choice":"Ignored","damage_taken":0,"max_hp_gain":0,"max_hp_loss":0,"event_name":"Mysterious Sphere","floor":36,"gold_loss":0},{"damage_healed":0,"gold_gain":0,"player_choice":"Memory 1","damage_taken":0,"max_hp_gain":0,"max_hp_loss":0,"event_name":"SensoryStone","floor":37,"gold_loss":0},{"damage_healed":0,"gold_gain":0,"player_choice":"Fight","damage_taken":0,"max_hp_gain":0,"max_hp_loss":0,"event_name":"MindBloom","floor":47,"gold_loss":0}],"is_beta":false,"boss_relics":[{"not_picked":["Tiny House","Lizard Tail"],"picked":"Ectoplasm"},{"not_picked":["Coffee Dripper","Sozu"],"picked":"Cursed Key"}],"items_purged_floors":[4,13,21,30],"is_endless":false,"potions_floor_spawned":[1,5,10,16,18,31,33,35,39,47],"killed_by":"Time Eater","ascension_level":1}