{"gold_per_floor":[109,119,131,80,80,80,137,137,160,160,160,188,111,125,125,229,229,243,168,168,148,131,161,161,186,238,238,268,216,228,247,247,346,346,363,363,76,153,168,168,199,218,218,218,236,268,33,33,33,33],"floor_reached":50,"playtime":4508,"items_purged":["Strike_B"],"score":607,"play_id":"bb60b81c-8689-4233-84ac-5ed043530be2","local_time":"20190217112632","is_ascension_mode":true,"campfire_choices":[{"data":"Static Discharge","floor":6.0,"key":"SMITH"},{"data":"Redo","floor":8.0,"key":"SMITH"},{"floor":11.0,"key":"REST"},{"data":"Darkness","floor":15.0,"key":"SMITH"},{"floor":24.0,"key":"REST"},{"floor":27.0,"key":"REST"},{"floor":32.0,"key":"REST"},{"data":"Echo Form","floor":40.0,"key":"SMITH"},{"floor":44.0,"key":"REST"},{"floor":49,"key":"RECALL"}],"neow_cost":"NONE","seed_source_timestamp":0,"circlet_count":0,"master_deck":["Strike_B+1","Strike_B+1","Defend_B+1","Defend_B+1","Defend_B+1","Zap+1","Dualcast","Coolheaded","Static Discharge+1","Conserve Battery","Leap","Redo+1","Beam Cell","Cold Snap","Ball Lightning","Self Repair","Darkness+1","All For One","Glacier+1","Coolheaded+1","Glacier+1","Electrodynamics","Defragment","BootSequence","Streamline","Self Repair","Blizzard","Streamline+1","Echo Form+1","BootSequence","Hologram+1","Steam+1","Loop","Rip and Tear","Beam Cell+1","Go for the Eyes+1","Rebound+1"],"special_seed":0,"relics":["Cracked Core","Lantern","Dream Catcher","Unceasing Top","Inserter","PreservedInsect","Sundial","Question Card","Orrery","Meat on the Bone","The Courier","Strawberry","Gremlin Horn","Oddly Smooth Stone","Mercury Hourglass"],"potions_floor_usage":[46,50,50],"damage_taken":[{"damage":1.0,"enemies":"Cultist","floor":1.0,"turns":3.0},{"damage":5.0,"enemies":"Small Slimes","floor":2.0,"turns":3.0},{"damage":3.0,"enemies":"2 Louse","floor":3.0,"turns":3.0},{"damage":25.0,"enemies":"Lagavulin Event","floor":7.0,"turns":6.0},{"damage":4.0,"enemies":"Lagavulin","floor":12.0,"turns":7.0},{"damage":8.0,"enemies":"Looter","floor":14.0,"turns":3.0},{"damage":9.0,"enemies":"Hexaghost","floor":16.0,"turns":11.0},{"damage":1.0,"enemies":"3 Byrds","floor":18.0,"turns":4.0},{"damage":1.0,"enemies":"2 Thieves","floor":22.0,"turns":5.0},{"damage":59.0,"enemies":"Slavers","floor":23.0,"turns":6.0},{"damage":14.0,"enemies":"Book of Stabbing","floor":25.0,"turns":4.0},{"damage":36.0,"enemies":"Gremlin Leader","floor":28.0,"turns":5.0},{"damage":12.0,"enemies":"Snake Plant","floor":30.0,"turns":6.0},{"damage":1.0,"enemies":"Shelled Parasite and Fungi","floor":31.0,"turns":6.0},{"damage":42.0,"enemies":"Automaton","floor":33.0,"turns":11.0},{"damage":1.0,"enemies":"3 Shapes","floor":35.0,"turns":7.0},{"damage":12.0,"enemies":"Orb Walker","floor":39.0,"turns":4.0},{"damage":22.0,"enemies":"Nemesis","floor":41.0,"turns":7.0},{"damage":28.0,"enemies":"Spire Growth","floor":42.0,"turns":6.0},{"damage":24.0,"enemies":"Maw","floor":45.0,"turns":10.0},{"damage":59,"enemies":"Reptomancer","floor":46,"turns":8},{"damage":55,"enemies":"Time Eater","floor":50,"turns":6}],"seed_played":"-8603388953190256778","potions_obtained":[{"floor":2.0,"key":"PowerPotion"},{"floor":12.0,"key":"EssenceOfSteel"},{"floor":16.0,"key":"EssenceOfSteel"},{"floor":21.0,"key":"Swift Potion"},{"floor":22.0,"key":"Strength Potion"},{"floor":23.0,"key":"Poison Potion"},{"floor":25.0,"key":"AttackPotion"},{"floor":33.0,"key":"FocusPotion"},{"floor":35.0,"key":"Regen Potion"},{"floor":41.0,"key":"Ancient Potion"},{"floor":42.0,"key":"Energy Potion"},{"floor":45.0,"key":"Regen Potion"}],"is_trial":false,"path_per_floor":["M","M","M","$","?","R","?","R","T","?","R","E","$","M","R","B",null,"M","$","?","?","M","E","R","E","T","R","E","$","M","M","R","B",null,"M","?","$","T","M","R","E","M","T","R","M","E","$","?","R","B"],"character_chosen":"DEFECT","items_purchased":["Leap","Self Repair","Streamline","Meat on the Bone","SteroidPotion","Mercury Hourglass","Strength Potion"],"campfire_rested":5,"item_purchase_floors":[4,13,29,37,37,47,47],"current_hp_per_floor":[74,69,66,66,71,71,46,46,46,46,70,66,66,65,65,63,80,79,79,79,79,78,26,50,43,43,67,38,38,26,32,56,14,80,80,80,80,80,75,75,81,53,53,79,69,51,51,51,51,0],"gold":33,"neow_bonus":"UPGRADE_CARD","is_prod":false,"is_daily":false,"chose_seed":false,"campfire_upgraded":4,"win_rate":0,"timestamp":1550431592,"path_taken":["M","?","M","$","?","R","?","R","T","?","R","E","$","?","R","BOSS","M","$","?","?","M","E","R","E","T","R","E","$","M","M","R","BOSS","M","?","$","?","M","R","E","?","T","R","M","E","$","?","R","BOSS"],"build_version":"2019-01-23","purchased_purges":1,"victory":false,"max_hp_per_floor":[75,75,75,75,80,80,80,80,80,80,80,80,80,80,80,80,80,80,80,80,80,80,80,80,80,80,80,80,80,80,80,80,80,80,80,80,80,80,80,80,87,87,87,87,87,87,87,87,87,87],"card_choices":[{"not_picked":["Beam Cell","Gash"],"picked":"Coolheaded","floor":1.0},{"not_picked":["Barrage","Sweeping Beam"],"picked":"Static Discharge","floor":2.0},{"not_picked":["Steam","Stack"],"picked":"Conserve Battery","floor":3.0},{"not_picked":["Rebound","Auto Shields"],"picked":"Redo","floor":7.0},{"not_picked":["Ball Lightning","Sweeping Beam"],"picked":"Cold Snap","floor":11.0},{"not_picked":["Redo","Force Field"],"picked":"Ball Lightning","floor":12.0},{"not_picked":["Redo","Go for the Eyes"],"picked":"Darkness","floor":14.0},{"not_picked":["Reboot","Fission"],"picked":"All For One","floor":16.0},{"not_picked":["Beam Cell","FTL"],"picked":"Glacier+1","floor":18.0},{"not_picked":["Rebound","Hologram","Reinforced Body+1"],"picked":"SKIP","floor":22.0},{"not_picked":["Barrage+1","All For One"],"picked":"Coolheaded+1","floor":23.0},{"not_picked":["Recycle","Blizzard"],"picked":"Glacier+1","floor":24.0},{"not_picked":["Hologram","Rebound"],"picked":"Electrodynamics","floor":25.0},{"not_picked":["Beam Cell","Steam"],"picked":"Defragment","floor":27.0},{"not_picked":["Streamline","Meteor Strike"],"picked":"BootSequence","floor":28.0},{"not_picked":["Redo","Leap+1","Double Energy"],"picked":"Self Repair","floor":30.0},{"not_picked":["Hologram","White Noise+1","Stack"],"picked":"Blizzard","floor":31.0},{"not_picked":["Heatsinks","Leap","Conserve Battery+1"],"picked":"Streamline+1","floor":32.0},{"not_picked":["Hyperbeam","Electrodynamics","Multi-Cast"],"picked":"Echo Form","floor":33.0},{"not_picked":["Blizzard+1","Heatsinks+1","Streamline"],"picked":"BootSequence","floor":34.0},{"not_picked":["Compile Driver","Stack","Streamline"],"picked":"Hologram+1","floor":34.0},{"not_picked":["Storm","Fusion","Turbo"],"picked":"Steam+1","floor":34.0},{"not_picked":["Conserve Battery","Stack","Redo"],"picked":"Loop","floor":35.0},{"not_picked":["Compile Driver","Hologram","Conserve Battery","Darkness"],"picked":"SKIP","floor":39.0},{"not_picked":["Compile Driver","Leap","Hyperbeam"],"picked":"Beam Cell+1","floor":41.0},{"not_picked":["Cold Snap","Gash","Compile Driver"],"picked":"Go for the Eyes+1","floor":42.0},{"not_picked":["Compile Driver","Conserve Battery","Steam","Multi-Cast"],"picked":"SKIP","floor":45.0},{"not_picked":["Turbo+1","Barrage","Static Discharge"],"picked":"Rebound+1","floor":46}],"player_experience":56764,"relics_obtained":[{"floor":9.0,"key":"Dream Catcher"},{"floor":12.0,"key":"Unceasing Top"},{"floor":23.0,"key":"PreservedInsect"},{"floor":25.0,"key":"Sundial"},{"floor":28.0,"key":"Question Card"},{"floor":38.0,"key":"The Courier"},{"floor":41.0,"key":"Strawberry"},{"floor":43.0,"key":"Gremlin Horn"},{"floor":46,"key":"Oddly Smooth Stone"}],"event_choices":[{"damage_healed":0.0,"max_hp_gain":5.0,"max_hp_loss":0.0,"gold_gain":0.0,"event_name":"Big Fish","player_choice":"Donut","floor":5.0,"gold_loss":0.0,"damage_taken":0.0},{"damage_healed":0.0,"max_hp_gain":0.0,"max_hp_loss":0.0,"gold_gain":0.0,"event_name":"Dead Adventurer","player_choice":"Searched \u00272\u0027 times","floor":7.0,"gold_loss":0.0,"damage_taken":0.0,"relics_obtained":["Lantern"]},{"damage_healed":0.0,"max_hp_gain":0.0,"max_hp_loss":0.0,"gold_gain":0.0,"cards_transformed":["Strike_B"],"event_name":"Transmorgrifier","player_choice":"Transformed","floor":10.0,"gold_loss":0.0,"damage_taken":0.0,"cards_obtained":["Beam Cell"]},{"damage_healed":0.0,"max_hp_gain":0.0,"max_hp_loss":0.0,"gold_gain":0.0,"event_name":"Back to Basics","player_choice":"Simplicity","floor":20.0,"gold_loss":0.0,"damage_taken":0.0,"cards_upgraded":["Strike_B","Strike_B","Defend_B","Defend_B","Defend_B","Defend_B"]},{"damage_healed":0.0,"max_hp_gain":0.0,"max_hp_loss":0.0,"gold_gain":0.0,"event_name":"The Woman in Blue","player_choice":"Bought 1 Potion","floor":21.0,"gold_loss":0.0,"damage_taken":0.0},{"damage_healed":0.0,"max_hp_gain":0.0,"max_hp_loss":0.0,"gold_gain":0.0,"cards_transformed":["Defend_B"],"event_name":"Transmorgrifier","player_choice":"Transformed","floor":36.0,"gold_loss":0.0,"damage_taken":0.0,"cards_obtained":["Rip and Tear"]},{"damage_healed":0,"gold_gain":0,"player_choice":"Ignored","damage_taken":0,"max_hp_gain":0,"max_hp_loss":0,"event_name":"Mysterious Sphere","floor":48,"gold_loss":0}],"is_beta":false,"boss_relics":[{"not_picked":["White Beast Statue","Fusion Hammer"],"picked":"Inserter"},{"not_picked":["Runic Dome","Eternal Feather"],"picked":"Orrery"}],"items_purged_floors":[19],"is_endless":false,"potions_floor_spawned":[2,12,16,22,23,25,33,35,41,42,45],"killed_by":"Time Eater","ascension_level":1}