{"gold_per_floor":[112,130,19,31,46,75,90,120,145,157,122,134,134,149,149,252,252,266,282,133,146,146,146],"floor_reached":23,"playtime":1077,"items_purged":["Strike_R"],"score":227,"play_id":"917e35db-ecc0-43ea-9028-5faa77282e8f","local_time":"20190415230918","is_ascension_mode":true,"campfire_choices":[{"floor":13.0,"key":"REST"},{"data":"True Grit","floor":15.0,"key":"SMITH"}],"neow_cost":"NONE","seed_source_timestamp":0,"circlet_count":0,"master_deck":["Strike_R","Strike_R","Strike_R","Defend_R","Defend_R","Defend_R","Bash","True Grit+1","Carnage","Rampage","Spot Weakness","Inflame","Intimidate","Thunderclap","Feed","Spot Weakness","Offering","Limit Break+1","Burning Pact+1","Evolve+1","Dropkick","True Grit","RitualDagger"],"special_seed":0,"relics":["Burning Blood","Strawberry","Kunai","Happy Flower","Astrolabe","PreservedInsect"],"potions_floor_usage":[23],"damage_taken":[{"damage":11.0,"enemies":"Jaw Worm","floor":1.0,"turns":4.0},{"damage":0.0,"enemies":"Small Slimes","floor":2.0,"turns":3.0},{"damage":1.0,"enemies":"2 Louse","floor":4.0,"turns":3.0},{"damage":10.0,"enemies":"2 Fungi Beasts","floor":5.0,"turns":3.0},{"damage":35.0,"enemies":"Lagavulin","floor":6.0,"turns":4.0},{"damage":24.0,"enemies":"3 Louse","floor":7.0,"turns":3.0},{"damage":23.0,"enemies":"Lots of Slimes","floor":10.0,"turns":4.0},{"damage":9.0,"enemies":"2 Fungi Beasts","floor":12.0,"turns":2.0},{"damage":17.0,"enemies":"Looter","floor":14.0,"turns":3.0},{"damage":43.0,"enemies":"Hexaghost","floor":16.0,"turns":9.0},{"damage":18.0,"enemies":"Shell Parasite","floor":18.0,"turns":2.0},{"damage":31.0,"enemies":"Spheric Guardian","floor":19.0,"turns":5.0},{"damage":32,"enemies":"Centurion and Healer","floor":21,"turns":5},{"damage":29,"enemies":"Slavers","floor":23,"turns":1}],"seed_played":"-4984697412740068602","potions_obtained":[{"floor":2.0,"key":"FearPotion"},{"floor":4.0,"key":"SteroidPotion"},{"floor":10.0,"key":"Weak Potion"},{"floor":16.0,"key":"AttackPotion"},{"floor":18.0,"key":"SteroidPotion"}],"is_trial":false,"path_per_floor":["M","M","$","M","M","E","M","?","T","M","?","M","R","M","R","B",null,"M","M","$","M","?","E"],"character_chosen":"IRONCLAD","items_purchased":["Rampage","PreservedInsect"],"campfire_rested":1,"item_purchase_floors":[3,20],"current_hp_per_floor":[82,87,87,87,83,54,36,36,36,19,40,37,63,52,52,15,87,75,53,53,30,24,0],"gold":146,"neow_bonus":"RANDOM_COMMON_RELIC","is_prod":false,"is_daily":false,"chose_seed":false,"campfire_upgraded":1,"win_rate":0,"timestamp":1555394958,"path_taken":["M","M","$","M","M","E","M","?","T","M","?","M","R","M","R","BOSS","M","M","$","M","?","E"],"build_version":"2019-04-04","purchased_purges":1,"victory":false,"max_hp_per_floor":[87,87,87,87,87,87,87,87,87,87,87,87,87,87,87,87,87,87,90,90,93,93,93],"card_choices":[{"not_picked":["Cleave","Heavy Blade"],"picked":"True Grit","floor":1.0},{"not_picked":["Twin Strike","Corruption"],"picked":"Carnage","floor":2.0},{"not_picked":["Heavy Blade","Whirlwind"],"picked":"Spot Weakness","floor":4.0},{"not_picked":["Warcry","Headbutt"],"picked":"Carnage","floor":5.0},{"not_picked":["Havoc","Perfected Strike"],"picked":"Inflame","floor":6.0},{"not_picked":["Clothesline","Reckless Charge"],"picked":"Intimidate","floor":7.0},{"not_picked":["Searing Blow","True Grit"],"picked":"Thunderclap","floor":10.0},{"not_picked":["Warcry","Intimidate"],"picked":"Feed","floor":12.0},{"not_picked":["Perfected Strike","Uppercut"],"picked":"Spot Weakness","floor":14.0},{"not_picked":["Berserk","Brutality"],"picked":"Offering","floor":16.0},{"not_picked":["Flame Barrier","Clothesline"],"picked":"Dropkick","floor":18.0},{"not_picked":["Reckless Charge","Headbutt","Body Slam"],"picked":"SKIP","floor":19.0},{"not_picked":["Warcry+1","Heavy Blade"],"picked":"True Grit","floor":21}],"player_experience":1061878,"relics_obtained":[{"floor":6.0,"key":"Kunai"},{"floor":9.0,"key":"Happy Flower"}],"event_choices":[{"damage_healed":0.0,"max_hp_gain":0.0,"max_hp_loss":0.0,"gold_gain":30.0,"event_name":"Dead Adventurer","player_choice":"Searched \u00272\u0027 times","floor":8.0,"gold_loss":0.0,"damage_taken":0.0},{"damage_healed":21.0,"max_hp_gain":0.0,"max_hp_loss":0.0,"gold_gain":0.0,"event_name":"The Cleric","player_choice":"Healed","floor":11.0,"gold_loss":35.0,"damage_taken":0.0},{"damage_healed":0,"gold_gain":0,"player_choice":"Joined the Cult","damage_taken":6,"max_hp_gain":0,"max_hp_loss":0,"event_name":"Nest","floor":22,"gold_loss":0,"cards_obtained":["RitualDagger"]}],"is_beta":true,"boss_relics":[{"not_picked":["Velvet Choker","Runic Pyramid"],"picked":"Astrolabe"}],"items_purged_floors":[3],"is_endless":false,"potions_floor_spawned":[2,4,10,16,18],"killed_by":"Slavers","ascension_level":3}