{"gold_per_floor":[110,127,140,44,58,83,83,99,99,99,125,125,138,174,174,300,300,325,424,445,52,65,104,104,229,229,82,82,82,105,47,47,177,177,191,216,216,234,258,258,283,298,377,408,421,521,564,34,34,34],"floor_reached":51,"playtime":3982,"items_purged":["Strike_B","Strike_B","Strike_B"],"score":907,"play_id":"76aa6725-5eae-47c5-91f7-f10b478eead6","local_time":"20190409132251","is_ascension_mode":true,"campfire_choices":[{"data":"Zap","floor":10.0,"key":"SMITH"},{"floor":12.0,"key":"REST"},{"data":"Dualcast","floor":15.0,"key":"SMITH"},{"data":"Loop","floor":24.0,"key":"SMITH"},{"data":"Chill","floor":29,"key":"SMITH"},{"data":"Machine Learning","floor":32,"key":"SMITH"},{"data":"Electrodynamics","floor":40,"key":"SMITH"},{"data":"Glacier","floor":49,"key":"SMITH"}],"neow_cost":"NONE","seed_source_timestamp":0,"circlet_count":0,"master_deck":["Strike_B","Defend_B","Defend_B","Defend_B","Defend_B","Zap+1","Dualcast+1","Coolheaded","Go for the Eyes","Bandage Up","Undo","Ball Lightning+1","Machine Learning+1","Loop+1","Ball Lightning+1","Self Repair","Electrodynamics+1","Glacier+1","Melter+1","Chill+1","Storm+1","Coolheaded+1","Recycle+1","Finesse+1","Turbo+1","Coolheaded+1","Conserve Battery+1","Biased Cognition+1","Hologram+1","Tempest+1","Sweeping Beam+1","Redo+1","Defragment+1","Static Discharge+1","BootSequence+1"],"special_seed":0,"relics":["Cracked Core","Blood Vial","Happy Flower","Golden Idol","Cables","Odd Mushroom","Gremlin Horn","Nuclear Battery","Mercury Hourglass","Toxic Egg 2","Torii","The Courier","PreservedInsect","Runic Pyramid","Darkstone Periapt","Boot","Orichalcum","Ancient Tea Set","Whetstone","Pear"],"potions_floor_usage":[50,50,50],"damage_taken":[{"damage":4.0,"enemies":"Jaw Worm","floor":1.0,"turns":3.0},{"damage":13.0,"enemies":"Small Slimes","floor":2.0,"turns":3.0},{"damage":0.0,"enemies":"Cultist","floor":3.0,"turns":4.0},{"damage":2.0,"enemies":"Looter","floor":5.0,"turns":4.0},{"damage":35.0,"enemies":"Gremlin Nob","floor":6.0,"turns":5.0},{"damage":9.0,"enemies":"Red Slaver","floor":8.0,"turns":3.0},{"damage":14.0,"enemies":"The Mushroom Lair","floor":11.0,"turns":3.0},{"damage":13.0,"enemies":"Exordium Wildlife","floor":13.0,"turns":4.0},{"damage":5.0,"enemies":"3 Sentries","floor":14.0,"turns":4.0},{"damage":19.0,"enemies":"Hexaghost","floor":16.0,"turns":9.0},{"damage":14.0,"enemies":"Spheric Guardian","floor":18.0,"turns":4.0},{"damage":8.0,"enemies":"3 Byrds","floor":20.0,"turns":3.0},{"damage":22.0,"enemies":"Shelled Parasite and Fungi","floor":22.0,"turns":5.0},{"damage":6.0,"enemies":"Gremlin Leader","floor":23.0,"turns":4.0},{"damage":9,"enemies":"Colosseum Slavers","floor":25,"turns":2},{"damage":13,"enemies":"Colosseum Nobs","floor":25,"turns":4},{"damage":0,"enemies":"Snake Plant","floor":30,"turns":4},{"damage":46,"enemies":"Automaton","floor":33,"turns":11},{"damage":0,"enemies":"3 Shapes","floor":35,"turns":2},{"damage":0,"enemies":"Orb Walker","floor":36,"turns":4},{"damage":1,"enemies":"Maw","floor":38,"turns":7},{"damage":0,"enemies":"4 Shapes","floor":39,"turns":3},{"damage":1,"enemies":"3 Darklings","floor":41,"turns":3},{"damage":18,"enemies":"Transient","floor":42,"turns":5},{"damage":1,"enemies":"Giant Head","floor":44,"turns":7},{"damage":8,"enemies":"4 Shapes","floor":45,"turns":4},{"damage":0,"enemies":"Reptomancer","floor":47,"turns":4},{"damage":73,"enemies":"Time Eater","floor":50,"turns":8}],"seed_played":"-1682263875381900957","potions_obtained":[{"floor":1.0,"key":"GamblersBrew"},{"floor":5.0,"key":"Poison Potion"},{"floor":6.0,"key":"FocusPotion"},{"floor":11.0,"key":"Fire Potion"},{"floor":14.0,"key":"SkillPotion"},{"floor":16.0,"key":"SpeedPotion"},{"floor":22.0,"key":"PowerPotion"},{"floor":30,"key":"Strength Potion"},{"floor":33,"key":"Energy Potion"},{"floor":39,"key":"FocusPotion"}],"is_trial":false,"path_per_floor":["?","?","?","?","$","?","M","$","?","M","?"],"character_chosen":"DEFECT","items_purchased":["Bandage Up","Mercury Hourglass","Chill","Finesse+1","Coolheaded+1","Conserve Battery+1","Ancient Tea Set","Whetstone","Pear"],"campfire_rested":1,"item_purchase_floors":[4,21,21,27,31,31,48,48,48],"current_hp_per_floor":[71,60,62,62,66,37,37,34,34,34,26,46,39,40,40,34,69,62,62,67,67,58,69,69,60,60,60,60,60,69,69,69,34,69,69,69,69,69,69,69,68,62,62,69,69,69,69,79,79,14],"gold":34,"neow_bonus":"RANDOM_COMMON_RELIC","is_prod":false,"is_daily":false,"chose_seed":false,"campfire_upgraded":7,"win_rate":0,"timestamp":1554808971,"path_taken":["M","M","M","$","M","E","?","M","T","R","?","R","M","E","R","BOSS","M","?","M","$","M","E","R","?","T","?","?","R","?","?","R","BOSS","M","M","?","M","M","R","?","M","T","E","M","?","E","$","R","BOSS"],"build_version":"2019-01-23","purchased_purges":3,"victory":true,"max_hp_per_floor":[75,75,75,75,75,75,69,69,69,69,69,69,69,69,69,69,69,69,69,69,69,69,69,69,69,69,69,69,69,69,69,69,69,69,69,69,69,69,69,69,69,69,69,69,69,69,69,79,79,79],"card_choices":[{"not_picked":["Capacitor","Hello World"],"picked":"Coolheaded","floor":1.0},{"not_picked":["Storm","Leap"],"picked":"Go for the Eyes","floor":2.0},{"not_picked":["Beam Cell","Chaos","Turbo"],"picked":"SKIP","floor":3.0},{"not_picked":["Melter","BootSequence"],"picked":"Undo","floor":5.0},{"not_picked":["Turbo","Rebound"],"picked":"Ball Lightning","floor":6.0},{"not_picked":["Gash","Hello World"],"picked":"Machine Learning","floor":8.0},{"not_picked":["Barrage","Chill"],"picked":"Loop","floor":11.0},{"not_picked":["Compile Driver","Storm"],"picked":"Ball Lightning","floor":13.0},{"not_picked":["Compile Driver","Rip and Tear"],"picked":"Self Repair","floor":14.0},{"not_picked":["Buffer","Meteor Strike"],"picked":"Electrodynamics","floor":16.0},{"not_picked":["Rip and Tear","Leap+1"],"picked":"Glacier","floor":18.0},{"not_picked":["Loop","Undo"],"picked":"Melter+1","floor":20.0},{"not_picked":["Aggregate","Recycle"],"picked":"Storm+1","floor":22.0},{"not_picked":["Hello World","Redo"],"picked":"Coolheaded","floor":23.0},{"not_picked":["BootSequence+1","Go for the Eyes"],"picked":"Recycle+1","floor":25},{"not_picked":["Sweeping Beam","Auto Shields+1"],"picked":"Turbo+1","floor":30},{"not_picked":["Electrodynamics","Meteor Strike"],"picked":"Biased Cognition","floor":33},{"not_picked":["Steam+1","FTL"],"picked":"Hologram+1","floor":35},{"not_picked":["Scrape","Streamline+1","Stack+1"],"picked":"SKIP","floor":36},{"not_picked":["Coolheaded+1","Glacier+1"],"picked":"Tempest+1","floor":38},{"not_picked":["Streamline","Storm+1"],"picked":"Sweeping Beam+1","floor":39},{"not_picked":["Fusion+1","Leap+1"],"picked":"Redo+1","floor":41},{"not_picked":["Go for the Eyes","Compile Driver"],"picked":"Defragment+1","floor":42},{"not_picked":["Electrodynamics","Chaos+1"],"picked":"Static Discharge+1","floor":44},{"not_picked":["Beam Cell","Steam+1","Leap+1"],"picked":"SKIP","floor":45},{"not_picked":["Rebound","Streamline"],"picked":"BootSequence+1","floor":47}],"player_experience":416530,"relics_obtained":[{"floor":6.0,"key":"Happy Flower"},{"floor":9.0,"key":"Cables"},{"floor":11.0,"key":"Odd Mushroom"},{"floor":14.0,"key":"Gremlin Horn"},{"floor":23.0,"key":"Toxic Egg 2"},{"floor":25,"key":"Torii"},{"floor":25,"key":"The Courier"},{"floor":26,"key":"PreservedInsect"},{"floor":43,"key":"Darkstone Periapt"},{"floor":44,"key":"Boot"},{"floor":47,"key":"Orichalcum"}],"event_choices":[{"damage_healed":0.0,"max_hp_gain":0.0,"max_hp_loss":6.0,"gold_gain":0.0,"event_name":"Golden Idol","player_choice":"Lose Max HP","floor":7.0,"gold_loss":0.0,"damage_taken":0.0,"relics_obtained":["Golden Idol"]},{"damage_healed":0.0,"max_hp_gain":0.0,"max_hp_loss":0.0,"gold_gain":0.0,"event_name":"Mushrooms","player_choice":"Fought Mushrooms","floor":11.0,"gold_loss":0.0,"damage_taken":0.0},{"damage_healed":0.0,"max_hp_gain":0.0,"max_hp_loss":0.0,"gold_gain":99.0,"event_name":"Nest","player_choice":"Stole From Cult","floor":19.0,"gold_loss":0.0,"damage_taken":0.0},{"damage_healed":0,"gold_gain":0,"player_choice":"Fight","damage_taken":0,"max_hp_gain":0,"max_hp_loss":0,"event_name":"Colosseum","floor":25,"gold_loss":0},{"damage_healed":0,"gold_gain":0,"player_choice":"Fought Nobs","damage_taken":0,"max_hp_gain":0,"max_hp_loss":0,"event_name":"Colosseum","floor":25,"gold_loss":0},{"damage_healed":0,"gold_gain":0,"player_choice":"Forge","damage_taken":0,"max_hp_gain":0,"max_hp_loss":0,"event_name":"Accursed Blacksmith","floor":37,"gold_loss":0,"cards_upgraded":["Biased Cognition"]},{"damage_healed":0,"gold_gain":100,"player_choice":"Pray","damage_taken":0,"max_hp_gain":0,"max_hp_loss":0,"event_name":"Golden Shrine","floor":46,"gold_loss":0}],"is_beta":false,"boss_relics":[{"not_picked":["Sozu","Snecko Eye"],"picked":"Nuclear Battery"},{"not_picked":["Black Star","White Beast Statue"],"picked":"Runic Pyramid"}],"items_purged_floors":[21,27,48],"is_endless":false,"potions_floor_spawned":[1,5,6,11,14,16,22,25,30,33,39,42,47],"ascension_level":4}