{"gold_per_floor":[111,122,139,157,167,199,199,227,227,245,43,55,55,66,66,169,169,184,184,195,119,135,169,169,169,169,181,193,283,301,316,316,416,416,427,438,450,97,97,97],"floor_reached":40,"playtime":1909,"items_purged":["Strike_R","Strike_R","Strike_R"],"score":426,"play_id":"e8398f4b-f51b-495c-810b-309c81bc7514","local_time":"20190719044055","is_ascension_mode":false,"campfire_choices":[{"data":"Bludgeon","floor":7.0,"key":"SMITH"},{"data":"Inflame","floor":13.0,"key":"SMITH"},{"floor":15.0,"key":"REST"},{"floor":24.0,"key":"REST"},{"floor":32.0,"key":"REST"}],"neow_cost":"NONE","seed_source_timestamp":190632030759855,"circlet_count":0,"master_deck":["Strike_R","Strike_R","Defend_R","Defend_R","Defend_R","Defend_R","Bash","Bludgeon+1","Sword Boomerang","Heavy Blade","Iron Wave","Inflame+1","Double Tap","Armaments","Iron Wave+1","Seeing Red+1","RitualDagger","Carnage","Spot Weakness","Swift Strike","Dark Shackles","Flash of Steel","Demon Form"],"special_seed":0,"relics":["Burning Blood","Pocketwatch","Smiling Mask","Vajra","PreservedInsect","Fusion Hammer","Art of War","Pear","Philosopher\u0027s Stone","Torii"],"potions_floor_usage":[33,33,33,37],"damage_taken":[{"damage":0.0,"enemies":"2 Louse","floor":1.0,"turns":3.0},{"damage":11.0,"enemies":"Jaw Worm","floor":2.0,"turns":2.0},{"damage":0.0,"enemies":"Cultist","floor":3.0,"turns":2.0},{"damage":6.0,"enemies":"Large Slime","floor":4.0,"turns":6.0},{"damage":13.0,"enemies":"Red Slaver","floor":5.0,"turns":2.0},{"damage":23.0,"enemies":"Gremlin Nob","floor":6.0,"turns":4.0},{"damage":26.0,"enemies":"3 Sentries","floor":8.0,"turns":6.0},{"damage":7.0,"enemies":"2 Fungi Beasts","floor":10.0,"turns":3.0},{"damage":0.0,"enemies":"Large Slime","floor":12.0,"turns":2.0},{"damage":25.0,"enemies":"Exordium Thugs","floor":14.0,"turns":3.0},{"damage":38.0,"enemies":"Hexaghost","floor":16.0,"turns":6.0},{"damage":10.0,"enemies":"2 Thieves","floor":18.0,"turns":3.0},{"damage":5.0,"enemies":"Shell Parasite","floor":20.0,"turns":2.0},{"damage":13.0,"enemies":"Chosen and Byrds","floor":22.0,"turns":3.0},{"damage":28.0,"enemies":"Book of Stabbing","floor":23.0,"turns":3.0},{"damage":15.0,"enemies":"Snake Plant","floor":27.0,"turns":4.0},{"damage":0.0,"enemies":"Centurion and Healer","floor":28.0,"turns":3.0},{"damage":1.0,"enemies":"3 Cultists","floor":30.0,"turns":4.0},{"damage":0.0,"enemies":"Snake Plant","floor":31.0,"turns":2.0},{"damage":73,"enemies":"Automaton","floor":33,"turns":7},{"damage":34,"enemies":"3 Darklings","floor":35,"turns":5},{"damage":12,"enemies":"3 Shapes","floor":36,"turns":4},{"damage":21,"enemies":"3 Darklings","floor":37,"turns":3},{"damage":51,"enemies":"Awakened One","floor":40,"turns":4}],"seed_played":"-6821855007019996856","potions_obtained":[{"floor":1.0,"key":"Strength Potion"},{"floor":3.0,"key":"GamblersBrew"},{"floor":4.0,"key":"SkillPotion"},{"floor":10.0,"key":"Block Potion"},{"floor":12.0,"key":"Regen Potion"},{"floor":27.0,"key":"Energy Potion"},{"floor":30.0,"key":"Strength Potion"},{"floor":36,"key":"PowerPotion"}],"is_trial":false,"path_per_floor":["M","M","M","M","M","E","R","E","T","M","$","M","R","M","R","B",null,"M","$","M","$","M","E","R","?","T","M","M","?","M","M","R","B",null,"M","M","M","$","?","B"],"character_chosen":"IRONCLAD","items_purchased":["PreservedInsect","Armaments","Torii"],"campfire_rested":3,"item_purchase_floors":[11,21,38],"current_hp_per_floor":[80,75,80,80,73,56,56,36,36,35,35,41,41,22,46,14,80,76,76,77,77,70,48,72,66,76,67,73,28,33,39,66,14,90,62,56,41,41,41,0],"gold":97,"neow_bonus":"ONE_RANDOM_RARE_CARD","is_prod":false,"is_daily":false,"chose_seed":false,"campfire_upgraded":2,"win_rate":0,"timestamp":1563536455,"path_taken":["M","M","M","M","M","E","R","E","T","M","$","M","R","M","R","BOSS","M","$","M","$","M","E","R","?","T","M","M","?","?","M","R","BOSS","M","M","M","$","?","BOSS"],"build_version":"2019-07-18","purchased_purges":3,"victory":false,"max_hp_per_floor":[80,80,80,80,80,80,80,80,80,80,80,80,80,80,80,80,80,80,80,80,80,80,80,80,80,90,90,90,90,90,90,90,90,90,90,90,90,90,90,90],"card_choices":[{"not_picked":["Reckless Charge","Combust"],"picked":"Sword Boomerang","floor":1.0},{"not_picked":["Clothesline","Whirlwind","Blood for Blood"],"picked":"SKIP","floor":2.0},{"not_picked":["Evolve","Intimidate"],"picked":"Heavy Blade","floor":3.0},{"not_picked":["Corruption","Sentinel","Whirlwind"],"picked":"SKIP","floor":4.0},{"not_picked":["Wild Strike","Inflame"],"picked":"Iron Wave","floor":5.0},{"not_picked":["Body Slam","Rupture"],"picked":"Inflame","floor":6.0},{"not_picked":["Metallicize","Clothesline","Body Slam"],"picked":"SKIP","floor":8.0},{"not_picked":["Body Slam","Fire Breathing","Bloodletting"],"picked":"SKIP","floor":10.0},{"not_picked":["Wild Strike","Bloodletting","Clash"],"picked":"SKIP","floor":12.0},{"not_picked":["Infernal Blade","Whirlwind","Rupture"],"picked":"SKIP","floor":14.0},{"not_picked":["Exhume","Immolate"],"picked":"Double Tap","floor":16.0},{"not_picked":["Second Wind","Hemokinesis","True Grit"],"picked":"SKIP","floor":18.0},{"not_picked":["Burning Pact","True Grit","Body Slam"],"picked":"SKIP","floor":20.0},{"not_picked":["Burning Pact","Cleave"],"picked":"Iron Wave+1","floor":22.0},{"not_picked":["Evolve","Body Slam"],"picked":"Seeing Red+1","floor":23.0},{"not_picked":["Pommel Strike","Pummel"],"picked":"Carnage","floor":27.0},{"not_picked":["Perfected Strike+1","Headbutt"],"picked":"Spot Weakness","floor":28.0},{"not_picked":["Power Through","Disarm+1","Burning Pact"],"picked":"SKIP","floor":30.0},{"not_picked":["Cleave","Second Wind","True Grit"],"picked":"SKIP","floor":31.0},{"not_picked":["Fiend Fire","Bludgeon"],"picked":"Demon Form","floor":33},{"not_picked":["Anger","Dropkick","Corruption+1"],"picked":"SKIP","floor":35},{"not_picked":["Warcry","Anger","True Grit"],"picked":"SKIP","floor":36},{"not_picked":["Combust+1","Fiend Fire","Sever Soul+1"],"picked":"SKIP","floor":37}],"player_experience":1132065,"relics_obtained":[{"floor":6.0,"key":"Pocketwatch"},{"floor":8.0,"key":"Smiling Mask"},{"floor":9.0,"key":"Vajra"},{"floor":23.0,"key":"Art of War"},{"floor":26.0,"key":"Pear"}],"event_choices":[{"damage_healed":0.0,"max_hp_gain":0.0,"max_hp_loss":0.0,"gold_gain":0.0,"event_name":"Nest","player_choice":"Joined the Cult","floor":25.0,"gold_loss":0.0,"damage_taken":6.0,"cards_obtained":["RitualDagger"]},{"damage_healed":0.0,"max_hp_gain":0.0,"max_hp_loss":0.0,"gold_gain":90.0,"event_name":"Knowing Skull","player_choice":"CARD CARD GOLD CARD ","floor":29.0,"potions_obtained":[],"gold_loss":0.0,"damage_taken":45.0,"cards_obtained":["Swift Strike","Dark Shackles","Flash of Steel"]},{"damage_healed":0,"gold_gain":0,"player_choice":"Took Portal","damage_taken":0,"max_hp_gain":0,"max_hp_loss":0,"event_name":"SecretPortal","floor":39,"gold_loss":0}],"is_beta":true,"boss_relics":[{"not_picked":["Runic Dome","Eternal Feather"],"picked":"Fusion Hammer"},{"not_picked":["Black Blood","Black Star"],"picked":"Philosopher\u0027s Stone"}],"items_purged_floors":[11,21,38],"is_endless":false,"potions_floor_spawned":[1,3,4,6,10,12,27,30,36],"killed_by":"Awakened One","ascension_level":0}