{"gold_per_floor":[112,129,129,55,55,55,65,81,81,106,106,31,64,76,76,76],"floor_reached":16,"playtime":1249,"items_purged":["Strike_R"],"score":110,"play_id":"5c5338ad-4c3e-4a89-a072-fc7f34bd7922","local_time":"20190723225101","is_ascension_mode":false,"campfire_choices":[{"data":"Uppercut","floor":6.0,"key":"SMITH"},{"data":"Anger","floor":11.0,"key":"SMITH"},{"data":"Seeing Red","floor":15.0,"key":"SMITH"}],"neow_cost":"NONE","seed_source_timestamp":26517348382721,"circlet_count":0,"master_deck":["Strike_R","Strike_R","Strike_R","Strike_R","Defend_R","Defend_R","Defend_R","Defend_R","Bash","Forethought+1","Anger+1","Uppercut+1","Metallicize","Bash","Headbutt","Seeing Red+1","Thunderclap","Anger","Reaper"],"special_seed":0,"relics":["Burning Blood","Blood Vial","Gremlin Horn","Question Card"],"potions_floor_usage":[16,16],"damage_taken":[{"damage":14.0,"enemies":"Jaw Worm","floor":1.0,"turns":4.0},{"damage":1.0,"enemies":"2 Louse","floor":2.0,"turns":3.0},{"damage":3.0,"enemies":"Cultist","floor":7.0,"turns":4.0},{"damage":13.0,"enemies":"Lots of Slimes","floor":8.0,"turns":6.0},{"damage":22.0,"enemies":"Gremlin Nob","floor":10.0,"turns":4.0},{"damage":39.0,"enemies":"3 Sentries","floor":13.0,"turns":6.0},{"damage":11.0,"enemies":"3 Louse","floor":14.0,"turns":3.0},{"damage":23,"enemies":"The Guardian","floor":16,"turns":11}],"seed_played":"-6209329853893459482","potions_obtained":[{"floor":2.0,"key":"EssenceOfSteel"},{"floor":13.0,"key":"GamblersBrew"}],"is_trial":false,"path_per_floor":["M","M","?","$","?","R","M","M","T","E","R","$","E","M","R","B"],"character_chosen":"IRONCLAD","items_purchased":["Uppercut"],"campfire_rested":0,"item_purchase_floors":[4],"current_hp_per_floor":[72,77,77,77,77,77,80,73,73,59,59,59,28,25,25,4],"gold":76,"neow_bonus":"RANDOM_COLORLESS","is_prod":false,"is_daily":false,"chose_seed":false,"campfire_upgraded":3,"win_rate":0,"timestamp":1563947461,"path_taken":["M","M","?","$","?","R","?","M","T","E","R","?","E","M","R","BOSS"],"build_version":"2019-07-18","purchased_purges":1,"victory":false,"max_hp_per_floor":[80,80,80,80,80,80,80,80,80,80,80,80,80,80,80,80],"card_choices":[{"not_picked":["Havoc","Flex"],"picked":"Anger","floor":1.0},{"not_picked":["Warcry","Body Slam","Wild Strike"],"picked":"SKIP","floor":2.0},{"not_picked":["Iron Wave","Feel No Pain"],"picked":"Headbutt","floor":7.0},{"not_picked":["Armaments","Pommel Strike"],"picked":"Seeing Red","floor":8.0},{"not_picked":["Hemokinesis","Clothesline"],"picked":"Thunderclap","floor":10.0},{"not_picked":["Rage","Metallicize"],"picked":"Anger","floor":13.0},{"not_picked":["Clash","Anger","Iron Wave"],"picked":"Reaper","floor":14.0}],"player_experience":1197204,"relics_obtained":[{"floor":9.0,"key":"Blood Vial"},{"floor":10.0,"key":"Gremlin Horn"},{"floor":13.0,"key":"Question Card"}],"event_choices":[{"damage_healed":0.0,"max_hp_gain":0.0,"max_hp_loss":0.0,"gold_gain":0.0,"event_name":"Living Wall","player_choice":"Grow","floor":3.0,"gold_loss":0.0,"damage_taken":0.0,"cards_upgraded":["Forethought"]},{"damage_healed":0.0,"max_hp_gain":0.0,"max_hp_loss":0.0,"gold_gain":0.0,"event_name":"Match and Keep!","player_choice":"2 cards matched","floor":5.0,"gold_loss":0.0,"damage_taken":0.0,"cards_obtained":["Metallicize","Bash"]}],"is_beta":true,"boss_relics":[],"items_purged_floors":[12],"is_endless":false,"potions_floor_spawned":[2,13],"killed_by":"The Guardian","ascension_level":0}