{"gold_per_floor":[117,117,67,83,58,58,119,147,147,17,32,59,71,117,129,141],"floor_reached":16,"playtime":565,"items_purged":["Strike_R","Strike_R"],"score":124,"play_id":"94bda172-4f76-447f-b09d-45c5810300af","local_time":"20190708143732","is_ascension_mode":true,"campfire_choices":[{"data":"Bash","floor":6,"key":"SMITH"},{"data":"Corruption","floor":13,"key":"SMITH"},{"data":"Clothesline","floor":15,"key":"SMITH"}],"neow_cost":"NONE","seed_source_timestamp":23659856975196,"circlet_count":0,"master_deck":["Strike_R","Strike_R","Strike_R","Defend_R","Defend_R","Defend_R","Defend_R","Bash+1","Seeing Red","Clothesline+1","Shockwave","Headbutt","Corruption+1","Combust","Shrug It Off","Whirlwind+1","Thunderclap+1"],"relics":["Burning Blood","SsserpentHead","Molten Egg 2","Letter Opener","MawBank","The Courier"],"potions_floor_usage":[8,8],"damage_taken":[{"damage":1,"enemies":"2 Louse","floor":1,"turns":3},{"damage":6,"enemies":"Cultist","floor":4,"turns":3},{"damage":8,"enemies":"Jaw Worm","floor":7,"turns":3},{"damage":11,"enemies":"Lagavulin","floor":8,"turns":5},{"damage":0,"enemies":"3 Louse","floor":11,"turns":4},{"damage":30,"enemies":"Gremlin Nob","floor":12,"turns":6},{"damage":11,"enemies":"3 Sentries","floor":14,"turns":3},{"damage":59,"enemies":"The Guardian","floor":16,"turns":12}],"seed_played":"715505313072867314","potions_obtained":[{"floor":1,"key":"Poison Potion"},{"floor":7,"key":"PowerPotion"},{"floor":12,"key":"LiquidBronze"}],"is_trial":false,"path_per_floor":["?","$","M","$"],"character_chosen":"IRONCLAD","items_purchased":["Clothesline","Combust"],"campfire_rested":0,"item_purchase_floors":[3,10],"current_hp_per_floor":[88,88,88,88,88,88,86,81,81,81,87,63,63,58,58,0],"gold":141,"neow_bonus":"TEN_PERCENT_HP_BONUS","is_prod":false,"is_daily":false,"chose_seed":false,"campfire_upgraded":3,"win_rate":0,"timestamp":1562589452,"path_taken":["M","?","$","M","?","R","?","E","T","?","M","E","R","E","R","BOSS"],"build_version":"2019-01-23","purchased_purges":2,"victory":false,"max_hp_per_floor":[88,88,88,88,88,88,88,88,88,88,88,88,88,88,88,88],"card_choices":[{"not_picked":["Warcry","Dual Wield"],"picked":"Seeing Red","floor":1},{"not_picked":["Thunderclap","Headbutt"],"picked":"Shockwave","floor":4},{"not_picked":["Armaments","Reckless Charge"],"picked":"Headbutt","floor":7},{"not_picked":["Rampage","Clothesline"],"picked":"Corruption","floor":8},{"not_picked":["Carnage+1","Heavy Blade+1"],"picked":"Shrug It Off","floor":11},{"not_picked":["Clothesline+1","Twin Strike+1"],"picked":"Whirlwind+1","floor":12},{"not_picked":["Dropkick+1","Anger+1"],"picked":"Thunderclap+1","floor":14}],"player_experience":990022,"relics_obtained":[{"floor":8,"key":"Molten Egg 2"},{"floor":9,"key":"Letter Opener"},{"floor":12,"key":"MawBank"},{"floor":14,"key":"The Courier"}],"event_choices":[{"damage_healed":0,"gold_gain":0,"player_choice":"Trade","damage_taken":0,"relics_obtained":["SsserpentHead"],"max_hp_gain":0,"max_hp_loss":0,"event_name":"FaceTrader","floor":2,"gold_loss":0}],"is_beta":false,"boss_relics":[],"items_purged_floors":[5,10],"is_endless":false,"potions_floor_spawned":[1,7,12],"killed_by":"The Guardian","ascension_level":1}