{"gold_per_floor":[110,126,126,142,69,96,96,130,153,179,191,216,240,271,283,396,408,439,462,384,409,431,470,482,528,540,566,578],"floor_reached":28,"playtime":2487,"items_purged":[],"score":296,"play_id":"5a40daa6-965b-457d-b60a-f080cf3337bb","local_time":"20190326113106","is_ascension_mode":true,"campfire_choices":[{"data":"Zap","floor":7.0,"key":"SMITH"},{"floor":11.0,"key":"REST"},{"data":"Reinforced Body","floor":15.0,"key":"SMITH"},{"floor":24,"key":"REST"}],"neow_cost":"NONE","seed_source_timestamp":0,"circlet_count":0,"master_deck":["Zap+1","Dualcast","Reinforced Body+1","Chill","Sweeping Beam","Doom and Gloom","Melter","Go for the Eyes","Meteor Strike","Creative AI","Sweeping Beam","Redo+1","Hyperbeam","Lockon","Glacier","Conserve Battery","Reboot","FTL","Fusion","Cold Snap+1","Coolheaded+1","Hologram+1"],"special_seed":0,"relics":["Cracked Core","Pen Nib","Vajra","Omamori","Happy Flower","MawBank","Pandora\u0027s Box","Dream Catcher","Pear","Bird Faced Urn"],"potions_floor_usage":[25,25],"damage_taken":[{"damage":8.0,"enemies":"Jaw Worm","floor":1.0,"turns":4.0},{"damage":1.0,"enemies":"Cultist","floor":2.0,"turns":3.0},{"damage":3.0,"enemies":"2 Louse","floor":4.0,"turns":2.0},{"damage":20.0,"enemies":"3 Sentries","floor":6.0,"turns":7.0},{"damage":2.0,"enemies":"Lagavulin","floor":8.0,"turns":7.0},{"damage":3.0,"enemies":"3 Sentries","floor":10.0,"turns":4.0},{"damage":0.0,"enemies":"Blue Slaver","floor":12.0,"turns":3.0},{"damage":0.0,"enemies":"Lots of Slimes","floor":13.0,"turns":3.0},{"damage":0.0,"enemies":"Exordium Thugs","floor":14.0,"turns":3.0},{"damage":25.0,"enemies":"The Guardian","floor":16.0,"turns":9.0},{"damage":0.0,"enemies":"Shell Parasite","floor":18.0,"turns":4.0},{"damage":0.0,"enemies":"3 Byrds","floor":19.0,"turns":2.0},{"damage":15.0,"enemies":"Snake Plant","floor":21.0,"turns":3.0},{"damage":3.0,"enemies":"Centurion and Healer","floor":22.0,"turns":4.0},{"damage":14,"enemies":"Book of Stabbing","floor":23,"turns":7},{"damage":33,"enemies":"Gremlin Leader","floor":25,"turns":5},{"damage":21,"enemies":"Cultist and Chosen","floor":27,"turns":7},{"damage":0,"enemies":"Chosen and Byrds","floor":28,"turns":4}],"seed_played":"5167328710597959916","potions_obtained":[{"floor":0.0,"key":"Block Potion"},{"floor":0.0,"key":"Weak Potion"},{"floor":0.0,"key":"LiquidBronze"},{"floor":13.0,"key":"Explosive Potion"},{"floor":18.0,"key":"SpeedPotion"},{"floor":23,"key":"GamblersBrew"},{"floor":25,"key":"SmokeBomb"}],"is_trial":false,"path_per_floor":["?","?","M"],"character_chosen":"DEFECT","items_purchased":["Doom and Gloom"],"campfire_rested":2,"item_purchase_floors":[5],"current_hp_per_floor":[67,66,66,63,63,43,43,41,41,38,60,60,60,60,60,35,75,75,75,75,60,57,43,65,42,42,21,25],"gold":578,"neow_bonus":"THREE_SMALL_POTIONS","is_prod":false,"is_daily":false,"chose_seed":false,"campfire_upgraded":2,"win_rate":0,"timestamp":1553596266,"path_taken":["M","M","?","M","$","E","R","E","T","E","R","M","M","M","R","BOSS","M","M","?","?","M","E","R","E","T","M","M"],"build_version":"2019-01-23","purchased_purges":0,"victory":false,"max_hp_per_floor":[75,75,75,75,75,75,75,75,75,75,75,75,75,75,75,75,75,75,75,75,75,75,75,75,85,85,85,85],"card_choices":[{"not_picked":["Fusion","Turbo"],"picked":"Reinforced Body","floor":1.0},{"not_picked":["Compile Driver","Recycle"],"picked":"Chill","floor":2.0},{"not_picked":["Coolheaded","Stack"],"picked":"Sweeping Beam","floor":4.0},{"not_picked":["Gash","Sweeping Beam"],"picked":"Melter","floor":6.0},{"not_picked":["Rip and Tear","Lockon","Barrage"],"picked":"SKIP","floor":8.0},{"not_picked":["Stack","Steam"],"picked":"Go for the Eyes","floor":10.0},{"not_picked":["Steam Power","Scrape","Reprogram"],"picked":"SKIP","floor":12.0},{"not_picked":["Beam Cell","Barrage"],"picked":"Meteor Strike","floor":13.0},{"not_picked":["Rebound","Sweeping Beam","Redo"],"picked":"SKIP","floor":14.0},{"not_picked":["Amplify","Thunder Strike"],"picked":"Creative AI","floor":16.0},{"not_picked":["Stack","Redo"],"picked":"FTL","floor":18.0},{"not_picked":["Go for the Eyes","Gash"],"picked":"Fusion","floor":19.0},{"not_picked":["Beam Cell","Stack"],"picked":"Cold Snap+1","floor":21.0},{"not_picked":["Buffer","Melter+1"],"picked":"Coolheaded+1","floor":22.0},{"not_picked":["Chaos","Rainbow"],"picked":"Hologram+1","floor":23},{"not_picked":["Steam","Tempest","Melter"],"picked":"SKIP","floor":25},{"not_picked":["Consume","Sweeping Beam","Blizzard"],"picked":"SKIP","floor":27}],"player_experience":261617,"relics_obtained":[{"floor":3.0,"key":"Pen Nib"},{"floor":6.0,"key":"Vajra"},{"floor":8.0,"key":"Omamori"},{"floor":9.0,"key":"Happy Flower"},{"floor":10.0,"key":"MawBank"},{"floor":23,"key":"Dream Catcher"},{"floor":25,"key":"Pear"},{"floor":26,"key":"Bird Faced Urn"}],"event_choices":[{"damage_healed":0.0,"max_hp_gain":0.0,"max_hp_loss":0.0,"gold_gain":0.0,"event_name":"Wheel of Change","player_choice":"Relic","floor":3.0,"gold_loss":0.0,"damage_taken":0.0},{"cards_removed":["Aggregate"],"damage_healed":0.0,"max_hp_gain":0.0,"max_hp_loss":0.0,"gold_gain":0.0,"event_name":"Designer","player_choice":"Upgrade and Remove","floor":20.0,"gold_loss":90.0,"damage_taken":0.0,"cards_upgraded":["Redo"]}],"is_beta":false,"boss_relics":[{"not_picked":["Black Star","Calling Bell"],"picked":"Pandora\u0027s Box"}],"items_purged_floors":[],"is_endless":false,"potions_floor_spawned":[1,2,13,18,23,25],"killed_by":"Chosen and Byrds","ascension_level":1}