{"gold_per_floor":[18,28,28,43,59,59,97,97,97,112,128,164,164,197,197,327,327,350,350,373,373,391,430,430,430,455,467,479,514,559,521,533,676,688,715,12,30,45,68,68,68,68,68,86,119,135,135,135,135,135,135,135,37,75,75],"floor_reached":56,"playtime":4051,"items_purged":["Strike_G"],"score":1391,"play_id":"e5116b27-a9d9-4deb-84be-5484b7b9d8f7","local_time":"20190724103420","is_ascension_mode":true,"campfire_choices":[{"data":"Noxious Fumes","floor":6.0,"key":"SMITH"},{"data":"Neutralize","floor":8.0,"key":"SMITH"},{"data":"Well Laid Plans","floor":15.0,"key":"SMITH"},{"data":"Adrenaline","floor":24.0,"key":"SMITH"},{"data":"Cloak And Dagger","floor":27.0,"key":"SMITH"},{"data":"Backflip","floor":32.0,"key":"SMITH"},{"floor":40.0,"key":"RECALL"},{"data":"After Image","floor":42.0,"key":"SMITH"},{"data":"After Image","floor":47,"key":"SMITH"},{"data":"Storm of Steel","floor":49,"key":"SMITH"},{"data":"Crippling Poison","floor":52,"key":"SMITH"}],"neow_cost":"NO_GOLD","seed_source_timestamp":0,"circlet_count":0,"master_deck":["Defend_G","Defend_G","Defend_G","Defend_G","Defend_G","Survivor+1","Neutralize+1","Deadly Poison+1","Poisoned Stab","Well Laid Plans+1","Noxious Fumes+1","Adrenaline+1","Backflip+1","Deadly Poison","Poisoned Stab","After Image+1","Phantasmal Killer+1","Storm of Steel+1","Prepared+1","Leg Sweep+1","Pain","Crippling Poison+1","Cloak And Dagger+1","After Image+1","Storm of Steel+1","Doppelganger","Acrobatics+1","Backflip+1","Acrobatics+1","Pain","Backflip+1","Prepared+1","PiercingWail+1"],"special_seed":0,"relics":["Ring of the Snake","Torii","Golden Idol","Kunai","Matryoshka","Blue Candle","The Courier","Astrolabe","WarpedTongs","Nilry\u0027s Codex","Turnip","MawBank","Strawberry","MutagenicStrength","Ancient Tea Set","Cursed Key","TwistedFunnel","Bird Faced Urn","Lantern","Anchor","Snake Skull","War Paint","Paper Crane"],"potions_floor_usage":[55,55],"damage_taken":[{"damage":9.0,"enemies":"Jaw Worm","floor":1.0,"turns":5.0},{"damage":0.0,"enemies":"2 Louse","floor":2.0,"turns":4.0},{"damage":0.0,"enemies":"Cultist","floor":4.0,"turns":3.0},{"damage":0.0,"enemies":"Red Slaver","floor":5.0,"turns":4.0},{"damage":4.0,"enemies":"Lagavulin","floor":7.0,"turns":7.0},{"damage":1.0,"enemies":"3 Louse","floor":10.0,"turns":2.0},{"damage":1.0,"enemies":"2 Fungi Beasts","floor":11.0,"turns":3.0},{"damage":8.0,"enemies":"3 Sentries","floor":12.0,"turns":6.0},{"damage":2.0,"enemies":"Lagavulin","floor":14.0,"turns":5.0},{"damage":0.0,"enemies":"Slime Boss","floor":16.0,"turns":6.0},{"damage":1.0,"enemies":"Chosen","floor":18.0,"turns":5.0},{"damage":1.0,"enemies":"Shell Parasite","floor":20.0,"turns":4.0},{"damage":1.0,"enemies":"Centurion and Healer","floor":22.0,"turns":7.0},{"damage":14.0,"enemies":"Gremlin Leader","floor":23.0,"turns":8.0},{"damage":3.0,"enemies":"Colosseum Slavers","floor":25.0,"turns":6.0},{"damage":1.0,"enemies":"Snake Plant","floor":29.0,"turns":6.0},{"damage":22.0,"enemies":"Slavers","floor":30.0,"turns":5.0},{"damage":25.0,"enemies":"Collector","floor":33.0,"turns":10.0},{"damage":3.0,"enemies":"Orb Walker","floor":35.0,"turns":6.0},{"damage":18.0,"enemies":"3 Darklings","floor":37.0,"turns":3.0},{"damage":1.0,"enemies":"Sphere and 2 Shapes","floor":38.0,"turns":4.0},{"damage":7.0,"enemies":"4 Shapes","floor":39.0,"turns":5.0},{"damage":4.0,"enemies":"Writhing Mass","floor":44.0,"turns":5.0},{"damage":2,"enemies":"Giant Head","floor":45,"turns":7},{"damage":2,"enemies":"3 Darklings","floor":46,"turns":4},{"damage":3,"enemies":"Donu and Deca","floor":50,"turns":7},{"damage":19,"enemies":"Shield and Spear","floor":54,"turns":6},{"damage":11,"enemies":"The Heart","floor":55,"turns":11}],"seed_played":"-3512837231572982420","potions_obtained":[{"floor":4.0,"key":"Regen Potion"},{"floor":7.0,"key":"SkillPotion"},{"floor":12.0,"key":"Fire Potion"},{"floor":14.0,"key":"Explosive Potion"},{"floor":16.0,"key":"SteroidPotion"},{"floor":22.0,"key":"Poison Potion"},{"floor":30.0,"key":"PowerPotion"},{"floor":37.0,"key":"Ancient Potion"},{"floor":38.0,"key":"FearPotion"},{"floor":46,"key":"FearPotion"}],"is_trial":false,"path_per_floor":["?","?","?","M","?","?","?","?","M","?"],"character_chosen":"THE_SILENT","items_purchased":["TwistedFunnel","Bird Faced Urn","Lantern","Anchor","GhostInAJar","Dexterity Potion"],"campfire_rested":0,"item_purchase_floors":[36,36,36,36,53,53],"current_hp_per_floor":[61,61,61,61,61,61,57,57,57,56,55,47,47,45,45,45,65,64,64,63,47,46,32,32,44,51,51,51,50,28,28,28,3,72,69,69,56,63,62,62,62,62,62,66,72,71,71,71,71,72,72,72,72,54,61],"gold":75,"neow_bonus":"ONE_RARE_RELIC","is_prod":false,"is_daily":false,"chose_seed":false,"campfire_upgraded":10,"win_rate":0,"timestamp":1563957260,"path_taken":["M","M","?","M","M","R","E","R","T","M","M","E","?","E","R","BOSS","M","?","?","?","M","E","R","?","T","R","?","M","E","?","R","BOSS","M","$","?","M","M","R","$","R","T","M","E","M","R","?","R","BOSS","R","$","E","BOSS"],"build_version":"2019-01-23","purchased_purges":1,"victory":true,"max_hp_per_floor":[70,70,65,65,65,65,65,65,65,65,65,65,65,65,65,65,65,65,65,65,65,65,65,65,65,72,72,72,72,72,72,72,72,72,72,72,72,72,72,72,72,72,72,72,72,72,72,72,72,72,72,72,72,72,72],"card_choices":[{"not_picked":["Concentrate","Flying Knee"],"picked":"Deadly Poison","floor":1.0},{"not_picked":["Infinite Blades","Acrobatics"],"picked":"Poisoned Stab","floor":2.0},{"not_picked":["Calculated Gamble","Distraction"],"picked":"Well Laid Plans","floor":4.0},{"not_picked":["Slice","Quick Slash"],"picked":"Noxious Fumes","floor":5.0},{"not_picked":["Dagger Spray","Outmaneuver"],"picked":"Adrenaline","floor":7.0},{"not_picked":["Poisoned Stab","Noxious Fumes"],"picked":"Backflip","floor":10.0},{"not_picked":["Blade Dance","Slice"],"picked":"Backstab","floor":11.0},{"not_picked":["Riddle With Holes","Endless Agony"],"picked":"Deadly Poison","floor":12.0},{"not_picked":["Masterful Stab","Dagger Throw"],"picked":"Poisoned Stab","floor":14.0},{"not_picked":["A Thousand Cuts","Wraith Form v2"],"picked":"After Image","floor":16.0},{"not_picked":["Tactician","Poisoned Stab+1"],"picked":"Leg Sweep+1","floor":18.0},{"not_picked":["Sucker Punch","Quick Slash"],"picked":"Crippling Poison","floor":20.0},{"not_picked":["Deflect","Bane+1"],"picked":"Cloak And Dagger","floor":22.0},{"not_picked":["Crippling Poison","Concentrate+1"],"picked":"After Image","floor":23.0},{"not_picked":["Deadly Poison","Sucker Punch+1","Poisoned Stab"],"picked":"SKIP","floor":29.0},{"not_picked":["Outmaneuver+1","Masterful Stab"],"picked":"Storm of Steel","floor":30.0},{"not_picked":["Glass Knife","Venomology"],"picked":"Doppelganger","floor":33.0},{"not_picked":["Poisoned Stab","Dagger Spray"],"picked":"Acrobatics+1","floor":35.0},{"not_picked":["Slice+1","Poisoned Stab"],"picked":"Backflip+1","floor":37.0},{"not_picked":["Flying Knee","Underhanded Strike+1"],"picked":"Acrobatics+1","floor":38.0},{"not_picked":["Slice","Poisoned Stab","Dagger Spray+1"],"picked":"SKIP","floor":39.0},{"not_picked":["Dagger Throw+1","Distraction","Slice"],"picked":"SKIP","floor":44.0},{"not_picked":["Dodge and Roll","Venomology"],"picked":"Backflip+1","floor":45},{"not_picked":["Underhanded Strike+1","Flechettes"],"picked":"Prepared+1","floor":46},{"not_picked":["Acrobatics+1","Dagger Spray+1"],"picked":"PiercingWail+1","floor":54}],"player_experience":1070528,"relics_obtained":[{"floor":7.0,"key":"Kunai"},{"floor":9.0,"key":"Matryoshka"},{"floor":12.0,"key":"Blue Candle"},{"floor":14.0,"key":"The Courier"},{"floor":21.0,"key":"Nilry\u0027s Codex"},{"floor":23.0,"key":"Turnip"},{"floor":26.0,"key":"MawBank"},{"floor":26.0,"key":"Strawberry"},{"floor":30.0,"key":"Ancient Tea Set"},{"floor":43.0,"key":"Snake Skull"},{"floor":45,"key":"War Paint"},{"floor":54,"key":"Paper Crane"}],"event_choices":[{"damage_healed":0.0,"max_hp_gain":0.0,"max_hp_loss":5.0,"gold_gain":0.0,"event_name":"Golden Idol","player_choice":"Lose Max HP","floor":3.0,"gold_loss":0.0,"damage_taken":0.0,"relics_obtained":["Golden Idol"]},{"cards_removed":["Strike_G"],"damage_healed":0.0,"max_hp_gain":0.0,"max_hp_loss":0.0,"gold_gain":0.0,"event_name":"Purifier","player_choice":"Purged","floor":13.0,"gold_loss":0.0,"damage_taken":0.0},{"damage_healed":0.0,"max_hp_gain":0.0,"max_hp_loss":0.0,"gold_gain":0.0,"event_name":"Accursed Blacksmith","player_choice":"Rummage","floor":19.0,"gold_loss":0.0,"damage_taken":0.0,"relics_obtained":["WarpedTongs"],"cards_obtained":["Pain"]},{"damage_healed":0.0,"max_hp_gain":0.0,"max_hp_loss":0.0,"gold_gain":0.0,"event_name":"Cursed Tome","player_choice":"Obtained Book","floor":21.0,"gold_loss":0.0,"damage_taken":16.0},{"damage_healed":0.0,"max_hp_gain":0.0,"max_hp_loss":0.0,"gold_gain":0.0,"event_name":"Colosseum","player_choice":"Fight","floor":25.0,"gold_loss":0.0,"damage_taken":0.0},{"damage_healed":0.0,"max_hp_gain":0.0,"max_hp_loss":0.0,"gold_gain":0.0,"event_name":"Colosseum","player_choice":"Fled From Nobs","floor":25.0,"gold_loss":0.0,"damage_taken":0.0},{"damage_healed":0.0,"max_hp_gain":0.0,"max_hp_loss":0.0,"gold_gain":0.0,"event_name":"Drug Dealer","player_choice":"Inject Mutagens","floor":28.0,"gold_loss":0.0,"damage_taken":0.0,"relics_obtained":["MutagenicStrength"]},{"damage_healed":0.0,"max_hp_gain":0.0,"max_hp_loss":0.0,"gold_gain":0.0,"event_name":"The Joust","player_choice":"Bet on Murderer","floor":31.0,"gold_loss":50.0,"damage_taken":0.0},{"cards_removed":["Backstab"],"damage_healed":0,"gold_gain":0,"player_choice":"Removed Attack","damage_taken":0,"max_hp_gain":0,"max_hp_loss":0,"event_name":"Falling","floor":48,"gold_loss":0}],"is_beta":false,"boss_relics":[{"not_picked":["Calling Bell","Orrery"],"picked":"Astrolabe"},{"not_picked":["Black Star","Ring of the Serpent"],"picked":"Cursed Key"}],"items_purged_floors":[36],"is_endless":false,"potions_floor_spawned":[4,7,12,14,16,22,23,30,37,38,46,54],"ascension_level":1}