{"gold_per_floor":[116,66,81,81,94,127,180,192,204,216,228,240,320,350,362,497,509,507,444,456,482,513,525,581,593,605,633,663,675,123,148,148,271,271,285,285,285,26,47,82,82,101,124,124,249,249,282,302,302,302,302,302,3,38,38],"floor_reached":56,"playtime":4650,"items_purged":["Regret","Regret"],"score":1408,"play_id":"59945e2f-852b-4be1-91a1-d3c8ba19dd90","local_time":"20190705103848","is_ascension_mode":true,"campfire_choices":[{"data":"Deadly Poison","floor":8.0,"key":"SMITH"},{"data":"Neutralize","floor":10.0,"key":"SMITH"},{"data":"Bouncing Flask","floor":12.0,"key":"SMITH"},{"floor":15.0,"key":"REST"},{"data":"Envenom","floor":23.0,"key":"SMITH"},{"data":"Leg Sweep","floor":32.0,"key":"SMITH"},{"floor":41.0,"key":"RECALL"},{"data":"Calculated Gamble","floor":49.0,"key":"SMITH"},{"data":"Noxious Fumes","floor":52.0,"key":"SMITH"}],"neow_cost":"NONE","seed_source_timestamp":0,"circlet_count":0,"master_deck":["Defend_G+1","Defend_G","Defend_G","Defend_G","Defend_G","Survivor","Neutralize+1","Cloak And Dagger","Deadly Poison+1","Bane","Bouncing Flask+1","Envenom+1","Backflip","Caltrops","Glass Knife","Backflip+1","PiercingWail+1","Dash+1","Dodge and Roll+1","A Thousand Cuts","Dodge and Roll+1","PiercingWail","Calculated Gamble+1","Leg Sweep+1","Crippling Poison","Wraith Form v2","Dash+1","Dark Shackles","Blind","Leg Sweep","Footwork","Cloak And Dagger+1","Cloak And Dagger+1","Acrobatics+1","Noxious Fumes+1","PiercingWail","A Thousand Cuts","Prepared","Prepared","Blur+1"],"special_seed":0,"relics":["Ring of the Snake","Golden Idol","Regal Pillow","MawBank","Prayer Wheel","Tiny Chest","Cursed Key","Question Card","Enchiridion","Strawberry","Paper Crane","ClockworkSouvenir","Runic Pyramid","PreservedInsect","Mango","Du-Vu Doll","Gremlin Horn","Snake Skull","Dodecahedron"],"potions_floor_usage":[],"damage_taken":[{"damage":0.0,"enemies":"2 Louse","floor":1.0,"turns":3.0},{"damage":0.0,"enemies":"Jaw Worm","floor":3.0,"turns":5.0},{"damage":0.0,"enemies":"Small Slimes","floor":5.0,"turns":3.0},{"damage":17.0,"enemies":"3 Sentries","floor":6.0,"turns":11.0},{"damage":28.0,"enemies":"Gremlin Nob","floor":13.0,"turns":4.0},{"damage":6.0,"enemies":"Exordium Thugs","floor":14.0,"turns":4.0},{"damage":24.0,"enemies":"Hexaghost","floor":16.0,"turns":8.0},{"damage":10.0,"enemies":"2 Thieves","floor":18.0,"turns":4.0},{"damage":0.0,"enemies":"Shell Parasite","floor":21.0,"turns":4.0},{"damage":0.0,"enemies":"Centurion and Healer","floor":22.0,"turns":8.0},{"damage":0.0,"enemies":"Book of Stabbing","floor":24.0,"turns":6.0},{"damage":1.0,"enemies":"Snake Plant","floor":27.0,"turns":3.0},{"damage":11.0,"enemies":"Sentry and Sphere","floor":28.0,"turns":6.0},{"damage":0.0,"enemies":"Cultist and Chosen","floor":31.0,"turns":6.0},{"damage":0.0,"enemies":"Champ","floor":33.0,"turns":14.0},{"damage":0.0,"enemies":"Orb Walker","floor":35.0,"turns":5.0},{"damage":0.0,"enemies":"3 Shapes","floor":39.0,"turns":5.0},{"damage":8.0,"enemies":"Reptomancer","floor":40.0,"turns":6.0},{"damage":0.0,"enemies":"3 Darklings","floor":42.0,"turns":8.0},{"damage":0.0,"enemies":"Mind Bloom Boss Battle","floor":45.0,"turns":8.0},{"damage":10.0,"enemies":"Giant Head","floor":47.0,"turns":9.0},{"damage":2.0,"enemies":"4 Shapes","floor":48.0,"turns":6.0},{"damage":13.0,"enemies":"Donu and Deca","floor":50.0,"turns":13.0},{"damage":29.0,"enemies":"Shield and Spear","floor":54.0,"turns":8.0},{"damage":41,"enemies":"The Heart","floor":55,"turns":13}],"seed_played":"-8194049433618312389","potions_obtained":[{"floor":5.0,"key":"SpeedPotion"},{"floor":14.0,"key":"SneckoOil"},{"floor":20.0,"key":"Dexterity Potion"},{"floor":20.0,"key":"SkillPotion"}],"is_trial":false,"path_per_floor":["?","?","M","T","?","?","?","M","?","?","?","?","M","M","?","?","T"],"character_chosen":"THE_SILENT","items_purchased":["Paper Crane","ClockworkSouvenir","PowerPotion","PreservedInsect","Leg Sweep","Footwork","Snake Skull","Energy Potion"],"campfire_rested":1,"item_purchase_floors":[30,30,30,38,38,38,53,53],"current_hp_per_floor":[77,77,77,71,71,54,54,54,54,54,40,40,12,6,42,18,71,61,61,61,61,61,61,61,45,52,51,40,40,40,40,40,40,78,78,68,68,68,68,74,74,74,74,74,74,74,64,62,62,49,92,92,92,63,22],"gold":38,"neow_bonus":"TEN_PERCENT_HP_BONUS","is_prod":false,"is_daily":false,"chose_seed":false,"campfire_upgraded":7,"win_rate":0,"timestamp":1562315928,"path_taken":["M","?","M","?","?","E","?","R","T","R","?","R","E","M","R","BOSS","M","?","?","?","M","R","E","?","T","M","M","?","$","M","R","BOSS","M","?","?","$","?","E","R","?","T","?","?","?","E","M","R","BOSS","R","$","E","BOSS"],"build_version":"2019-01-23","purchased_purges":2,"victory":true,"max_hp_per_floor":[77,77,77,71,71,71,71,71,71,71,71,71,71,71,71,71,71,71,71,71,71,71,71,71,71,78,78,78,78,78,78,78,78,78,78,78,78,78,78,92,92,92,92,92,92,92,92,92,92,92,92,92,92,92,92],"card_choices":[{"not_picked":["Outmaneuver","Calculated Gamble"],"picked":"Cloak And Dagger","floor":1.0},{"not_picked":["Acrobatics","Deflect"],"picked":"Deadly Poison","floor":3.0},{"not_picked":["Acrobatics","Blur"],"picked":"Bane","floor":5.0},{"not_picked":["Blade Dance","Bane"],"picked":"Bouncing Flask","floor":6.0},{"not_picked":["Dagger Throw","Sucker Punch"],"picked":"Envenom","floor":13.0},{"not_picked":["Outmaneuver","Endless Agony"],"picked":"Backflip","floor":14.0},{"not_picked":["Phantasmal Killer","Slice"],"picked":"Caltrops","floor":14.0},{"not_picked":["Venomology","Phantasmal Killer"],"picked":"Glass Knife","floor":16.0},{"not_picked":["Bane","Masterful Stab"],"picked":"Backflip+1","floor":18.0},{"not_picked":["Dagger Throw","Prepared","Deflect"],"picked":"SKIP","floor":18.0},{"not_picked":["Heel Hook","Outmaneuver+1"],"picked":"PiercingWail+1","floor":21.0},{"not_picked":["Backflip","Predator"],"picked":"Dash+1","floor":21.0},{"not_picked":["Deadly Poison","Sucker Punch","Underhanded Strike"],"picked":"SKIP","floor":22.0},{"not_picked":["Deflect","Backflip","Night Terror"],"picked":"SKIP","floor":22.0},{"not_picked":["Quick Slash","Grand Finale","Underhanded Strike"],"picked":"SKIP","floor":24.0},{"not_picked":["Cloak And Dagger","Terror+1","Flechettes"],"picked":"Dodge and Roll+1","floor":27.0},{"not_picked":["Choke","Flying Knee","Deflect+1","Poisoned Stab+1"],"picked":"SKIP","floor":27.0},{"not_picked":["Bane+1","Blade Dance","Predator+1"],"picked":"A Thousand Cuts","floor":28.0},{"not_picked":["Accuracy","Calculated Gamble","Tactician"],"picked":"Dodge and Roll+1","floor":28.0},{"not_picked":["Dagger Spray","Flying Knee+1","Cloak And Dagger"],"picked":"Leg Sweep","floor":31.0},{"not_picked":["Quick Slash","Slice","Bouncing Flask"],"picked":"Crippling Poison","floor":31.0},{"not_picked":["Night Terror","Doppelganger","Bullet Time"],"picked":"Wraith Form v2","floor":33.0},{"not_picked":["Backstab+1","Terror","Flying Knee+1"],"picked":"Dash+1","floor":35.0},{"not_picked":["Dagger Spray+1","Dodge and Roll","Sucker Punch+1","Dagger Throw"],"picked":"SKIP","floor":35.0},{"not_picked":["Blind","Flash of Steel","Dramatic Entrance"],"picked":"Dark Shackles","floor":36.0},{"not_picked":["Good Instincts","Master of Strategy","The Bomb"],"picked":"Blind","floor":36.0},{"not_picked":["Concentrate","Backflip+1","Endless Agony+1"],"picked":"Cloak And Dagger+1","floor":39.0},{"not_picked":["Choke","Poisoned Stab","Tactician+1"],"picked":"Cloak And Dagger+1","floor":39.0},{"not_picked":["Tools of the Trade","Calculated Gamble","Dash+1"],"picked":"Acrobatics+1","floor":40.0},{"not_picked":["Blur+1","PiercingWail+1","Outmaneuver"],"picked":"Noxious Fumes","floor":42.0},{"not_picked":["Skewer","Sucker Punch","Backflip+1"],"picked":"PiercingWail","floor":42.0},{"not_picked":["Skewer+1","Deflect+1","Quick Slash"],"picked":"A Thousand Cuts","floor":47.0},{"not_picked":["Blur","Cloak And Dagger","Flying Knee"],"picked":"Prepared","floor":48.0},{"not_picked":["Choke+1","Infinite Blades","Cloak And Dagger"],"picked":"Prepared","floor":48.0},{"not_picked":["Infinite Blades+1","Slice+1","Dagger Throw+1"],"picked":"Blur+1","floor":54.0}],"player_experience":957436,"relics_obtained":[{"floor":6.0,"key":"Regal Pillow"},{"floor":7.0,"key":"MawBank"},{"floor":9.0,"key":"Prayer Wheel"},{"floor":13.0,"key":"Tiny Chest"},{"floor":24.0,"key":"Question Card"},{"floor":25.0,"key":"Enchiridion"},{"floor":26.0,"key":"Strawberry"},{"floor":40.0,"key":"Mango"},{"floor":45.0,"key":"Du-Vu Doll"},{"floor":47.0,"key":"Gremlin Horn"},{"floor":54.0,"key":"Dodecahedron"}],"event_choices":[{"cards_removed":["Strike_G"],"damage_healed":0.0,"max_hp_gain":0.0,"max_hp_loss":0.0,"gold_gain":0.0,"event_name":"The Cleric","player_choice":"Card Removal","floor":2.0,"gold_loss":50.0,"damage_taken":0.0},{"damage_healed":0.0,"max_hp_gain":0.0,"max_hp_loss":6.0,"gold_gain":0.0,"event_name":"Golden Idol","player_choice":"Lose Max HP","floor":4.0,"gold_loss":0.0,"damage_taken":0.0,"relics_obtained":["Golden Idol"]},{"damage_healed":0.0,"max_hp_gain":0.0,"max_hp_loss":0.0,"gold_gain":0.0,"event_name":"Shining Light","player_choice":"Entered Light","floor":11.0,"gold_loss":0.0,"damage_taken":14.0,"cards_upgraded":["Strike_G","Defend_G"]},{"cards_removed":["Strike_G"],"damage_healed":0.0,"max_hp_gain":0.0,"max_hp_loss":0.0,"gold_gain":0.0,"event_name":"Beggar","player_choice":"Gave Gold","floor":19.0,"gold_loss":75.0,"damage_taken":0.0},{"damage_healed":0.0,"max_hp_gain":0.0,"max_hp_loss":0.0,"gold_gain":0.0,"event_name":"Lab","player_choice":"Got Potions","floor":20.0,"gold_loss":0.0,"damage_taken":0.0},{"damage_healed":0.0,"max_hp_gain":0.0,"max_hp_loss":0.0,"gold_gain":0.0,"event_name":"Cursed Tome","player_choice":"Obtained Book","floor":25.0,"gold_loss":0.0,"damage_taken":16.0},{"damage_healed":0.0,"max_hp_gain":0.0,"max_hp_loss":0.0,"gold_gain":0.0,"cards_transformed":["Strike_G","Strike_G"],"event_name":"Drug Dealer","player_choice":"Became Test Subject","floor":29.0,"gold_loss":0.0,"damage_taken":0.0,"cards_obtained":["PiercingWail","Calculated Gamble"]},{"damage_healed":0.0,"max_hp_gain":0.0,"max_hp_loss":0.0,"gold_gain":0.0,"event_name":"SensoryStone","player_choice":"Memory 3","floor":36.0,"gold_loss":0.0,"damage_taken":10.0},{"damage_healed":0.0,"max_hp_gain":0.0,"max_hp_loss":0.0,"gold_gain":0.0,"event_name":"NoteForYourself","player_choice":"Ignored","floor":37.0,"gold_loss":0.0,"damage_taken":0.0},{"cards_removed":["Strike_G"],"damage_healed":0.0,"max_hp_gain":0.0,"max_hp_loss":0.0,"gold_gain":0.0,"event_name":"Falling","player_choice":"Removed Attack","floor":44.0,"gold_loss":0.0,"damage_taken":0.0},{"damage_healed":0.0,"max_hp_gain":0.0,"max_hp_loss":0.0,"gold_gain":0.0,"event_name":"MindBloom","player_choice":"Fight","floor":45.0,"gold_loss":0.0,"damage_taken":0.0}],"is_beta":false,"boss_relics":[{"not_picked":["Coffee Dripper","Busted Crown"],"picked":"Cursed Key"},{"not_picked":["Eternal Feather","Empty Cage"],"picked":"Runic Pyramid"}],"items_purged_floors":[30,53],"is_endless":false,"potions_floor_spawned":[5,14,21,24,31,35,42,47,48],"ascension_level":1}