{"gold_per_floor":[114,133,133,151,74,103,103,103,150,150,183,202,202,213,213,317,317,337,262,30,40,54,54,87,87,112,145,145,162,190,200,200,296,296,309,309,323,323,341,341,374,392,415,440,440,455,480,184,184,184],"floor_reached":51,"playtime":5985,"items_purged":["Strike_G"],"score":844,"play_id":"4aad91ed-a681-4330-977f-87b1f288e8ec","local_time":"20190214224521","is_ascension_mode":true,"campfire_choices":[{"floor":7.0,"key":"REST"},{"data":"Infinite Blades","floor":10.0,"key":"SMITH"},{"floor":15.0,"key":"REST"},{"floor":23.0,"key":"REST"},{"floor":25.0,"key":"REST"},{"floor":28,"key":"REST"},{"floor":32,"key":"REST"},{"data":"Cloak And Dagger","floor":40,"key":"SMITH"},{"floor":49,"key":"REST"}],"neow_cost":"NONE","seed_source_timestamp":0,"circlet_count":0,"master_deck":["Defend_G","Defend_G","Defend_G","Defend_G+1","Defend_G+1","Strike_G","Survivor","Neutralize+1","Malaise","Infinite Blades+1","Dagger Throw+1","Quick Slash","Accuracy+1","Dagger Spray","Footwork+1","PiercingWail","Die Die Die","Noxious Fumes+1","Cloak And Dagger+1","Noxious Fumes+1","Skewer+1","Well Laid Plans+1","Dagger Spray+1","Footwork+1","Endless Agony","PiercingWail+1","Bullet Time","Accuracy+1","Leg Sweep+1","Bullet Time","Cloak And Dagger+1","Catalyst","Noxious Fumes+1","Backflip+1","Parasite","Blade Dance","Cloak And Dagger"],"special_seed":0,"relics":["Ring of the Snake","Centennial Puzzle","Frozen Egg 2","Orichalcum","The Specimen","WristBlade","Lantern","Question Card","Strawberry","Whetstone","Anchor","Snecko Eye","War Paint","Regal Pillow","Boot","Bottled Tornado","Oddly Smooth Stone"],"potions_floor_usage":[27,27,27,33,33,41,50,50,50],"damage_taken":[{"damage":7.0,"enemies":"Small Slimes","floor":1.0,"turns":5.0},{"damage":3.0,"enemies":"2 Louse","floor":2.0,"turns":4.0},{"damage":1.0,"enemies":"Cultist","floor":4.0,"turns":5.0},{"damage":16.0,"enemies":"Gremlin Nob","floor":6.0,"turns":6.0},{"damage":18.0,"enemies":"3 Sentries","floor":11.0,"turns":6.0},{"damage":6.0,"enemies":"2 Fungi Beasts","floor":12.0,"turns":3.0},{"damage":2.0,"enemies":"Looter","floor":14.0,"turns":4.0},{"damage":14.0,"enemies":"Slime Boss","floor":16.0,"turns":8.0},{"damage":20.0,"enemies":"Spheric Guardian","floor":18.0,"turns":6.0},{"damage":9.0,"enemies":"2 Thieves","floor":21.0,"turns":4.0},{"damage":10.0,"enemies":"3 Cultists","floor":22.0,"turns":5.0},{"damage":32.0,"enemies":"Book of Stabbing","floor":24.0,"turns":6.0},{"damage":29,"enemies":"Slavers","floor":27,"turns":5},{"damage":10,"enemies":"Snecko","floor":29,"turns":6},{"damage":7,"enemies":"Gremlin Leader","floor":30,"turns":6},{"damage":1,"enemies":"Cultist and Chosen","floor":31,"turns":4},{"damage":17,"enemies":"Collector","floor":33,"turns":9},{"damage":5,"enemies":"3 Shapes","floor":35,"turns":5},{"damage":0,"enemies":"3 Darklings","floor":37,"turns":5},{"damage":10,"enemies":"Spire Growth","floor":39,"turns":5},{"damage":0,"enemies":"Nemesis","floor":41,"turns":7},{"damage":12,"enemies":"Maw","floor":42,"turns":7},{"damage":4,"enemies":"Giant Head","floor":44,"turns":8},{"damage":3,"enemies":"Writhing Mass","floor":46,"turns":6},{"damage":17,"enemies":"Reptomancer","floor":47,"turns":6},{"damage":61,"enemies":"Awakened One","floor":50,"turns":11}],"seed_played":"7839888740126084186","potions_obtained":[{"floor":1.0,"key":"SteroidPotion"},{"floor":2.0,"key":"EssenceOfSteel"},{"floor":6.0,"key":"Dexterity Potion"},{"floor":11.0,"key":"SteroidPotion"},{"floor":16.0,"key":"FearPotion"},{"floor":24.0,"key":"SteroidPotion"},{"floor":29,"key":"SkillPotion"},{"floor":30,"key":"GamblersBrew"},{"floor":31,"key":"Energy Potion"},{"floor":33,"key":"Ancient Potion"},{"floor":37,"key":"GhostInAJar"},{"floor":39,"key":"Fire Potion"},{"floor":46,"key":"Fire Potion"}],"is_trial":false,"path_per_floor":["M","M","?","M","$","E","R","?","T","R","E","M","?","M","R","B",null,"M","?","$","M","M","R","E","R","T","E","R","M","E","M","R","B",null,"M","?","M","?","M","R","E","M","T","E","?","M","E","$","R","B",null],"character_chosen":"THE_SILENT","items_purchased":["Accuracy","Cloak And Dagger","Noxious Fumes+1","Lantern","Oddly Smooth Stone","FearPotion","Cloak And Dagger"],"campfire_rested":7,"item_purchase_floors":[5,20,20,20,48,48,48],"current_hp_per_floor":[63,60,53,52,52,36,57,57,57,57,39,33,33,31,52,38,70,50,50,50,41,31,52,20,41,48,19,42,32,25,24,47,30,77,72,72,72,72,62,62,62,50,50,46,46,43,26,26,64,3],"gold":184,"neow_bonus":"ONE_RANDOM_RARE_CARD","is_prod":false,"is_daily":false,"chose_seed":false,"campfire_upgraded":2,"win_rate":0,"timestamp":1550213121,"path_taken":["M","M","?","M","$","E","R","?","T","R","E","M","?","M","R","BOSS","M","?","$","M","M","R","E","R","T","E","R","M","E","M","R","BOSS","M","?","M","?","M","R","E","?","T","E","?","M","E","$","R","BOSS"],"build_version":"2019-01-23","purchased_purges":1,"victory":true,"max_hp_per_floor":[70,70,70,70,70,70,70,70,70,70,70,70,70,70,70,70,70,70,70,70,70,70,70,70,70,77,77,77,77,77,77,77,77,77,77,77,77,77,77,77,77,77,77,77,77,77,77,77,77,77],"card_choices":[{"not_picked":["Leg Sweep","PiercingWail"],"picked":"Infinite Blades","floor":1.0},{"not_picked":["Calculated Gamble","Reflex"],"picked":"Dagger Throw","floor":2.0},{"not_picked":["All Out Attack","Heel Hook"],"picked":"Quick Slash","floor":4.0},{"not_picked":["PiercingWail","Dodge and Roll"],"picked":"Dagger Spray","floor":6.0},{"not_picked":["Malaise","Predator"],"picked":"Footwork+1","floor":11.0},{"not_picked":["Prepared","Masterful Stab","Escape Plan"],"picked":"SKIP","floor":12.0},{"not_picked":["Underhanded Strike","Flying Knee"],"picked":"PiercingWail","floor":14.0},{"not_picked":["Tools of the Trade+1","Corpse Explosion"],"picked":"Die Die Die","floor":16.0},{"not_picked":["Calculated Gamble","Deadly Poison"],"picked":"Noxious Fumes+1","floor":18.0},{"not_picked":["Acrobatics","Deflect"],"picked":"Skewer+1","floor":21.0},{"not_picked":["Dagger Spray","Outmaneuver"],"picked":"Well Laid Plans+1","floor":22.0},{"not_picked":["Deflect","Outmaneuver"],"picked":"Dagger Spray+1","floor":24.0},{"not_picked":["Well Laid Plans+1","Acrobatics","Slice"],"picked":"Footwork+1","floor":27},{"not_picked":["Flying Knee","Eviscerate","Distraction"],"picked":"Endless Agony","floor":29},{"not_picked":["Caltrops+1","Deadly Poison","Reflex"],"picked":"PiercingWail+1","floor":30},{"not_picked":["Skewer+1","Flying Knee","Deflect","Expertise"],"picked":"SKIP","floor":31},{"not_picked":["Malaise","Burst","Storm of Steel"],"picked":"Bullet Time","floor":33},{"not_picked":["Dagger Spray","Riddle With Holes+1","Tactician+1"],"picked":"Accuracy+1","floor":35},{"not_picked":["Caltrops+1","Prepared+1","Escape Plan"],"picked":"Leg Sweep+1","floor":37},{"not_picked":["Finisher+1","Underhanded Strike+1","Tactician+1"],"picked":"Cloak And Dagger+1","floor":39},{"not_picked":["Underhanded Strike+1","A Thousand Cuts+1","Outmaneuver"],"picked":"Catalyst","floor":41},{"not_picked":["Poisoned Stab+1","Flying Knee+1","Choke+1"],"picked":"Noxious Fumes+1","floor":42},{"not_picked":["Masterful Stab","Underhanded Strike+1","Backstab+1"],"picked":"Backflip+1","floor":44},{"not_picked":["Bane+1","Acrobatics+1","Calculated Gamble"],"picked":"Blade Dance","floor":46},{"not_picked":["Deadly Poison","Backflip","Outmaneuver+1","Poisoned Stab"],"picked":"SKIP","floor":47}],"player_experience":44924,"relics_obtained":[{"floor":6.0,"key":"Centennial Puzzle"},{"floor":9.0,"key":"Orichalcum"},{"floor":11.0,"key":"The Specimen"},{"floor":24.0,"key":"Question Card"},{"floor":26.0,"key":"Strawberry"},{"floor":27,"key":"Whetstone"},{"floor":30,"key":"Anchor"},{"floor":41,"key":"War Paint"},{"floor":43,"key":"Regal Pillow"},{"floor":44,"key":"Boot"},{"floor":47,"key":"Bottled Tornado"}],"event_choices":[{"cards_removed":["Strike_G"],"damage_healed":0.0,"max_hp_gain":0.0,"max_hp_loss":0.0,"gold_gain":0.0,"event_name":"Golden Wing","player_choice":"Card Removal","floor":3.0,"gold_loss":0.0,"damage_taken":7.0},{"damage_healed":0.0,"max_hp_gain":0.0,"max_hp_loss":0.0,"gold_gain":0.0,"event_name":"Dead Adventurer","player_choice":"Searched \u00272\u0027 times","floor":8.0,"gold_loss":0.0,"damage_taken":0.0,"relics_obtained":["Frozen Egg 2"]},{"damage_healed":0.0,"max_hp_gain":0.0,"max_hp_loss":0.0,"gold_gain":0.0,"event_name":"Living Wall","player_choice":"Grow","floor":13.0,"gold_loss":0.0,"damage_taken":0.0,"cards_upgraded":["Accuracy"]},{"cards_removed":["Strike_G"],"damage_healed":0.0,"max_hp_gain":0.0,"max_hp_loss":0.0,"gold_gain":0.0,"event_name":"Beggar","player_choice":"Gave Gold","floor":19.0,"gold_loss":75.0,"damage_taken":0.0},{"damage_healed":0,"gold_gain":0,"player_choice":"Memory 1","damage_taken":0,"max_hp_gain":0,"max_hp_loss":0,"event_name":"SensoryStone","floor":36,"gold_loss":0},{"damage_healed":0,"gold_gain":0,"player_choice":"1 cards matched","damage_taken":0,"max_hp_gain":0,"max_hp_loss":0,"event_name":"Match and Keep!","floor":38,"gold_loss":0,"cards_obtained":["Bullet Time"]},{"cards_removed":["Strike_G"],"damage_healed":0,"gold_gain":0,"player_choice":"Removed Attack","damage_taken":0,"max_hp_gain":0,"max_hp_loss":0,"event_name":"Falling","floor":45,"gold_loss":0}],"is_beta":false,"boss_relics":[{"not_picked":["Empty Cage","HoveringKite"],"picked":"WristBlade"},{"not_picked":["Coffee Dripper","Runic Dome"],"picked":"Snecko Eye"}],"items_purged_floors":[48],"is_endless":false,"potions_floor_spawned":[1,2,6,11,16,24,29,30,31,33,37,39,46],"ascension_level":1}