{"gold_per_floor":[111,124,14,30,47,47,66,66,366,366,397,407,407,441,441,536,536,551,561,577,99,99,99,128,128,128,143,172,183,209,235,247,355,367,395,707,730,755,767,809,821,861,922,934,946,969,994,1021,1033,1045,1057,1069,192,217,217],"floor_reached":55,"playtime":12296,"items_purged":["Strike_G","Strike_G","Strike_G"],"score":870,"play_id":"ac080515-16e7-464a-b4aa-fdfe984c7075","local_time":"20190619154139","is_ascension_mode":true,"campfire_choices":[{"data":"Neutralize","floor":6.0,"key":"SMITH"},{"data":"Night Terror","floor":8.0,"key":"SMITH"},{"data":"Caltrops","floor":10.0,"key":"SMITH"},{"data":"Noxious Fumes","floor":13.0,"key":"SMITH"},{"data":"Noxious Fumes","floor":15.0,"key":"SMITH"},{"data":"Wraith Form v2","floor":23.0,"key":"SMITH"},{"data":"Deadly Poison","floor":25.0,"key":"SMITH"},{"floor":32.0,"key":"REST"},{"floor":41.0,"key":"RECALL"},{"floor":49.0,"key":"REST"},{"data":"Catalyst","floor":52,"key":"SMITH"}],"neow_cost":"NONE","seed_source_timestamp":0,"circlet_count":0,"master_deck":["Defend_G","Defend_G","Defend_G","Defend_G","Defend_G","Strike_G+1","Strike_G","Survivor","Neutralize+1","After Image","Blade Dance","Sucker Punch+1","Caltrops+1","Night Terror+1","Deflect","Deadly Poison+1","Cloak And Dagger","Noxious Fumes+1","Noxious Fumes+1","Wraith Form v2+1","Backflip","Backflip+1","Master of Strategy","Cloak And Dagger","Infinite Blades","Dagger Spray","Footwork","Adrenaline","Dodge and Roll+1","Deflect+1","Blade Dance+1","Noxious Fumes+1","Accuracy+1","Cloak And Dagger+1","Night Terror","Catalyst+1","Setup+1","Malaise","Thinking Ahead","Blade Dance+1"],"special_seed":0,"relics":["Ring of the Snake","Old Coin","Ninja Scroll","Nunchaku","Runic Pyramid","TwistedFunnel","Dodecahedron","Girya","Dream Catcher","MawBank","Sozu","Smiling Mask","Pocketwatch","Letter Opener","Snake Skull","Whetstone","Toolbox","Happy Flower"],"potions_floor_usage":[],"damage_taken":[{"damage":1.0,"enemies":"Cultist","floor":1.0,"turns":4.0},{"damage":0.0,"enemies":"2 Louse","floor":2.0,"turns":5.0},{"damage":0.0,"enemies":"Jaw Worm","floor":4.0,"turns":6.0},{"damage":0.0,"enemies":"Blue Slaver","floor":5.0,"turns":6.0},{"damage":3.0,"enemies":"2 Fungi Beasts","floor":7.0,"turns":4.0},{"damage":21.0,"enemies":"3 Sentries","floor":11.0,"turns":10.0},{"damage":7.0,"enemies":"Red Slaver","floor":12.0,"turns":6.0},{"damage":9.0,"enemies":"Lagavulin","floor":14.0,"turns":9.0},{"damage":16.0,"enemies":"Slime Boss","floor":16.0,"turns":7.0},{"damage":36.0,"enemies":"2 Thieves","floor":18.0,"turns":5.0},{"damage":11.0,"enemies":"Chosen","floor":19.0,"turns":9.0},{"damage":0.0,"enemies":"Snecko","floor":20.0,"turns":10.0},{"damage":23.0,"enemies":"Book of Stabbing","floor":24.0,"turns":9.0},{"damage":9.0,"enemies":"Shelled Parasite and Fungi","floor":27.0,"turns":7.0},{"damage":28.0,"enemies":"Gremlin Leader","floor":28.0,"turns":7.0},{"damage":3.0,"enemies":"Snake Plant","floor":29.0,"turns":5.0},{"damage":0.0,"enemies":"Chosen and Byrds","floor":31.0,"turns":5.0},{"damage":15.0,"enemies":"Champ","floor":33.0,"turns":14.0},{"damage":7.0,"enemies":"3 Darklings","floor":35.0,"turns":3.0},{"damage":0.0,"enemies":"Orb Walker","floor":37.0,"turns":5.0},{"damage":0.0,"enemies":"Spire Growth","floor":38.0,"turns":6.0},{"damage":9.0,"enemies":"Reptomancer","floor":40.0,"turns":8.0},{"damage":20.0,"enemies":"Nemesis","floor":42.0,"turns":9.0},{"damage":5.0,"enemies":"Maw","floor":46.0,"turns":7.0},{"damage":0.0,"enemies":"4 Shapes","floor":47.0,"turns":3.0},{"damage":0.0,"enemies":"Spire Growth","floor":48.0,"turns":5.0},{"damage":47,"enemies":"Awakened One","floor":50,"turns":16},{"damage":0,"enemies":"Shield and Spear","floor":54,"turns":6},{"damage":73,"enemies":"The Heart","floor":55,"turns":9}],"seed_played":"-3099440548752098774","potions_obtained":[{"floor":4.0,"key":"GhostInAJar"},{"floor":5.0,"key":"FearPotion"},{"floor":12.0,"key":"SkillPotion"},{"floor":16.0,"key":"Strength Potion"},{"floor":19.0,"key":"SpeedPotion"},{"floor":28.0,"key":"Dexterity Potion"},{"floor":29.0,"key":"Energy Potion"},{"floor":33.0,"key":"Energy Potion"}],"is_trial":false,"path_per_floor":["M","?","M","T","?","M","?","?","T","M"],"character_chosen":"THE_SILENT","items_purchased":["Caltrops","TwistedFunnel","Master of Strategy","Snake Skull","Malaise","Thinking Ahead","Whetstone","Toolbox"],"campfire_rested":2,"item_purchase_floors":[3,21,21,53,53,53,53,53],"current_hp_per_floor":[69,69,69,69,69,69,66,66,66,66,45,38,38,29,29,13,70,34,23,23,23,70,70,47,47,47,38,10,7,7,7,28,13,70,63,63,63,63,63,54,54,34,34,34,34,29,29,29,50,3,70,70,70,70,0],"gold":217,"neow_bonus":"ONE_RANDOM_RARE_CARD","is_prod":false,"is_daily":false,"chose_seed":false,"campfire_upgraded":8,"win_rate":0,"timestamp":1560951699,"path_taken":["M","M","$","M","M","R","M","R","T","R","E","M","R","E","R","BOSS","M","M","?","$","?","R","E","R","T","M","E","?","?","M","R","BOSS","M","?","?","M","?","E","R","E","T","?","?","M","?","M","R","BOSS","R","$","E","BOSS"],"build_version":"2019-01-23","purchased_purges":3,"victory":false,"max_hp_per_floor":[70,70,70,70,70,70,70,70,70,70,70,70,70,70,70,70,70,70,70,70,70,70,70,70,70,70,70,70,70,70,70,70,70,70,70,70,70,70,70,70,70,70,70,70,70,70,70,70,70,70,70,70,70,70,70],"card_choices":[{"not_picked":["Flying Knee","Deadly Poison"],"picked":"Blade Dance","floor":1.0},{"not_picked":["Heel Hook","Flying Knee"],"picked":"Sucker Punch","floor":2.0},{"not_picked":["Sucker Punch","Outmaneuver"],"picked":"Night Terror","floor":4.0},{"not_picked":["Acrobatics","Reflex"],"picked":"Deflect","floor":5.0},{"not_picked":["Flying Knee","Acrobatics"],"picked":"Deadly Poison","floor":7.0},{"not_picked":["Underhanded Strike","Dagger Spray"],"picked":"Cloak And Dagger","floor":11.0},{"not_picked":["Concentrate","Dagger Spray"],"picked":"Noxious Fumes","floor":12.0},{"not_picked":["Tools of the Trade","Terror"],"picked":"Noxious Fumes","floor":14.0},{"not_picked":["Adrenaline","Tools of the Trade"],"picked":"Wraith Form v2","floor":16.0},{"not_picked":["Setup+1","Deadly Poison"],"picked":"Backflip","floor":18.0},{"not_picked":["Dodge and Roll","Caltrops"],"picked":"Dash","floor":19.0},{"not_picked":["Sucker Punch","Cloak And Dagger"],"picked":"Backflip+1","floor":20.0},{"not_picked":["Quick Slash+1","Acrobatics"],"picked":"Cloak And Dagger","floor":24.0},{"not_picked":["Cloak And Dagger","Underhanded Strike"],"picked":"Infinite Blades","floor":27.0},{"not_picked":["Slice","Cloak And Dagger"],"picked":"Dagger Spray","floor":28.0},{"not_picked":["Cloak And Dagger","Skewer"],"picked":"Dagger Spray+1","floor":29.0},{"not_picked":["Bane+1","Tools of the Trade"],"picked":"Footwork","floor":31.0},{"not_picked":["Phantasmal Killer","Burst"],"picked":"Adrenaline","floor":33.0},{"not_picked":["Poisoned Stab+1","Dagger Throw+1"],"picked":"Dodge and Roll+1","floor":35.0},{"not_picked":["Cloak And Dagger","Bane+1"],"picked":"Deflect+1","floor":37.0},{"not_picked":["Deflect","Bane"],"picked":"Blade Dance+1","floor":38.0},{"not_picked":["Underhanded Strike+1","Distraction"],"picked":"Noxious Fumes+1","floor":40.0},{"not_picked":["Leg Sweep+1","Tactician"],"picked":"Accuracy+1","floor":42.0},{"not_picked":["Predator+1","Blur"],"picked":"Cloak And Dagger+1","floor":46.0},{"not_picked":["Dodge and Roll+1","Poisoned Stab+1"],"picked":"Night Terror","floor":47.0},{"not_picked":["Cloak And Dagger","Riddle With Holes+1"],"picked":"Catalyst","floor":48.0},{"not_picked":["Well Laid Plans","Sucker Punch"],"picked":"Setup+1","floor":49.0},{"not_picked":["Prepared","Slice+1"],"picked":"Blade Dance+1","floor":54}],"player_experience":836024,"relics_obtained":[{"floor":9.0,"key":"Old Coin"},{"floor":11.0,"key":"Ninja Scroll"},{"floor":14.0,"key":"Nunchaku"},{"floor":24.0,"key":"Dodecahedron"},{"floor":26.0,"key":"Girya"},{"floor":28.0,"key":"Dream Catcher"},{"floor":30.0,"key":"MawBank"},{"floor":40.0,"key":"Smiling Mask"},{"floor":42.0,"key":"Pocketwatch"},{"floor":45.0,"key":"Letter Opener"},{"floor":54,"key":"Happy Flower"}],"event_choices":[{"cards_removed":["Dash"],"damage_healed":47.0,"max_hp_gain":0.0,"max_hp_loss":0.0,"gold_gain":0.0,"event_name":"Bonfire Elementals","player_choice":"Offered Uncommon","floor":22.0,"gold_loss":0.0,"damage_taken":0.0},{"damage_healed":0.0,"max_hp_gain":0.0,"max_hp_loss":0.0,"gold_gain":300.0,"event_name":"Wheel of Change","player_choice":"Gold","floor":36.0,"gold_loss":0.0,"damage_taken":0.0},{"cards_removed":["Dagger Spray"],"damage_healed":0.0,"max_hp_gain":0.0,"max_hp_loss":0.0,"gold_gain":0.0,"event_name":"Falling","player_choice":"Removed Attack","floor":39.0,"gold_loss":0.0,"damage_taken":0.0},{"damage_healed":0.0,"max_hp_gain":0.0,"max_hp_loss":0.0,"gold_gain":0.0,"event_name":"Tomb of Lord Red Mask","player_choice":"Ignored","floor":44.0,"gold_loss":0.0,"damage_taken":0.0}],"is_beta":false,"boss_relics":[{"not_picked":["Black Star","Eternal Feather"],"picked":"Runic Pyramid"},{"not_picked":["WristBlade","Ring of the Serpent"],"picked":"Sozu"}],"items_purged_floors":[3,21,53],"is_endless":false,"potions_floor_spawned":[4,5,12,16,19,20,28,29,33,37,40,48,54],"killed_by":"The Heart","ascension_level":1}