{"gold_per_floor":[368,22,22,22,39,39,66,141,223,223,253,267,267,285,285,387,387,403,502,502,80,80,80,98,123,159,204,227,267,279,325,337,449,461,483,595,617,432,446,446,479,496,496,530,150,184,201,201,201,201,201,201,58,84,84],"floor_reached":55,"playtime":2937,"items_purged":["Strike_R","Strike_R","Strike_R","Cleave"],"score":1036,"play_id":"a033a10a-21f0-495b-a981-ee419ec690ea","local_time":"20190701143510","is_ascension_mode":true,"campfire_choices":[{"data":"Bash","floor":6,"key":"SMITH"},{"data":"Whirlwind","floor":13,"key":"SMITH"},{"data":"Limit Break","floor":15,"key":"SMITH"},{"data":"Metallicize","floor":23,"key":"SMITH"},{"data":"Immolate","floor":30,"key":"SMITH"},{"data":"Heavy Blade","floor":32,"key":"SMITH"},{"floor":40,"key":"RECALL"},{"floor":49,"key":"REST"},{"floor":52,"key":"REST"}],"neow_cost":"PERCENT_DAMAGE","seed_source_timestamp":21505431686109,"circlet_count":0,"master_deck":["Defend_R+1","Defend_R","Defend_R","Defend_R+1","Bash+1","Shockwave","Metallicize+1","Pommel Strike","Whirlwind+1","Inflame+1","Limit Break+1","Immolate+1","Metallicize+1","Headbutt","Heavy Blade+1","Sword Boomerang","Immolate","Juggernaut+1","Shockwave","Dark Shackles","Madness","Madness"],"relics":["Burning Blood","Oddly Smooth Stone","Boot","Matryoshka","Frozen Egg 2","Busted Crown","Happy Flower","Dodecahedron","Mummified Hand","FaceOfCleric","MawBank","Regal Pillow","Blood Vial","Kunai","Darkstone Periapt","Smiling Mask","Fusion Hammer","PreservedInsect","Pear","War Paint","Bottled Tornado","Ancient Tea Set","Bag of Marbles","Pantograph"],"potions_floor_usage":[16,16,16,24,25,50,55],"damage_taken":[{"damage":0,"enemies":"Small Slimes","floor":1,"turns":4},{"damage":0,"enemies":"2 Louse","floor":5,"turns":5},{"damage":14,"enemies":"Gremlin Nob","floor":7,"turns":4},{"damage":27,"enemies":"3 Sentries","floor":11,"turns":8},{"damage":0,"enemies":"Cultist","floor":12,"turns":4},{"damage":0,"enemies":"2 Fungi Beasts","floor":14,"turns":3},{"damage":0,"enemies":"Slime Boss","floor":16,"turns":3},{"damage":3,"enemies":"Shell Parasite","floor":18,"turns":5},{"damage":0,"enemies":"Spheric Guardian","floor":24,"turns":4},{"damage":0,"enemies":"Gremlin Leader","floor":25,"turns":4},{"damage":19,"enemies":"Book of Stabbing","floor":27,"turns":4},{"damage":0,"enemies":"Centurion and Healer","floor":28,"turns":5},{"damage":17,"enemies":"Slavers","floor":29,"turns":2},{"damage":19,"enemies":"Gremlin Leader","floor":31,"turns":4},{"damage":21,"enemies":"Champ","floor":33,"turns":6},{"damage":0,"enemies":"3 Shapes","floor":35,"turns":2},{"damage":0,"enemies":"Orb Walker","floor":37,"turns":3},{"damage":14,"enemies":"Spire Growth","floor":39,"turns":3},{"damage":0,"enemies":"Giant Head","floor":41,"turns":4},{"damage":35,"enemies":"4 Shapes","floor":42,"turns":4},{"damage":18,"enemies":"Nemesis","floor":44,"turns":3},{"damage":0,"enemies":"Reptomancer","floor":46,"turns":2},{"damage":0,"enemies":"Transient","floor":47,"turns":5},{"damage":23,"enemies":"Time Eater","floor":50,"turns":7},{"damage":26,"enemies":"Shield and Spear","floor":54,"turns":4},{"damage":110,"enemies":"The Heart","floor":55,"turns":5}],"seed_played":"-3173876913905539580","potions_obtained":[{"floor":5,"key":"AttackPotion"},{"floor":11,"key":"SteroidPotion"},{"floor":12,"key":"AttackPotion"},{"floor":18,"key":"Block Potion"},{"floor":24,"key":"Block Potion"},{"floor":28,"key":"FearPotion"},{"floor":35,"key":"SpeedPotion"},{"floor":37,"key":"Swift Potion"}],"is_trial":false,"path_per_floor":["?","?","M","?","?","?","T","?","?","$","M","?"],"character_chosen":"IRONCLAD","items_purchased":["Oddly Smooth Stone","Metallicize","Pommel Strike","Mummified Hand","Metallicize+1","PreservedInsect","Bottled Tornado","Dark Shackles","Bag of Marbles"],"campfire_rested":2,"item_purchase_floors":[2,2,2,21,21,38,45,45,53],"current_hp_per_floor":[62,62,62,62,68,68,60,49,49,42,21,27,27,33,33,39,80,80,80,80,80,80,80,81,82,82,70,79,71,71,61,61,49,87,88,88,89,89,82,82,101,73,73,64,64,73,82,69,105,89,106,106,106,87,0],"gold":84,"neow_bonus":"TWO_FIFTY_GOLD","is_prod":false,"is_daily":false,"chose_seed":false,"campfire_upgraded":6,"win_rate":0,"timestamp":1561984510,"path_taken":["M","$","?","?","?","R","E","?","T","?","E","M","R","M","R","BOSS","M","?","?","$","?","R","M","E","T","E","M","E","R","E","R","BOSS","M","?","M","?","M","R","E","M","T","E","$","E","?","?","R","BOSS","R","$","E","BOSS"],"build_version":"2019-01-23","purchased_purges":4,"victory":false,"max_hp_per_floor":[80,80,80,80,80,80,80,80,80,80,80,80,80,80,80,80,80,80,80,80,80,80,80,81,82,82,83,84,85,85,86,86,87,87,88,88,89,89,90,90,101,102,102,103,103,104,105,105,105,106,106,106,106,107,107],"card_choices":[{"not_picked":["True Grit","Disarm"],"picked":"Shockwave","floor":1},{"not_picked":["Infernal Blade","Carnage"],"picked":"Cleave","floor":5},{"not_picked":["Entrench","True Grit"],"picked":"Whirlwind","floor":7},{"not_picked":["Thunderclap","Flame Barrier"],"picked":"Inflame","floor":11},{"not_picked":["Twin Strike","Sever Soul","Ghostly Armor"],"picked":"SKIP","floor":12},{"not_picked":["Body Slam","Uppercut"],"picked":"Limit Break","floor":14},{"not_picked":["Dark Embrace+1","Reaper"],"picked":"Immolate","floor":16},{"not_picked":["Clash+1"],"picked":"SKIP","floor":18},{"not_picked":[],"picked":"Headbutt","floor":24},{"not_picked":[],"picked":"Heavy Blade","floor":25},{"not_picked":[],"picked":"Sword Boomerang","floor":27},{"not_picked":["Armaments+1"],"picked":"SKIP","floor":28},{"not_picked":[],"picked":"Immolate","floor":29},{"not_picked":["Twin Strike"],"picked":"SKIP","floor":31},{"not_picked":[],"picked":"Juggernaut+1","floor":33},{"not_picked":["Perfected Strike+1"],"picked":"SKIP","floor":35},{"not_picked":["Rampage"],"picked":"SKIP","floor":37},{"not_picked":[],"picked":"Shockwave","floor":39},{"not_picked":["Blood for Blood"],"picked":"SKIP","floor":41},{"not_picked":["Clash"],"picked":"SKIP","floor":42},{"not_picked":["Iron Wave"],"picked":"SKIP","floor":44},{"not_picked":["Body Slam"],"picked":"SKIP","floor":46},{"not_picked":["Twin Strike"],"picked":"SKIP","floor":47},{"not_picked":["Cleave"],"picked":"SKIP","floor":54}],"player_experience":947820,"relics_obtained":[{"floor":7,"key":"Boot"},{"floor":9,"key":"Matryoshka"},{"floor":11,"key":"Frozen Egg 2"},{"floor":20,"key":"Happy Flower"},{"floor":20,"key":"Dodecahedron"},{"floor":25,"key":"MawBank"},{"floor":26,"key":"Regal Pillow"},{"floor":26,"key":"Blood Vial"},{"floor":27,"key":"Kunai"},{"floor":29,"key":"Darkstone Periapt"},{"floor":31,"key":"Smiling Mask"},{"floor":41,"key":"Pear"},{"floor":44,"key":"War Paint"},{"floor":46,"key":"Ancient Tea Set"},{"floor":54,"key":"Pantograph"}],"event_choices":[{"damage_healed":0,"gold_gain":0,"player_choice":"Ignored","damage_taken":0,"max_hp_gain":0,"max_hp_loss":0,"event_name":"Liars Game","floor":3,"gold_loss":0},{"cards_removed":["Strike_R"],"damage_healed":0,"gold_gain":0,"player_choice":"Offered Basic","damage_taken":0,"max_hp_gain":0,"max_hp_loss":0,"event_name":"Bonfire Elementals","floor":4,"gold_loss":0},{"damage_healed":0,"gold_gain":75,"player_choice":"Gather Gold","damage_taken":11,"max_hp_gain":0,"max_hp_loss":0,"event_name":"World of Goop","floor":8,"gold_loss":0},{"cards_removed":["Strike_R"],"damage_healed":0,"gold_gain":0,"player_choice":"Card Removal","damage_taken":7,"max_hp_gain":0,"max_hp_loss":0,"event_name":"Golden Wing","floor":10,"gold_loss":0},{"damage_healed":0,"gold_gain":99,"player_choice":"Stole From Cult","damage_taken":0,"max_hp_gain":0,"max_hp_loss":0,"event_name":"Nest","floor":19,"gold_loss":0},{"damage_healed":0,"gold_gain":0,"player_choice":"Trade","damage_taken":0,"relics_obtained":["FaceOfCleric"],"max_hp_gain":0,"max_hp_loss":0,"event_name":"FaceTrader","floor":22,"gold_loss":0},{"damage_healed":0,"gold_gain":100,"player_choice":"Pray","damage_taken":0,"max_hp_gain":0,"max_hp_loss":0,"event_name":"Golden Shrine","floor":36,"gold_loss":0},{"damage_healed":0,"gold_gain":0,"player_choice":"Embrace Madness","damage_taken":13,"max_hp_gain":0,"max_hp_loss":0,"event_name":"Winding Halls","floor":48,"gold_loss":0,"cards_obtained":["Madness","Madness"]}],"is_beta":false,"boss_relics":[{"not_picked":["Black Blood","Sozu"],"picked":"Busted Crown"},{"not_picked":["Snecko Eye","Philosopher\u0027s Stone"],"picked":"Fusion Hammer"}],"items_purged_floors":[2,21,38,45],"is_endless":false,"potions_floor_spawned":[5,11,12,14,18,24,28,35,37],"killed_by":"The Heart","ascension_level":1}