{"gold_per_floor":[117,117,117,135,154,154,190,225,287,337,349,400,432,170,170,299,299,277,298,298,322,340,373,373,373,373,404,404,75,75,98,98,226,226,241,366,173,187,37,37,56,56,56,94,94,94,94,108,108,108,108,108,5,44,44],"floor_reached":56,"playtime":3554,"items_purged":["Strike_G","Strike_G+1","Strike_G+1","Strike_G+1"],"score":1411,"play_id":"7dee9730-ac36-4dc1-ac4e-ac8ec3b4c66c","local_time":"20190610112227","is_ascension_mode":true,"campfire_choices":[{"data":"Neutralize","floor":6.0,"key":"SMITH"},{"floor":11.0,"key":"REST"},{"data":"Noxious Fumes","floor":15.0,"key":"SMITH"},{"data":"Footwork","floor":24.0,"key":"SMITH"},{"data":"Backflip","floor":28.0,"key":"SMITH"},{"data":"Deadly Poison","floor":30.0,"key":"SMITH"},{"floor":32.0,"key":"REST"},{"data":"A Thousand Cuts","floor":40.0,"key":"SMITH"},{"floor":42.0,"key":"RECALL"},{"data":"Caltrops","floor":45.0,"key":"SMITH"},{"floor":49.0,"key":"REST"},{"data":"After Image","floor":52.0,"key":"SMITH"}],"neow_cost":"PERCENT_DAMAGE","seed_source_timestamp":0,"circlet_count":0,"master_deck":["Defend_G+1","Defend_G+1","Defend_G+1","Defend_G+1","Defend_G+1","Strike_G+1","Survivor+1","Neutralize+1","Well Laid Plans","Caltrops+1","Deadly Poison+1","Noxious Fumes+1","Backflip+1","Deadly Poison+1","Backflip+1","Poisoned Stab+1","Footwork+1","A Thousand Cuts+1","Crippling Poison+1","After Image+1","Dodge and Roll+1","Leg Sweep+1","Corpse Explosion+1","Corpse Explosion+1","Catalyst+1","Leg Sweep+1","Noxious Fumes+1","PiercingWail+1","PiercingWail+1","Deflect+1","Dodge and Roll+1","Deadly Poison+1"],"special_seed":0,"relics":["Ring of the Serpent","Pocketwatch","Golden Idol","Blue Candle","MawBank","Art of War","Toxic Egg 2","Bag of Marbles","Runic Pyramid","Whetstone","Frozen Egg 2","Boot","Incense Burner","Mummified Hand","Bird Faced Urn"],"potions_floor_usage":[55,55,55,55],"damage_taken":[{"damage":0.0,"enemies":"2 Louse","floor":1.0,"turns":2.0},{"damage":2.0,"enemies":"Jaw Worm","floor":4.0,"turns":4.0},{"damage":0.0,"enemies":"Cultist","floor":5.0,"turns":4.0},{"damage":7.0,"enemies":"Lagavulin","floor":7.0,"turns":9.0},{"damage":1.0,"enemies":"Exordium Wildlife","floor":8.0,"turns":6.0},{"damage":12.0,"enemies":"3 Sentries","floor":10.0,"turns":9.0},{"damage":0.0,"enemies":"Lagavulin","floor":12.0,"turns":5.0},{"damage":0.0,"enemies":"Red Slaver","floor":13.0,"turns":5.0},{"damage":0.0,"enemies":"Hexaghost","floor":16.0,"turns":8.0},{"damage":17.0,"enemies":"2 Thieves","floor":18.0,"turns":5.0},{"damage":0.0,"enemies":"Spheric Guardian","floor":19.0,"turns":5.0},{"damage":3.0,"enemies":"Centurion and Healer","floor":21.0,"turns":6.0},{"damage":5.0,"enemies":"Cultist and Chosen","floor":22.0,"turns":6.0},{"damage":11.0,"enemies":"Book of Stabbing","floor":23.0,"turns":7.0},{"damage":12.0,"enemies":"Slavers","floor":27.0,"turns":7.0},{"damage":0.0,"enemies":"Snecko","floor":31.0,"turns":5.0},{"damage":0.0,"enemies":"Champ","floor":33.0,"turns":13.0},{"damage":4.0,"enemies":"Orb Walker","floor":35.0,"turns":5.0},{"damage":2.0,"enemies":"Mind Bloom Boss Battle","floor":36.0,"turns":5.0},{"damage":4.0,"enemies":"3 Darklings","floor":38.0,"turns":5.0},{"damage":3.0,"enemies":"Spire Growth","floor":41.0,"turns":7.0},{"damage":9.0,"enemies":"Reptomancer","floor":44.0,"turns":7.0},{"damage":0.0,"enemies":"Maw","floor":48.0,"turns":5.0},{"damage":6.0,"enemies":"Awakened One","floor":50.0,"turns":17.0},{"damage":13,"enemies":"Shield and Spear","floor":54,"turns":5},{"damage":49,"enemies":"The Heart","floor":55,"turns":11}],"seed_played":"-2641704133775220244","potions_obtained":[{"floor":5.0,"key":"Block Potion"},{"floor":8.0,"key":"Energy Potion"},{"floor":10.0,"key":"Block Potion"},{"floor":13.0,"key":"SneckoOil"},{"floor":16.0,"key":"GhostInAJar"},{"floor":27.0,"key":"Fire Potion"},{"floor":33.0,"key":"Poison Potion"},{"floor":38.0,"key":"SkillPotion"},{"floor":44.0,"key":"Energy Potion"},{"floor":54,"key":"EntropicBrew"}],"is_trial":false,"path_per_floor":["?","?","?","?","M","?","?","?","M"],"character_chosen":"THE_SILENT","items_purchased":["Poisoned Stab","Footwork","GhostInAJar","Corpse Explosion+1","GhostInAJar","Noxious Fumes+1","Deflect+1","Dodge and Roll+1"],"campfire_rested":3,"item_purchase_floors":[14,14,14,29,29,37,53,53],"current_hp_per_floor":[49,49,31,29,29,29,22,21,21,9,28,28,28,28,28,28,65,48,48,48,45,40,29,29,29,29,17,17,17,17,17,36,36,65,61,59,59,55,55,55,52,52,52,43,43,43,43,43,61,55,62,62,62,49,14],"gold":44,"neow_bonus":"ONE_RARE_RELIC","is_prod":false,"is_daily":false,"chose_seed":false,"campfire_upgraded":8,"win_rate":0,"timestamp":1560158547,"path_taken":["M","?","?","M","M","R","E","M","T","E","R","E","M","$","R","BOSS","M","M","?","M","M","E","R","?","T","E","R","$","R","?","R","BOSS","M","?","$","M","$","R","M","R","T","E","R","?","?","?","R","BOSS","R","$","E","BOSS"],"build_version":"2019-01-23","purchased_purges":4,"victory":true,"max_hp_per_floor":[70,65,65,65,65,65,65,65,65,65,65,65,65,65,65,65,65,65,65,65,65,65,65,65,65,65,65,65,65,65,65,65,65,65,65,65,65,65,65,65,65,65,65,65,65,62,62,62,62,62,62,62,62,62,62],"card_choices":[{"not_picked":["Cloak And Dagger","Distraction"],"picked":"Well Laid Plans","floor":1.0},{"not_picked":["Underhanded Strike","Expertise"],"picked":"Caltrops","floor":4.0},{"not_picked":["Flying Knee","Deflect"],"picked":"Deadly Poison","floor":5.0},{"not_picked":["Expertise","Flying Knee"],"picked":"Noxious Fumes","floor":7.0},{"not_picked":["Prepared","Blade Dance"],"picked":"Backflip","floor":8.0},{"not_picked":["Cloak And Dagger","Dagger Spray"],"picked":"Deadly Poison","floor":10.0},{"not_picked":["Escape Plan+1","Dagger Spray"],"picked":"Backflip+1","floor":12.0},{"not_picked":["Sucker Punch","Deflect+1","Dagger Throw"],"picked":"SKIP","floor":13.0},{"not_picked":["Venomology+1","Envenom"],"picked":"A Thousand Cuts","floor":16.0},{"not_picked":["All Out Attack","Dash+1"],"picked":"Crippling Poison+1","floor":18.0},{"not_picked":["Quick Slash","Blade Dance+1","Dagger Spray"],"picked":"SKIP","floor":19.0},{"not_picked":["Accuracy+1","Underhanded Strike","Blade Dance+1"],"picked":"SKIP","floor":21.0},{"not_picked":["Outmaneuver+1","Predator"],"picked":"After Image","floor":22.0},{"not_picked":["Outmaneuver+1","Deflect+1"],"picked":"Dodge and Roll+1","floor":23.0},{"not_picked":["PiercingWail+1","Dodge and Roll+1"],"picked":"Leg Sweep+1","floor":27.0},{"not_picked":["Acrobatics+1","Quick Slash","Underhanded Strike+1"],"picked":"SKIP","floor":31.0},{"not_picked":["Grand Finale","Tools of the Trade+1"],"picked":"Corpse Explosion+1","floor":33.0},{"not_picked":["Crippling Poison+1","Prepared+1"],"picked":"Catalyst+1","floor":35.0},{"not_picked":["Caltrops+1","Masterful Stab+1"],"picked":"Leg Sweep+1","floor":36.0},{"not_picked":["Eviscerate+1","Flying Knee+1","Bane"],"picked":"SKIP","floor":38.0},{"not_picked":["Escape Plan+1","Dash"],"picked":"PiercingWail+1","floor":41.0},{"not_picked":["Flechettes+1","Endless Agony+1","Skewer+1"],"picked":"SKIP","floor":44.0},{"not_picked":["Backflip+1","Sucker Punch+1"],"picked":"PiercingWail+1","floor":48.0},{"not_picked":["Well Laid Plans+1","Choke"],"picked":"Deadly Poison+1","floor":54}],"player_experience":810070,"relics_obtained":[{"floor":7.0,"key":"MawBank"},{"floor":9.0,"key":"Art of War"},{"floor":10.0,"key":"Toxic Egg 2"},{"floor":12.0,"key":"Bag of Marbles"},{"floor":23.0,"key":"Whetstone"},{"floor":26.0,"key":"Frozen Egg 2"},{"floor":27.0,"key":"Boot"},{"floor":36.0,"key":"Incense Burner"},{"floor":44.0,"key":"Mummified Hand"},{"floor":54,"key":"Bird Faced Urn"}],"event_choices":[{"damage_healed":0.0,"max_hp_gain":0.0,"max_hp_loss":5.0,"gold_gain":0.0,"event_name":"Golden Idol","player_choice":"Lose Max HP","floor":2.0,"gold_loss":0.0,"damage_taken":0.0,"relics_obtained":["Golden Idol"]},{"damage_healed":0.0,"max_hp_gain":0.0,"max_hp_loss":0.0,"gold_gain":0.0,"event_name":"Scrap Ooze","player_choice":"Success","floor":3.0,"gold_loss":0.0,"damage_taken":18.0,"relics_obtained":["Blue Candle"]},{"damage_healed":0.0,"max_hp_gain":0.0,"max_hp_loss":0.0,"gold_gain":0.0,"event_name":"Back to Basics","player_choice":"Simplicity","floor":20.0,"gold_loss":0.0,"damage_taken":0.0,"cards_upgraded":["Defend_G","Defend_G","Defend_G","Defend_G","Defend_G","Strike_G","Strike_G","Strike_G","Strike_G"]},{"damage_healed":0.0,"max_hp_gain":0.0,"max_hp_loss":0.0,"gold_gain":0.0,"event_name":"Cursed Tome","player_choice":"Ignored","floor":25.0,"gold_loss":0.0,"damage_taken":0.0},{"damage_healed":0.0,"max_hp_gain":0.0,"max_hp_loss":0.0,"gold_gain":0.0,"event_name":"MindBloom","player_choice":"Fight","floor":36.0,"gold_loss":0.0,"damage_taken":0.0},{"damage_healed":0.0,"max_hp_gain":0.0,"max_hp_loss":3.0,"gold_gain":0.0,"event_name":"Winding Halls","player_choice":"Max HP","floor":46.0,"gold_loss":0.0,"damage_taken":0.0},{"damage_healed":0.0,"max_hp_gain":0.0,"max_hp_loss":0.0,"gold_gain":0.0,"event_name":"Accursed Blacksmith","player_choice":"Forge","floor":47.0,"gold_loss":0.0,"damage_taken":0.0,"cards_upgraded":["Survivor"]}],"is_beta":false,"boss_relics":[{"not_picked":["Lizard Tail","Velvet Choker"],"picked":"Runic Pyramid"},{"not_picked":["Calling Bell","Orrery"],"picked":"Ring of the Serpent"}],"items_purged_floors":[14,29,37,39],"is_endless":false,"potions_floor_spawned":[5,8,10,13,16,18,27,33,38,44,54],"ascension_level":1}