{"gold_per_floor":[111,189,189,209,229,229,264,264,312,312,312,348,366,75,75,203,203,203,203,203,203,203,203,203,3,3,3,3,3,3,3,3,3,3,3,3,3,3,3,3,3,3,3,3,3,3,3,3,3,3],"floor_reached":51,"playtime":5789,"items_purged":["Strike_G","Strike_G"],"score":1044,"play_id":"b48a70e8-aaae-48b7-8432-741cfb9f0dc4","local_time":"20190419110625","is_ascension_mode":true,"campfire_choices":[{"data":"Neutralize","floor":6.0,"key":"SMITH"},{"data":"Dash","floor":8.0,"key":"SMITH"},{"data":"Crippling Poison","floor":10.0,"key":"SMITH"},{"floor":15.0,"key":"REST"},{"data":"Footwork","floor":24.0,"key":"SMITH"},{"floor":30.0,"key":"REST"},{"data":"Leg Sweep","floor":32.0,"key":"SMITH"},{"floor":41.0,"key":"REST"},{"data":"Burst","floor":49,"key":"SMITH"}],"neow_cost":"NONE","seed_source_timestamp":0,"circlet_count":0,"master_deck":["Defend_G","Defend_G","Defend_G","Defend_G","Defend_G","Survivor","Neutralize+1","Dash+1","Crippling Poison+1","Cloak And Dagger","Backstab","Quick Slash","Backflip","PiercingWail","Infinite Blades","Corpse Explosion","Leg Sweep+1","Tactician","Phantasmal Killer","Poisoned Stab+1","Footwork+1","Dodge and Roll+1","Catalyst+1","Bane+1","Prepared+1","Dramatic Entrance","Deadly Poison+1","Burst+1","Calculated Gamble","Heel Hook+1","Accuracy+1","Noxious Fumes+1","Noxious Fumes+1","Backflip","Heel Hook+1"],"special_seed":0,"relics":["Ring of the Snake","Golden Idol","Regal Pillow","Blood Vial","Smiling Mask","Boot","Ectoplasm","Red Mask","Art of War","Strawberry","Darkstone Periapt","Blue Candle","Runic Pyramid","Bag of Preparation","Anchor","Unceasing Top","Tingsha"],"potions_floor_usage":[50,50,50],"damage_taken":[{"damage":13.0,"enemies":"Jaw Worm","floor":1.0,"turns":5.0},{"damage":0.0,"enemies":"2 Louse","floor":4.0,"turns":3.0},{"damage":0.0,"enemies":"Cultist","floor":5.0,"turns":4.0},{"damage":9.0,"enemies":"Lagavulin","floor":7.0,"turns":8.0},{"damage":9.0,"enemies":"Gremlin Nob","floor":12.0,"turns":4.0},{"damage":3.0,"enemies":"Blue Slaver","floor":13.0,"turns":2.0},{"damage":13.0,"enemies":"Slime Boss","floor":16.0,"turns":12.0},{"damage":0.0,"enemies":"Chosen","floor":18.0,"turns":5.0},{"damage":0.0,"enemies":"3 Byrds","floor":20.0,"turns":2.0},{"damage":8.0,"enemies":"Masked Bandits","floor":21.0,"turns":2.0},{"damage":5.0,"enemies":"Snake Plant","floor":22.0,"turns":4.0},{"damage":20.0,"enemies":"Slavers","floor":23.0,"turns":3.0},{"damage":6.0,"enemies":"Book of Stabbing","floor":27.0,"turns":6.0},{"damage":4.0,"enemies":"Cultist and Chosen","floor":28.0,"turns":5.0},{"damage":11.0,"enemies":"Centurion and Healer","floor":31.0,"turns":3.0},{"damage":11.0,"enemies":"Automaton","floor":33.0,"turns":8.0},{"damage":9.0,"enemies":"Orb Walker","floor":35.0,"turns":4.0},{"damage":17.0,"enemies":"3 Darklings","floor":36.0,"turns":3.0},{"damage":23.0,"enemies":"Maw","floor":37.0,"turns":6.0},{"damage":4.0,"enemies":"Giant Head","floor":40.0,"turns":6.0},{"damage":10.0,"enemies":"Spire Growth","floor":42.0,"turns":6.0},{"damage":0.0,"enemies":"Nemesis","floor":44.0,"turns":5.0},{"damage":10.0,"enemies":"Jaw Worm Horde","floor":46.0,"turns":4.0},{"damage":0,"enemies":"Mind Bloom Boss Battle","floor":47,"turns":4},{"damage":0,"enemies":"Sphere and 2 Shapes","floor":48,"turns":3},{"damage":46,"enemies":"Donu and Deca","floor":50,"turns":6}],"seed_played":"3975791501514089790","potions_obtained":[{"floor":0.0,"key":"EssenceOfSteel"},{"floor":0.0,"key":"Swift Potion"},{"floor":0.0,"key":"Poison Potion"},{"floor":12.0,"key":"LiquidBronze"},{"floor":13.0,"key":"FearPotion"},{"floor":20.0,"key":"Weak Potion"},{"floor":22.0,"key":"GamblersBrew"},{"floor":23.0,"key":"Strength Potion"},{"floor":27.0,"key":"Dexterity Potion"},{"floor":36.0,"key":"LiquidBronze"},{"floor":40.0,"key":"Regen Potion"},{"floor":44.0,"key":"PowerPotion"},{"floor":47,"key":"SteroidPotion"}],"is_trial":false,"path_per_floor":["?","?","?","M","?","?","$","?","?","?","M","?"],"character_chosen":"THE_SILENT","items_purchased":["PiercingWail","Boot","Infinite Blades","Strawberry"],"campfire_rested":3,"item_purchase_floors":[14,14,14,25],"current_hp_per_floor":[50,50,50,50,50,50,41,41,41,41,41,34,33,33,65,52,62,64,64,65,57,54,36,36,43,43,39,37,23,59,50,50,41,64,57,42,21,21,21,19,55,47,47,49,49,41,43,45,45,16],"gold":3,"neow_bonus":"THREE_SMALL_POTIONS","is_prod":false,"is_daily":false,"chose_seed":false,"campfire_upgraded":6,"win_rate":0,"timestamp":1555664785,"path_taken":["M","?","?","M","M","R","E","R","T","R","?","E","?","$","R","BOSS","M","?","M","?","M","E","R","?","T","E","M","?","R","M","R","BOSS","M","M","M","?","$","E","R","M","T","E","?","?","?","M","R","BOSS"],"build_version":"2019-01-23","purchased_purges":2,"victory":true,"max_hp_per_floor":[70,70,65,65,65,65,65,65,65,65,65,65,65,65,65,65,65,65,65,65,65,65,65,65,72,72,72,72,72,72,72,72,72,72,72,72,72,72,72,72,72,72,72,72,72,72,72,72,72,72],"card_choices":[{"not_picked":["Backstab","Cloak And Dagger"],"picked":"Dash","floor":1.0},{"not_picked":["Phantasmal Killer","Dodge and Roll"],"picked":"Crippling Poison","floor":4.0},{"not_picked":["Quick Slash","Blur"],"picked":"Cloak And Dagger","floor":5.0},{"not_picked":["Poisoned Stab","Bane"],"picked":"Backstab","floor":7.0},{"not_picked":["Tactician","Concentrate"],"picked":"Quick Slash","floor":12.0},{"not_picked":["Blur","Acrobatics"],"picked":"Backflip","floor":13.0},{"not_picked":["Wraith Form v2","Malaise"],"picked":"Corpse Explosion","floor":16.0},{"not_picked":["Endless Agony+1","Backflip"],"picked":"Leg Sweep","floor":18.0},{"not_picked":["Acrobatics","Cloak And Dagger"],"picked":"Poisoned Stab+1","floor":20.0},{"not_picked":["Outmaneuver","Slice"],"picked":"Footwork","floor":21.0},{"not_picked":["Calculated Gamble+1","PiercingWail"],"picked":"Dodge and Roll+1","floor":22.0},{"not_picked":["Phantasmal Killer","Heel Hook"],"picked":"Catalyst+1","floor":23.0},{"not_picked":["Blade Dance","Underhanded Strike+1"],"picked":"Bane+1","floor":27.0},{"not_picked":["Sucker Punch","Bane+1"],"picked":"Prepared+1","floor":28.0},{"not_picked":["Outmaneuver","Dagger Throw"],"picked":"Deadly Poison+1","floor":31.0},{"not_picked":["Die Die Die","Tools of the Trade"],"picked":"Burst","floor":33.0},{"not_picked":["Blade Dance+1","Bane+1"],"picked":"Calculated Gamble","floor":35.0},{"not_picked":["Deadly Poison","Prepared+1"],"picked":"Heel Hook+1","floor":36.0},{"not_picked":["Reflex","Riddle With Holes+1"],"picked":"Accuracy+1","floor":37.0},{"not_picked":["Underhanded Strike+1","Eviscerate"],"picked":"Noxious Fumes+1","floor":40.0},{"not_picked":["Predator+1","Quick Slash+1"],"picked":"Noxious Fumes+1","floor":42.0},{"not_picked":["Acrobatics","Blade Dance"],"picked":"Backflip","floor":44.0},{"not_picked":["Riddle With Holes+1","Well Laid Plans"],"picked":"Heel Hook+1","floor":46},{"not_picked":["Underhanded Strike+1","Tools of the Trade","Backflip"],"picked":"SKIP","floor":48}],"player_experience":487331,"relics_obtained":[{"floor":7.0,"key":"Regal Pillow"},{"floor":9.0,"key":"Blood Vial"},{"floor":12.0,"key":"Smiling Mask"},{"floor":21.0,"key":"Red Mask"},{"floor":23.0,"key":"Art of War"},{"floor":26.0,"key":"Darkstone Periapt"},{"floor":27.0,"key":"Blue Candle"},{"floor":40.0,"key":"Bag of Preparation"},{"floor":43.0,"key":"Anchor"},{"floor":44.0,"key":"Unceasing Top"},{"floor":47,"key":"Tingsha"}],"event_choices":[{"damage_healed":0.0,"max_hp_gain":0.0,"max_hp_loss":0.0,"gold_gain":78.0,"event_name":"Golden Wing","player_choice":"Gained Gold","floor":2.0,"gold_loss":0.0,"damage_taken":0.0},{"damage_healed":0.0,"max_hp_gain":0.0,"max_hp_loss":5.0,"gold_gain":0.0,"event_name":"Golden Idol","player_choice":"Lose Max HP","floor":3.0,"gold_loss":0.0,"damage_taken":0.0,"relics_obtained":["Golden Idol"]},{"damage_healed":0.0,"max_hp_gain":0.0,"max_hp_loss":0.0,"gold_gain":0.0,"cards_transformed":["Strike_G"],"event_name":"Transmorgrifier","player_choice":"Transformed","floor":11.0,"gold_loss":0.0,"damage_taken":0.0,"cards_obtained":["Doppelganger"]},{"damage_healed":0.0,"max_hp_gain":0.0,"max_hp_loss":0.0,"gold_gain":0.0,"cards_transformed":["Strike_G","Strike_G"],"event_name":"Drug Dealer","player_choice":"Became Test Subject","floor":19.0,"gold_loss":0.0,"damage_taken":0.0,"cards_obtained":["Tactician","Phantasmal Killer"]},{"damage_healed":0.0,"max_hp_gain":0.0,"max_hp_loss":0.0,"gold_gain":0.0,"event_name":"Masked Bandits","player_choice":"Fought Bandits","floor":21.0,"gold_loss":0.0,"damage_taken":0.0},{"damage_healed":0.0,"max_hp_gain":0.0,"max_hp_loss":0.0,"gold_gain":0.0,"event_name":"Knowing Skull","player_choice":"CARD ","floor":29.0,"potions_obtained":[],"gold_loss":0.0,"damage_taken":14.0,"cards_obtained":["Dramatic Entrance"]},{"damage_healed":0.0,"max_hp_gain":0.0,"max_hp_loss":0.0,"gold_gain":0.0,"event_name":"Mysterious Sphere","player_choice":"Ignored","floor":38.0,"gold_loss":0.0,"damage_taken":0.0},{"cards_removed":["Doppelganger"],"damage_healed":0.0,"max_hp_gain":0.0,"max_hp_loss":0.0,"gold_gain":0.0,"event_name":"Purifier","player_choice":"Purged","floor":45.0,"gold_loss":0.0,"damage_taken":0.0},{"damage_healed":0,"gold_gain":0,"player_choice":"Fight","damage_taken":0,"max_hp_gain":0,"max_hp_loss":0,"event_name":"MindBloom","floor":47,"gold_loss":0}],"is_beta":false,"boss_relics":[{"not_picked":["Ring of the Serpent","Coffee Dripper"],"picked":"Ectoplasm"},{"not_picked":["HoveringKite","Tiny House"],"picked":"Runic Pyramid"}],"items_purged_floors":[14,25],"is_endless":false,"potions_floor_spawned":[5,12,13,20,22,23,27,36,40,44,47,48],"ascension_level":7}