{"gold_per_floor":[109,123,46,62,12,42,42,75,100,117,117,131,131,131,131,230,230,248,261,64,80,80,80,80,93,176,101,128,128,138,150,150,150],"floor_reached":33,"playtime":1622,"items_purged":["Pain"],"score":277,"play_id":"282e0009-1a19-434b-ac26-ffa18fa525e5","local_time":"20190723034844","is_ascension_mode":false,"campfire_choices":[{"data":"Noxious Fumes","floor":7,"key":"SMITH"},{"floor":13,"key":"REST"},{"floor":15,"key":"REST"},{"floor":23,"key":"REST"},{"floor":29,"key":"REST"},{"floor":32,"key":"REST"}],"neow_cost":"NONE","seed_source_timestamp":6608112577151,"circlet_count":0,"master_deck":["Strike_G","Strike_G","Strike_G","Strike_G","Defend_G","Defend_G","Defend_G","Defend_G","Defend_G","Survivor","Neutralize","Crippling Poison+1","Deflect+1","Backflip","Noxious Fumes+1","Bane","Bouncing Flask","Dagger Spray","After Image","Envenom","Bane","Mayhem","Shame","Escape Plan","Cloak And Dagger+1"],"relics":["Ring of the Snake","PreservedInsect","Blood Vial","Juzu Bracelet","WarpedTongs","Lizard Tail","Pear","Tiny Chest","The Courier"],"potions_floor_usage":[6,10,12,12,25,33],"damage_taken":[{"damage":5,"enemies":"2 Louse","floor":1,"turns":2},{"damage":7,"enemies":"Jaw Worm","floor":2,"turns":4},{"damage":0,"enemies":"Cultist","floor":4,"turns":4},{"damage":16,"enemies":"Lagavulin","floor":6,"turns":7},{"damage":8,"enemies":"3 Sentries","floor":8,"turns":6},{"damage":12,"enemies":"Large Slime","floor":10,"turns":4},{"damage":9,"enemies":"Exordium Wildlife","floor":12,"turns":5},{"damage":34,"enemies":"Hexaghost","floor":16,"turns":9},{"damage":16,"enemies":"2 Thieves","floor":18,"turns":4},{"damage":14,"enemies":"3 Byrds","floor":19,"turns":4},{"damage":41,"enemies":"3 Cultists","floor":21,"turns":6},{"damage":26,"enemies":"Snake Plant","floor":25,"turns":5},{"damage":47,"enemies":"Book of Stabbing","floor":28,"turns":5},{"damage":14,"enemies":"Centurion and Healer","floor":30,"turns":6},{"damage":18,"enemies":"Chosen and Byrds","floor":31,"turns":7},{"damage":63,"enemies":"Collector","floor":33,"turns":7}],"seed_played":"8874493164298666126","potions_obtained":[{"floor":2,"key":"Poison Potion"},{"floor":6,"key":"GhostInAJar"},{"floor":8,"key":"Swift Potion"},{"floor":10,"key":"Energy Potion"},{"floor":21,"key":"FearPotion"},{"floor":28,"key":"SteroidPotion"},{"floor":30,"key":"Energy Potion"}],"is_trial":false,"path_per_floor":["M","M","$","M","?","E","R","E","T","M","?","M","R","?","R","B",null,"M","M","$","M","$","R","?","M","T","$","E","R","M","M","R","B"],"character_chosen":"THE_SILENT","items_purchased":["Noxious Fumes","Mayhem"],"campfire_rested":5,"item_purchase_floors":[3,20],"current_hp_per_floor":[65,58,58,58,58,42,42,34,34,24,10,3,24,24,45,13,70,54,42,42,3,3,24,34,10,10,10,17,41,29,13,37,0],"gold":150,"neow_bonus":"THREE_CARDS","is_prod":false,"is_daily":false,"chose_seed":false,"campfire_upgraded":1,"win_rate":0,"timestamp":1563878924,"path_taken":["M","M","$","M","?","E","R","E","T","M","?","M","R","?","R","BOSS","M","M","$","M","?","R","?","M","T","$","E","R","M","M","R","BOSS"],"build_version":"2019-07-18","purchased_purges":1,"victory":false,"max_hp_per_floor":[70,70,70,70,70,70,70,70,70,70,70,70,70,70,70,70,70,70,70,70,70,70,70,80,80,80,80,80,80,80,80,80,80],"card_choices":[{"not_picked":["Deflect","Distraction"],"picked":"Crippling Poison","floor":0},{"not_picked":["Prepared","Choke"],"picked":"Deflect","floor":1},{"not_picked":["Distraction","Quick Slash"],"picked":"Backflip","floor":2},{"not_picked":["Poisoned Stab","Underhanded Strike"],"picked":"Bane","floor":4},{"not_picked":["Flying Knee","Expertise","Slice"],"picked":"SKIP","floor":6},{"not_picked":["Tools of the Trade","Terror"],"picked":"Bouncing Flask","floor":8},{"not_picked":["Eviscerate","Sucker Punch"],"picked":"Dagger Spray","floor":10},{"not_picked":["Underhanded Strike","Tactician"],"picked":"After Image","floor":12},{"not_picked":["Bullet Time","After Image"],"picked":"Envenom","floor":16},{"not_picked":["Backflip","Dash"],"picked":"Bane","floor":18},{"not_picked":["Acrobatics+1","Deadly Poison","Backflip"],"picked":"SKIP","floor":19},{"not_picked":["Prepared","Underhanded Strike","Bane"],"picked":"SKIP","floor":21},{"not_picked":["Acrobatics","Flying Knee","Slice"],"picked":"SKIP","floor":25},{"not_picked":["Deadly Poison+1","Cloak And Dagger"],"picked":"Escape Plan","floor":28},{"not_picked":["Deadly Poison+1","Dash+1","Riddle With Holes+1"],"picked":"SKIP","floor":30},{"not_picked":["Leg Sweep+1","Poisoned Stab+1"],"picked":"Cloak And Dagger+1","floor":31}],"player_experience":1189350,"relics_obtained":[{"floor":6,"key":"PreservedInsect"},{"floor":8,"key":"Blood Vial"},{"floor":9,"key":"Juzu Bracelet"},{"floor":26,"key":"Tiny Chest"},{"floor":28,"key":"The Courier"}],"event_choices":[{"cards_removed":["Strike_G"],"damage_healed":0,"gold_gain":0,"player_choice":"Card Removal","damage_taken":0,"max_hp_gain":0,"max_hp_loss":0,"event_name":"The Cleric","floor":5,"gold_loss":50},{"damage_healed":0,"gold_gain":0,"player_choice":"Entered Light","damage_taken":14,"max_hp_gain":0,"max_hp_loss":0,"event_name":"Shining Light","floor":11,"gold_loss":0,"cards_upgraded":["Deflect","Crippling Poison"]},{"damage_healed":0,"gold_gain":0,"player_choice":"Rummage","damage_taken":0,"relics_obtained":["WarpedTongs"],"max_hp_gain":0,"max_hp_loss":0,"event_name":"Accursed Blacksmith","floor":14,"gold_loss":0,"cards_obtained":["Pain"]},{"damage_healed":0,"gold_gain":0,"player_choice":"Stole Relic","damage_taken":0,"relics_obtained":["Pear"],"max_hp_gain":0,"max_hp_loss":0,"event_name":"Addict","floor":24,"gold_loss":0,"cards_obtained":["Shame"]}],"is_beta":true,"boss_relics":[{"not_picked":["Tiny House","Ectoplasm"],"picked":"Lizard Tail"}],"items_purged_floors":[27],"is_endless":false,"potions_floor_spawned":[2,6,8,10,21,28,30],"killed_by":"Collector","ascension_level":0}