{"gold_per_floor":[111,125,75,87,97,97,128,143,194,194,205,237,237,202,202,304,304,317,317,331,331,345,345,370,370,370,387,387,387,405,436,436,535,585,601,656,656,671,184,213,213,226,294,294,314,314,202,216,216,216],"floor_reached":51,"playtime":3214,"items_purged":["Strike_B"],"score":786,"play_id":"54d0b215-eda6-410b-a2e5-acf0fe11bbca","local_time":"20190327085440","is_ascension_mode":true,"campfire_choices":[{"data":"Sweeping Beam","floor":6.0,"key":"SMITH"},{"floor":15.0,"key":"REST"},{"floor":23.0,"key":"REST"},{"data":"Dualcast","floor":25.0,"key":"SMITH"},{"data":"Zap","floor":28.0,"key":"SMITH"},{"floor":32.0,"key":"REST"},{"floor":41,"key":"REST"},{"floor":44,"key":"REST"},{"data":"Defragment","floor":46,"key":"SMITH"},{"data":"Loop","floor":49,"key":"SMITH"}],"neow_cost":"NONE","seed_source_timestamp":0,"circlet_count":0,"master_deck":["Strike_B","Defend_B","Defend_B","Defend_B+1","Defend_B","Zap+1","Dualcast+1","Sweeping Beam+1","Buffer+1","Doom and Gloom","Gash","Turbo","Chill","Self Repair","Ball Lightning","Defragment+1","Electrodynamics","Genetic Algorithm+1","Static Discharge+1","Heatsinks+1","Gash","Genetic Algorithm+1","Hologram+1","Multi-Cast","Loop+1","Core Surge","All For One","Chill+1","Cold Snap+1","The Bomb","Glacier","Capacitor","Redo+1","Cold Snap+1","Go for the Eyes+1"],"special_seed":0,"relics":["Cracked Core","Prayer Wheel","Regal Pillow","Pantograph","Nuclear Battery","Centennial Puzzle","Pear","Blood Vial","Tiny House","Nunchaku","Bottled Tornado","Incense Burner","The Courier","Smiling Mask"],"potions_floor_usage":[40,40,40,50],"damage_taken":[{"damage":1.0,"enemies":"2 Louse","floor":1.0,"turns":2.0},{"damage":1.0,"enemies":"Jaw Worm","floor":2.0,"turns":3.0},{"damage":1.0,"enemies":"Cultist","floor":4.0,"turns":3.0},{"damage":12.0,"enemies":"Exordium Wildlife","floor":5.0,"turns":4.0},{"damage":9.0,"enemies":"3 Sentries","floor":7.0,"turns":2.0},{"damage":0.0,"enemies":"Looter","floor":8.0,"turns":3.0},{"damage":10.0,"enemies":"Large Slime","floor":11.0,"turns":7.0},{"damage":33.0,"enemies":"Gremlin Nob","floor":12.0,"turns":5.0},{"damage":30.0,"enemies":"The Guardian","floor":16.0,"turns":9.0},{"damage":16.0,"enemies":"Spheric Guardian","floor":18.0,"turns":5.0},{"damage":29.0,"enemies":"Colosseum Slavers","floor":19.0,"turns":4.0},{"damage":21.0,"enemies":"2 Thieves","floor":20.0,"turns":3.0},{"damage":8.0,"enemies":"3 Cultists","floor":22.0,"turns":4.0},{"damage":18.0,"enemies":"Gremlin Leader","floor":24.0,"turns":5.0},{"damage":10.0,"enemies":"Cultist and Chosen","floor":27.0,"turns":5.0},{"damage":5.0,"enemies":"Snake Plant","floor":30.0,"turns":3.0},{"damage":25.0,"enemies":"Slavers","floor":31.0,"turns":4.0},{"damage":36.0,"enemies":"Collector","floor":33.0,"turns":11.0},{"damage":20.0,"enemies":"Orb Walker","floor":35.0,"turns":3.0},{"damage":7.0,"enemies":"2 Orb Walkers","floor":36.0,"turns":4.0},{"damage":18.0,"enemies":"3 Shapes","floor":38.0,"turns":4.0},{"damage":54,"enemies":"Giant Head","floor":40,"turns":11},{"damage":30,"enemies":"Writhing Mass","floor":42,"turns":7},{"damage":0,"enemies":"Sphere and 2 Shapes","floor":45,"turns":6},{"damage":10,"enemies":"Transient","floor":48,"turns":5},{"damage":52,"enemies":"Donu and Deca","floor":50,"turns":11}],"seed_played":"6533410572376420203","potions_obtained":[{"floor":2.0,"key":"FocusPotion"},{"floor":5.0,"key":"PowerPotion"},{"floor":7.0,"key":"SkillPotion"},{"floor":8.0,"key":"Dexterity Potion"},{"floor":18.0,"key":"Weak Potion"},{"floor":24.0,"key":"FocusPotion"},{"floor":30.0,"key":"SneckoOil"},{"floor":31.0,"key":"Explosive Potion"},{"floor":34.0,"key":"SteroidPotion"},{"floor":38.0,"key":"AttackPotion"},{"floor":45,"key":"SkillPotion"}],"is_trial":false,"path_per_floor":["?","?","?","?","M","?","?","?","?"],"character_chosen":"DEFECT","items_purchased":["Defragment","Bottled Tornado","Capacitor","Poison Potion","Weak Potion"],"campfire_rested":5,"item_purchase_floors":[14,39,39,39,39],"current_hp_per_floor":[74,73,73,72,60,60,51,51,51,51,41,8,8,8,45,47,75,66,44,23,23,22,59,48,48,58,55,55,55,50,32,72,56,90,70,65,65,56,56,11,53,25,25,67,76,76,76,75,75,38],"gold":216,"neow_bonus":"REMOVE_CARD","is_prod":false,"is_daily":false,"chose_seed":false,"campfire_upgraded":5,"win_rate":0,"timestamp":1553673280,"path_taken":["M","M","?","M","M","R","E","M","T","$","M","E","?","$","R","BOSS","M","?","M","?","?","R","E","R","T","M","R","?","M","E","R","BOSS","M","?","?","M","$","E","R","M","T","R","M","R","?","M","R","BOSS"],"build_version":"2019-01-23","purchased_purges":1,"victory":true,"max_hp_per_floor":[75,75,75,75,75,75,75,75,75,75,75,75,75,75,75,75,75,75,75,75,75,75,75,75,75,85,85,85,85,85,85,85,85,90,90,90,90,90,90,90,90,90,90,90,90,90,90,90,90,90],"card_choices":[{"not_picked":["Stack","Auto Shields"],"picked":"Sweeping Beam","floor":1.0},{"not_picked":["Rebound","Steam","Hello World"],"picked":"SKIP","floor":2.0},{"not_picked":["Redo","Melter"],"picked":"Buffer","floor":4.0},{"not_picked":["Compile Driver","Beam Cell"],"picked":"Doom and Gloom","floor":5.0},{"not_picked":["Fusion","Reprogram"],"picked":"Gash","floor":7.0},{"not_picked":["Barrage","Rip and Tear"],"picked":"Turbo","floor":8.0},{"not_picked":["White Noise","Streamline"],"picked":"Chill","floor":8.0},{"not_picked":["Ball Lightning","FTL"],"picked":"Self Repair","floor":11.0},{"not_picked":["Storm","Turbo","Steam"],"picked":"SKIP","floor":11.0},{"not_picked":["Scrape","Reprogram"],"picked":"Ball Lightning","floor":12.0},{"not_picked":["Buffer","Meteor Strike"],"picked":"Electrodynamics","floor":16.0},{"not_picked":["Doom and Gloom","Leap+1"],"picked":"Genetic Algorithm+1","floor":18.0},{"not_picked":["Recycle","Barrage","Streamline"],"picked":"SKIP","floor":18.0},{"not_picked":["Redo","Double Energy"],"picked":"Static Discharge+1","floor":20.0},{"not_picked":["Sunder","Steam Power"],"picked":"Heatsinks+1","floor":20.0},{"not_picked":["Lockon","Rebound"],"picked":"Gash","floor":22.0},{"not_picked":["Turbo+1","Tempest"],"picked":"Genetic Algorithm+1","floor":22.0},{"not_picked":["Stack","Streamline","Lockon"],"picked":"SKIP","floor":24.0},{"not_picked":["Meteor Strike","Sweeping Beam"],"picked":"Hologram+1","floor":27.0},{"not_picked":["Stack","Turbo","Undo"],"picked":"SKIP","floor":27.0},{"not_picked":["Force Field","Redo"],"picked":"Multi-Cast","floor":30.0},{"not_picked":["Chill","Fusion","White Noise"],"picked":"SKIP","floor":30.0},{"not_picked":["Go for the Eyes","Barrage"],"picked":"Loop","floor":31.0},{"not_picked":["Thunder Strike","Hyperbeam"],"picked":"Core Surge","floor":33.0},{"not_picked":["Hologram+1","Recycle"],"picked":"All For One","floor":35.0},{"not_picked":["Barrage+1","Rebound"],"picked":"Chill+1","floor":35.0},{"not_picked":["Stack","Conserve Battery"],"picked":"Cold Snap+1","floor":36.0},{"not_picked":["Mayhem","Enlightenment"],"picked":"The Bomb","floor":37.0},{"not_picked":["Rebound","White Noise"],"picked":"Glacier","floor":38.0},{"not_picked":["Sweeping Beam+1","Chaos","Scrape"],"picked":"SKIP","floor":38.0},{"not_picked":["Steam+1","Sweeping Beam","Rip and Tear+1"],"picked":"SKIP","floor":40},{"not_picked":["Chill+1","Consume"],"picked":"Redo+1","floor":42},{"not_picked":["Conserve Battery","Streamline","Aggregate+1"],"picked":"SKIP","floor":42},{"not_picked":["Double Energy","Compile Driver"],"picked":"Cold Snap+1","floor":45},{"not_picked":["Turbo","Multi-Cast","Rebound+1"],"picked":"SKIP","floor":45},{"not_picked":["Fusion","Loop"],"picked":"Go for the Eyes+1","floor":48},{"not_picked":["Cold Snap","Hologram+1","Scrape"],"picked":"SKIP","floor":48}],"player_experience":277834,"relics_obtained":[{"floor":7.0,"key":"Prayer Wheel"},{"floor":9.0,"key":"Regal Pillow"},{"floor":12.0,"key":"Pantograph"},{"floor":24.0,"key":"Centennial Puzzle"},{"floor":26.0,"key":"Pear"},{"floor":31.0,"key":"Blood Vial"},{"floor":36.0,"key":"Nunchaku"},{"floor":40,"key":"Incense Burner"},{"floor":43,"key":"The Courier"}],"event_choices":[{"cards_removed":["Strike_B"],"damage_healed":0.0,"max_hp_gain":0.0,"max_hp_loss":0.0,"gold_gain":0.0,"event_name":"The Cleric","player_choice":"Card Removal","floor":3.0,"gold_loss":50.0,"damage_taken":0.0},{"damage_healed":0.0,"max_hp_gain":0.0,"max_hp_loss":0.0,"gold_gain":0.0,"event_name":"Shining Light","player_choice":"Ignored","floor":13.0,"gold_loss":0.0,"damage_taken":0.0},{"damage_healed":0.0,"max_hp_gain":0.0,"max_hp_loss":0.0,"gold_gain":0.0,"event_name":"Colosseum","player_choice":"Fight","floor":19.0,"gold_loss":0.0,"damage_taken":0.0},{"damage_healed":0.0,"max_hp_gain":0.0,"max_hp_loss":0.0,"gold_gain":0.0,"event_name":"Colosseum","player_choice":"Fled From Nobs","floor":19.0,"gold_loss":0.0,"damage_taken":0.0},{"damage_healed":0.0,"max_hp_gain":0.0,"max_hp_loss":0.0,"gold_gain":0.0,"event_name":"Accursed Blacksmith","player_choice":"Forge","floor":21.0,"gold_loss":0.0,"damage_taken":0.0,"cards_upgraded":["Buffer"]},{"damage_healed":0.0,"max_hp_gain":0.0,"max_hp_loss":0.0,"gold_gain":0.0,"event_name":"Vampires","player_choice":"Ignored","floor":29.0,"gold_loss":0.0,"damage_taken":0.0},{"damage_healed":0.0,"max_hp_gain":0.0,"max_hp_loss":0.0,"gold_gain":0.0,"event_name":"Mysterious Sphere","player_choice":"Fight","floor":36.0,"gold_loss":0.0,"damage_taken":0.0},{"damage_healed":0.0,"max_hp_gain":0.0,"max_hp_loss":0.0,"gold_gain":0.0,"event_name":"SensoryStone","player_choice":"Memory 1","floor":37.0,"gold_loss":0.0,"damage_taken":0.0},{"damage_healed":0,"gold_gain":0,"player_choice":"Paid Gold","damage_taken":0,"relics_obtained":["Smiling Mask"],"max_hp_gain":0,"max_hp_loss":0,"event_name":"WeMeetAgain","floor":47,"gold_loss":112}],"is_beta":false,"boss_relics":[{"not_picked":["Black Star","Coffee Dripper"],"picked":"Nuclear Battery"},{"not_picked":["Runic Pyramid","Calling Bell"],"picked":"Tiny House"}],"items_purged_floors":[39],"is_endless":false,"potions_floor_spawned":[2,5,7,8,11,18,24,30,31,38,45],"ascension_level":1}