{"gold_per_floor":[113,188,42,55,35,63,63,74,74,104,104,132,148,183,183,281,281,296,296,316,58,0,0,12,12,12,12,12,37,50,50,50,145,145,162,179,226,326,337,367,367,5,5,31,64,80,80,94,94,94],"floor_reached":51,"playtime":4093,"items_purged":["Strike_B","Strike_B"],"score":816,"play_id":"52b43db1-0fd5-4bb2-8883-d2e0c407b1cb","local_time":"20190318094707","is_ascension_mode":false,"campfire_choices":[{"data":"Zap","floor":7,"key":"SMITH"},{"data":"Defragment","floor":11,"key":"SMITH"},{"data":"Defragment","floor":15,"key":"SMITH"},{"data":"Mayhem","floor":23,"key":"SMITH"},{"data":"Coolheaded","floor":25,"key":"SMITH"},{"data":"Machine Learning","floor":32,"key":"SMITH"},{"data":"Amplify","floor":41,"key":"SMITH"},{"data":"Darkness","floor":47,"key":"SMITH"},{"data":"Storm","floor":49,"key":"SMITH"}],"neow_cost":"NONE","seed_source_timestamp":2386588154785,"circlet_count":0,"master_deck":["Strike_B","Strike_B","Defend_B","Defend_B","Defend_B","Defend_B","Zap+1","Dualcast","Conserve Battery","Glacier","Defragment+1","Chill","Self Repair","Cold Snap","Defragment+1","BootSequence","Meteor Strike","Machine Learning+1","Conserve Battery","Mayhem+1","Coolheaded+1","Heatsinks","Amplify+1","Redo+1","Coolheaded+1","Gash+1","Darkness+1","White Noise+1","Skim+1","Multi-Cast+1","Storm+1"],"relics":["Cracked Core","Omamori","Letter Opener","Ice Cream","Bottled Tornado","Sundial","Inserter","Pear","Mummified Hand","Lantern","FossilizedHelix","Turnip","Darkstone Periapt","Toxic Egg 2","Blue Candle","Anchor","Happy Flower"],"potions_floor_usage":[6,6,14,24,33,33,37,37,50,50,50],"damage_taken":[{"damage":3,"enemies":"2 Louse","floor":1,"turns":2},{"damage":0,"enemies":"Jaw Worm","floor":4,"turns":4},{"damage":13,"enemies":"Gremlin Nob","floor":6,"turns":4},{"damage":0,"enemies":"Cultist","floor":8,"turns":5},{"damage":4,"enemies":"3 Sentries","floor":12,"turns":7},{"damage":7,"enemies":"Large Slime","floor":13,"turns":8},{"damage":1,"enemies":"Lagavulin","floor":14,"turns":6},{"damage":9,"enemies":"The Guardian","floor":16,"turns":12},{"damage":0,"enemies":"Chosen","floor":18,"turns":5},{"damage":3,"enemies":"Spheric Guardian","floor":20,"turns":4},{"damage":0,"enemies":"3 Cultists","floor":24,"turns":7},{"damage":0,"enemies":"Book of Stabbing","floor":29,"turns":7},{"damage":6,"enemies":"Centurion and Healer","floor":30,"turns":4},{"damage":24,"enemies":"Collector","floor":33,"turns":12},{"damage":0,"enemies":"3 Darklings","floor":35,"turns":7},{"damage":5,"enemies":"3 Shapes","floor":36,"turns":5},{"damage":47,"enemies":"2 Orb Walkers","floor":37,"turns":7},{"damage":0,"enemies":"Mind Bloom Boss Battle","floor":38,"turns":9},{"damage":0,"enemies":"Writhing Mass","floor":39,"turns":8},{"damage":0,"enemies":"Giant Head","floor":40,"turns":10},{"damage":0,"enemies":"Nemesis","floor":45,"turns":7},{"damage":0,"enemies":"Jaw Worm Horde","floor":46,"turns":3},{"damage":0,"enemies":"Maw","floor":48,"turns":6},{"damage":0,"enemies":"Time Eater","floor":50,"turns":3}],"seed_played":"-2825359061536448471","potions_obtained":[{"floor":4,"key":"LiquidBronze"},{"floor":5,"key":"PowerPotion"},{"floor":6,"key":"Poison Potion"},{"floor":8,"key":"FearPotion"},{"floor":13,"key":"Regen Potion"},{"floor":20,"key":"SkillPotion"},{"floor":30,"key":"SkillPotion"},{"floor":35,"key":"LiquidBronze"},{"floor":38,"key":"PowerPotion"},{"floor":45,"key":"FocusPotion"},{"floor":46,"key":"AttackPotion"}],"is_trial":false,"path_per_floor":["?","?","M","?","?","?","?","?","?","?","T"],"character_chosen":"DEFECT","items_purchased":["Glacier","Defragment","Mayhem","Toxic Egg 2"],"campfire_rested":0,"item_purchase_floors":[3,3,21,42],"current_hp_per_floor":[72,61,61,61,61,48,48,55,55,55,55,58,58,64,64,62,75,75,75,72,72,72,72,75,75,85,85,85,85,85,85,85,68,85,85,85,62,69,76,83,83,83,83,83,85,85,85,85,85,85],"gold":94,"neow_bonus":"RANDOM_COMMON_RELIC","is_prod":false,"is_daily":false,"chose_seed":false,"campfire_upgraded":9,"win_rate":0.0,"timestamp":1552898827,"path_taken":["M","?","$","M","?","E","R","?","T","?","R","E","M","E","R","BOSS","M","?","M","$","?","R","M","R","T","$","?","E","M","?","R","BOSS","M","M","?","?","M","E","R","$","T","?","E","M","R","M","R","BOSS"],"build_version":"2019-01-23","purchased_purges":2,"victory":true,"max_hp_per_floor":[75,75,75,75,75,75,75,75,75,75,75,75,75,75,75,75,75,75,75,75,75,75,75,75,75,85,85,85,85,85,85,85,85,85,85,85,85,85,85,85,85,85,85,85,85,85,85,85,85,85],"card_choices":[{"not_picked":["Turbo","Leap"],"picked":"Conserve Battery","floor":1},{"not_picked":["Gash","Tempest"],"picked":"Chill","floor":4},{"not_picked":["Hologram","Ball Lightning"],"picked":"Self Repair","floor":6},{"not_picked":["Compile Driver","Sweeping Beam"],"picked":"Cold Snap","floor":8},{"not_picked":["Static Discharge","Steam"],"picked":"Defragment","floor":12},{"not_picked":["Barrage","Hello World"],"picked":"BootSequence","floor":13},{"not_picked":["Loop","Gash"],"picked":"Meteor Strike","floor":14},{"not_picked":["Thunder Strike","Meteor Strike"],"picked":"Machine Learning","floor":16},{"not_picked":["Rip and Tear+1","Tempest"],"picked":"Conserve Battery","floor":18},{"not_picked":["Undo+1","Rebound+1","Streamline+1"],"picked":"SKIP","floor":20},{"not_picked":["Conserve Battery","Gash+1"],"picked":"Coolheaded","floor":24},{"not_picked":["Chill","Sweeping Beam+1"],"picked":"Heatsinks","floor":29},{"not_picked":["Leap","Sweeping Beam","Darkness"],"picked":"SKIP","floor":30},{"not_picked":["Machine Learning","Rainbow"],"picked":"Amplify","floor":33},{"not_picked":["BootSequence+1","Conserve Battery+1"],"picked":"Redo+1","floor":35},{"not_picked":["Redo","Hello World+1"],"picked":"Coolheaded+1","floor":36},{"not_picked":["Redo+1","Conserve Battery"],"picked":"Gash+1","floor":37},{"not_picked":["Ball Lightning+1","Stack"],"picked":"Darkness","floor":39},{"not_picked":["Streamline","Rebound"],"picked":"White Noise+1","floor":40},{"not_picked":["Turbo+1","Static Discharge"],"picked":"Skim+1","floor":45},{"not_picked":["Doom and Gloom","Rebound"],"picked":"Multi-Cast+1","floor":46},{"not_picked":["Ball Lightning","Sweeping Beam"],"picked":"Storm","floor":48}],"player_experience":172173,"relics_obtained":[{"floor":6,"key":"Letter Opener"},{"floor":9,"key":"Ice Cream"},{"floor":12,"key":"Bottled Tornado"},{"floor":14,"key":"Sundial"},{"floor":26,"key":"Pear"},{"floor":29,"key":"Lantern"},{"floor":37,"key":"FossilizedHelix"},{"floor":38,"key":"Turnip"},{"floor":40,"key":"Darkstone Periapt"},{"floor":43,"key":"Blue Candle"},{"floor":44,"key":"Anchor"},{"floor":45,"key":"Happy Flower"}],"event_choices":[{"damage_healed":0,"gold_gain":75,"player_choice":"Gather Gold","damage_taken":11,"max_hp_gain":0,"max_hp_loss":0,"event_name":"World of Goop","floor":2,"gold_loss":0},{"damage_healed":0,"gold_gain":0,"player_choice":"Bought 1 Potion","damage_taken":0,"max_hp_gain":0,"max_hp_loss":0,"event_name":"The Woman in Blue","floor":5,"gold_loss":0},{"damage_healed":0,"gold_gain":30,"player_choice":"Searched \u00271\u0027 times","damage_taken":0,"max_hp_gain":0,"max_hp_loss":0,"event_name":"Dead Adventurer","floor":10,"gold_loss":0},{"damage_healed":0,"gold_gain":0,"player_choice":"Ignored","damage_taken":0,"max_hp_gain":0,"max_hp_loss":0,"event_name":"Vampires","floor":19,"gold_loss":0},{"damage_healed":0,"gold_gain":0,"player_choice":"Paid Fearfully","damage_taken":0,"max_hp_gain":0,"max_hp_loss":0,"event_name":"Masked Bandits","floor":22,"gold_loss":58},{"damage_healed":0,"gold_gain":0,"player_choice":"Opened","damage_taken":0,"relics_obtained":["Mummified Hand"],"max_hp_gain":0,"max_hp_loss":0,"event_name":"The Mausoleum","floor":28,"gold_loss":0,"cards_obtained":["Writhe"]},{"damage_healed":0,"gold_gain":0,"player_choice":"Ignored","damage_taken":0,"max_hp_gain":0,"max_hp_loss":0,"event_name":"Ghosts","floor":31,"gold_loss":0},{"damage_healed":0,"gold_gain":0,"player_choice":"Fight","damage_taken":0,"max_hp_gain":0,"max_hp_loss":0,"event_name":"Mysterious Sphere","floor":37,"gold_loss":0},{"damage_healed":0,"gold_gain":0,"player_choice":"Fight","damage_taken":0,"max_hp_gain":0,"max_hp_loss":0,"event_name":"MindBloom","floor":38,"gold_loss":0}],"is_beta":false,"boss_relics":[{"not_picked":["Empty Cage","Coffee Dripper"],"picked":"Inserter"},{"not_picked":["Velvet Choker","Philosopher\u0027s Stone","Sozu"]}],"items_purged_floors":[21,42],"is_endless":false,"potions_floor_spawned":[4,6,8,13,20,30,35,38,45,46,48],"ascension_level":0}