{"gold_per_floor":[114,114,128,128,143,143,173,173,173,248,268,293,312,331,331,433,433,453,453,453,464,478,478,509,290,316,351,351,276,276,375,375,479,479,490,506,606,616,633,633,668,683,754,754,766,866,897,302,302,302,302,302,21,54,54],"floor_reached":56,"playtime":4084,"items_purged":["Strike_G","Strike_G"],"score":1563,"play_id":"3ca22f8b-a74d-4120-a977-6b4dd1158928","local_time":"20190718152338","is_ascension_mode":true,"campfire_choices":[{"data":"Neutralize","floor":6.0,"key":"SMITH"},{"data":"Leg Sweep","floor":8.0,"key":"SMITH"},{"data":"Footwork","floor":15.0,"key":"SMITH"},{"data":"Corpse Explosion","floor":23.0,"key":"SMITH"},{"data":"Footwork","floor":28.0,"key":"SMITH"},{"data":"Corpse Explosion","floor":32.0,"key":"SMITH"},{"floor":40.0,"key":"RECALL"},{"data":"Bouncing Flask","floor":49,"key":"SMITH"},{"data":"Footwork","floor":52,"key":"SMITH"}],"neow_cost":"NONE","seed_source_timestamp":0,"circlet_count":0,"master_deck":["Defend_G","Defend_G","Defend_G","Defend_G","Defend_G","Survivor","Neutralize+1","Quick Slash","Cloak And Dagger","All Out Attack","Leg Sweep+1","PiercingWail","Footwork+1","Die Die Die","Predator","Footwork+1","Corpse Explosion+1","Dash+1","Corpse Explosion+1","Die Die Die","PiercingWail+1","Dash","Crippling Poison","After Image","Footwork+1","Backflip+1","Bouncing Flask+1","Deadly Poison","Blur","Deadly Poison"],"special_seed":0,"relics":["Ring of the Snake","Singing Bowl","Dodecahedron","Ginger","Runic Pyramid","Tingsha","Oddly Smooth Stone","Bag of Preparation","Sundial","Snake Skull","Philosopher\u0027s Stone","Mango","Calipers","Strawberry","Thread and Needle","Art of War","ClockworkSouvenir","Happy Flower"],"potions_floor_usage":[54,55],"damage_taken":[{"damage":0.0,"enemies":"2 Louse","floor":1.0,"turns":2.0},{"damage":0.0,"enemies":"Cultist","floor":3.0,"turns":4.0},{"damage":0.0,"enemies":"Jaw Worm","floor":5.0,"turns":5.0},{"damage":0.0,"enemies":"3 Sentries","floor":7.0,"turns":6.0},{"damage":0.0,"enemies":"Gremlin Gang","floor":11.0,"turns":5.0},{"damage":38.0,"enemies":"Gremlin Nob","floor":12.0,"turns":8.0},{"damage":0.0,"enemies":"2 Fungi Beasts","floor":13.0,"turns":1.0},{"damage":0.0,"enemies":"Lots of Slimes","floor":14.0,"turns":3.0},{"damage":1.0,"enemies":"The Guardian","floor":16.0,"turns":23.0},{"damage":0.0,"enemies":"Chosen","floor":18.0,"turns":5.0},{"damage":0.0,"enemies":"Spheric Guardian","floor":21.0,"turns":10.0},{"damage":6.0,"enemies":"Shelled Parasite and Fungi","floor":22.0,"turns":9.0},{"damage":5.0,"enemies":"Book of Stabbing","floor":24.0,"turns":11.0},{"damage":24.0,"enemies":"Slavers","floor":27.0,"turns":6.0},{"damage":29.0,"enemies":"Automaton","floor":33.0,"turns":13.0},{"damage":0.0,"enemies":"3 Darklings","floor":35.0,"turns":2.0},{"damage":0.0,"enemies":"3 Shapes","floor":36.0,"turns":2.0},{"damage":0.0,"enemies":"Maw","floor":38.0,"turns":8.0},{"damage":0.0,"enemies":"Spire Growth","floor":39.0,"turns":6.0},{"damage":0.0,"enemies":"Nemesis","floor":41.0,"turns":9.0},{"damage":0.0,"enemies":"Sphere and 2 Shapes","floor":42.0,"turns":4.0},{"damage":0,"enemies":"Writhing Mass","floor":45,"turns":6},{"damage":0,"enemies":"Mind Bloom Boss Battle","floor":46,"turns":6},{"damage":0,"enemies":"Giant Head","floor":47,"turns":10},{"damage":0,"enemies":"Time Eater","floor":50,"turns":13},{"damage":0,"enemies":"Shield and Spear","floor":54,"turns":6},{"damage":0,"enemies":"The Heart","floor":55,"turns":12}],"seed_played":"-4934556355290417660","potions_obtained":[{"floor":3.0,"key":"Explosive Potion"},{"floor":12.0,"key":"GhostInAJar"},{"floor":13.0,"key":"SpeedPotion"},{"floor":14.0,"key":"Strength Potion"},{"floor":24.0,"key":"Regen Potion"},{"floor":27.0,"key":"Explosive Potion"}],"is_trial":false,"path_per_floor":["?","M","T","?","?","?","M","?","?","?","?","M","?","M","?"],"character_chosen":"THE_SILENT","items_purchased":["Oddly Smooth Stone","Thread and Needle","Deadly Poison","Art of War","ClockworkSouvenir","Blur"],"campfire_rested":0,"item_purchase_floors":[25,48,48,48,53,53],"current_hp_per_floor":[70,70,70,70,70,70,70,70,70,59,59,21,21,21,21,20,70,72,59,59,59,55,55,50,50,50,43,43,43,43,43,43,14,81,81,81,81,83,85,85,101,103,103,103,103,103,110,110,110,110,110,110,110,110,110],"gold":54,"neow_bonus":"TRANSFORM_CARD","is_prod":false,"is_daily":false,"chose_seed":false,"campfire_upgraded":8,"win_rate":0,"timestamp":1563456218,"path_taken":["M","?","?","?","M","R","E","R","T","?","M","E","M","M","R","BOSS","M","?","?","M","?","R","E","$","T","E","R","?","?","?","R","BOSS","M","M","?","?","M","R","E","M","T","?","?","?","E","$","R","BOSS","R","$","E","BOSS"],"build_version":"2019-01-23","purchased_purges":2,"victory":true,"max_hp_per_floor":[70,70,70,70,70,70,70,70,70,70,70,70,70,70,70,70,70,72,77,77,77,79,79,79,79,79,81,81,81,81,81,81,81,81,81,81,81,83,85,85,101,103,103,103,103,103,110,110,110,110,110,110,110,110,110],"card_choices":[{"not_picked":["Sucker Punch","Terror"],"picked":"Cloak And Dagger","floor":1.0},{"not_picked":["Outmaneuver","Dagger Throw"],"picked":"All Out Attack","floor":3.0},{"not_picked":["Quick Slash","Riddle With Holes"],"picked":"Leg Sweep","floor":5.0},{"not_picked":["Acrobatics","Quick Slash"],"picked":"PiercingWail","floor":7.0},{"not_picked":["Flechettes","Blur"],"picked":"Footwork","floor":11.0},{"not_picked":["Deadly Poison","Deflect"],"picked":"Die Die Die","floor":12.0},{"not_picked":["Leg Sweep","PiercingWail"],"picked":"Predator","floor":13.0},{"not_picked":["Acrobatics","Quick Slash"],"picked":"Footwork","floor":14.0},{"not_picked":["Die Die Die","Phantasmal Killer"],"picked":"Corpse Explosion","floor":16.0},{"not_picked":["Dagger Throw","Cloak And Dagger","Deflect"],"picked":"Singing Bowl","floor":18.0},{"not_picked":["Acrobatics","Dodge and Roll"],"picked":"Dash+1","floor":21.0},{"not_picked":["Predator","Outmaneuver","Dagger Throw"],"picked":"Singing Bowl","floor":22.0},{"not_picked":["All Out Attack","Skewer"],"picked":"Corpse Explosion","floor":24.0},{"not_picked":["Underhanded Strike+1","Setup","Outmaneuver"],"picked":"Singing Bowl","floor":27.0},{"not_picked":["Night Terror","Tools of the Trade"],"picked":"Die Die Die","floor":33.0},{"not_picked":["Calculated Gamble","Flying Knee"],"picked":"PiercingWail+1","floor":35.0},{"not_picked":["Setup","Prepared"],"picked":"Dash","floor":36.0},{"not_picked":["Backflip","All Out Attack+1","Cloak And Dagger"],"picked":"Singing Bowl","floor":38.0},{"not_picked":["Sucker Punch","PiercingWail","Dagger Throw+1"],"picked":"Singing Bowl","floor":39.0},{"not_picked":["All Out Attack+1","Backflip+1","Venomology"],"picked":"Singing Bowl","floor":41.0},{"not_picked":["Bane","Terror+1","Dagger Throw+1"],"picked":"Singing Bowl","floor":42.0},{"not_picked":["Quick Slash","Riddle With Holes+1"],"picked":"Footwork","floor":45},{"not_picked":["Quick Slash","Masterful Stab"],"picked":"Backflip+1","floor":46},{"not_picked":["Riddle With Holes","Accuracy+1"],"picked":"Bouncing Flask","floor":47},{"not_picked":["Prepared","Dodge and Roll"],"picked":"Deadly Poison","floor":54}],"player_experience":1053159,"relics_obtained":[{"floor":4.0,"key":"Singing Bowl"},{"floor":7.0,"key":"Dodecahedron"},{"floor":9.0,"key":"Ginger"},{"floor":24.0,"key":"Tingsha"},{"floor":26.0,"key":"Bag of Preparation"},{"floor":27.0,"key":"Sundial"},{"floor":41.0,"key":"Mango"},{"floor":46,"key":"Calipers"},{"floor":47,"key":"Strawberry"},{"floor":54,"key":"Happy Flower"}],"event_choices":[{"cards_removed":["Strike_G"],"damage_healed":0.0,"max_hp_gain":0.0,"max_hp_loss":0.0,"gold_gain":0.0,"event_name":"Purifier","player_choice":"Purged","floor":2.0,"gold_loss":0.0,"damage_taken":0.0},{"damage_healed":0.0,"max_hp_gain":0.0,"max_hp_loss":0.0,"gold_gain":75.0,"event_name":"World of Goop","player_choice":"Gather Gold","floor":10.0,"gold_loss":0.0,"damage_taken":11.0},{"damage_healed":0.0,"max_hp_gain":5.0,"max_hp_loss":0.0,"gold_gain":0.0,"event_name":"Forgotten Altar","player_choice":"Shed Blood","floor":19.0,"gold_loss":0.0,"damage_taken":18.0},{"damage_healed":0.0,"max_hp_gain":0.0,"max_hp_loss":0.0,"gold_gain":0.0,"event_name":"The Woman in Blue","player_choice":"Bought 0 Potions","floor":20.0,"gold_loss":0.0,"damage_taken":0.0},{"cards_removed":["Strike_G"],"damage_healed":0.0,"max_hp_gain":0.0,"max_hp_loss":0.0,"gold_gain":0.0,"event_name":"Beggar","player_choice":"Gave Gold","floor":29.0,"gold_loss":75.0,"damage_taken":0.0},{"damage_healed":0.0,"max_hp_gain":0.0,"max_hp_loss":0.0,"gold_gain":0.0,"event_name":"The Mausoleum","player_choice":"Opened","floor":30.0,"gold_loss":0.0,"damage_taken":0.0,"relics_obtained":["Snake Skull"]},{"damage_healed":0.0,"max_hp_gain":0.0,"max_hp_loss":0.0,"gold_gain":99.0,"event_name":"Nest","player_choice":"Stole From Cult","floor":31.0,"gold_loss":0.0,"damage_taken":0.0},{"damage_healed":0.0,"max_hp_gain":0.0,"max_hp_loss":0.0,"gold_gain":100.0,"event_name":"Golden Shrine","player_choice":"Pray","floor":37.0,"gold_loss":0.0,"damage_taken":0.0},{"damage_healed":0.0,"max_hp_gain":0.0,"max_hp_loss":0.0,"gold_gain":0.0,"event_name":"Match and Keep!","player_choice":"2 cards matched","floor":44.0,"gold_loss":0.0,"damage_taken":0.0,"cards_obtained":["Crippling Poison","After Image"]},{"damage_healed":0,"gold_gain":0,"player_choice":"Fight","damage_taken":0,"max_hp_gain":0,"max_hp_loss":0,"event_name":"MindBloom","floor":46,"gold_loss":0}],"is_beta":false,"boss_relics":[{"not_picked":["WristBlade","Astrolabe"],"picked":"Runic Pyramid"},{"not_picked":["Runic Dome","Coffee Dripper"],"picked":"Philosopher\u0027s Stone"}],"items_purged_floors":[25,48],"is_endless":false,"potions_floor_spawned":[3,12,13,14,16,21,24,27,35,36,45],"ascension_level":1}