{"gold_per_floor":[110,129,143,143,160,194,211,211,236,5,5,23,23,53,53,156,156,169,169,169,196,44,78,78,90,114,129,149,161,161,196,196,295,295,313,313,313,328,346,379,389,13,13,13,13,38,38,48,48,48,48,48,48,75,75],"floor_reached":56,"playtime":6339,"items_purged":["Strike_G"],"score":1422,"play_id":"6e7fab5d-4d86-46db-b82d-421f418633ae","local_time":"20190407203754","is_ascension_mode":true,"campfire_choices":[{"data":"Catalyst","floor":8,"key":"SMITH"},{"data":"Noxious Fumes","floor":11,"key":"SMITH"},{"floor":13,"key":"REST"},{"floor":15,"key":"REST"},{"floor":24,"key":"REST"},{"floor":30,"key":"REST"},{"floor":32,"key":"REST"},{"floor":45,"key":"REST"},{"data":"Well Laid Plans","floor":47,"key":"SMITH"},{"floor":49,"key":"RECALL"},{"data":"Caltrops","floor":52,"key":"SMITH"}],"neow_cost":"NONE","seed_source_timestamp":79281589844849,"circlet_count":0,"master_deck":["Defend_G+1","Defend_G+1","Defend_G+1","Defend_G+1","Defend_G+1","Strike_G+1","Strike_G+1","Strike_G+1","Strike_G+1","Survivor","Neutralize","Noxious Fumes+1","Catalyst+1","Backflip","Backflip","Dodge and Roll","Noxious Fumes+1","Terror","After Image","Footwork","Crippling Poison","PiercingWail","Dash","Deadly Poison","Ghostly","Ghostly","Ghostly","Ghostly","Ghostly","Malaise","Caltrops+1","PiercingWail+1","Bullet Time","Well Laid Plans+1"],"relics":["Ring of the Snake","NeowsBlessing","Matryoshka","Sundial","Happy Flower","Tiny Chest","Orrery","Potion Belt","Oddly Smooth Stone","Blood Vial","Snake Skull","Bag of Preparation","Busted Crown","Vajra","Gambling Chip","Shovel","Blue Candle","Regal Pillow","Bronze Scales"],"potions_floor_usage":[16,25,31,33,40,50,54,55,55,55],"damage_taken":[{"damage":0,"enemies":"2 Louse","floor":1,"turns":1},{"damage":0,"enemies":"Cultist","floor":2,"turns":1},{"damage":0,"enemies":"Small Slimes","floor":3,"turns":1},{"damage":6,"enemies":"2 Fungi Beasts","floor":5,"turns":4},{"damage":15,"enemies":"Lagavulin","floor":6,"turns":9},{"damage":0,"enemies":"Looter","floor":7,"turns":4},{"damage":7,"enemies":"Blue Slaver","floor":12,"turns":4},{"damage":28,"enemies":"Slime Boss","floor":16,"turns":10},{"damage":14,"enemies":"Shell Parasite","floor":18,"turns":7},{"damage":14,"enemies":"Slavers","floor":23,"turns":7},{"damage":21,"enemies":"3 Byrds","floor":25,"turns":4},{"damage":0,"enemies":"Snake Plant","floor":27,"turns":5},{"damage":7,"enemies":"Centurion and Healer","floor":28,"turns":8},{"damage":0,"enemies":"Shelled Parasite and Fungi","floor":29,"turns":5},{"damage":2,"enemies":"Gremlin Leader","floor":31,"turns":6},{"damage":0,"enemies":"Champ","floor":33,"turns":12},{"damage":0,"enemies":"3 Darklings","floor":35,"turns":6},{"damage":1,"enemies":"Orb Walker","floor":38,"turns":6},{"damage":0,"enemies":"Maw","floor":39,"turns":8},{"damage":15,"enemies":"Reptomancer","floor":40,"turns":9},{"damage":0,"enemies":"3 Darklings","floor":41,"turns":4},{"damage":3,"enemies":"Nemesis","floor":46,"turns":7},{"damage":0,"enemies":"Spire Growth","floor":48,"turns":5},{"damage":9,"enemies":"Donu and Deca","floor":50,"turns":9},{"damage":1,"enemies":"Shield and Spear","floor":54,"turns":6},{"damage":25,"enemies":"The Heart","floor":55,"turns":9}],"seed_played":"-9137986493594237120","potions_obtained":[{"floor":1,"key":"LiquidBronze"},{"floor":6,"key":"PowerPotion"},{"floor":7,"key":"PowerPotion"},{"floor":12,"key":"Strength Potion"},{"floor":23,"key":"SpeedPotion"},{"floor":25,"key":"Explosive Potion"},{"floor":28,"key":"Ancient Potion"},{"floor":39,"key":"EssenceOfSteel"},{"floor":40,"key":"AttackPotion"},{"floor":46,"key":"Weak Potion"},{"floor":48,"key":"Explosive Potion"}],"is_trial":false,"path_per_floor":["M","M","M","?","M","E","M","R","T","$","R","M","R","?","R","B",null,"M","?","?","T","$","E","R","M","T","M","M","M","R","E","R","B",null,"M","?","?","M","M","E","M","$","T","T","R","E","R","M","R","B",null,"R","$","E","B",null],"character_chosen":"THE_SILENT","items_purchased":["Noxious Fumes","Terror","Oddly Smooth Stone","Gambling Chip","Well Laid Plans"],"campfire_rested":6,"item_purchase_floors":[10,10,22,42,42],"current_hp_per_floor":[70,70,70,70,64,49,49,49,49,49,49,42,63,38,59,31,70,56,56,35,35,35,21,31,12,12,14,9,11,21,21,31,33,35,35,35,35,34,35,20,22,22,22,22,32,31,31,33,33,26,35,35,35,34,10],"gold":75,"neow_bonus":"THREE_ENEMY_KILL","is_prod":false,"is_daily":false,"chose_seed":false,"campfire_upgraded":4,"win_rate":0,"timestamp":1554694674,"path_taken":["M","M","M","?","M","E","M","R","T","$","R","?","R","?","R","BOSS","M","?","?","?","$","E","R","M","T","M","M","M","R","E","R","BOSS","M","?","?","M","M","E","M","$","T","?","R","E","R","M","R","BOSS","R","$","E","BOSS"],"build_version":"2019-01-23","purchased_purges":1,"victory":true,"max_hp_per_floor":[70,70,70,70,70,70,70,70,70,70,70,70,70,70,70,70,70,70,70,35,35,35,35,35,35,35,35,35,35,35,35,35,35,35,35,35,35,35,35,35,35,35,35,35,35,35,35,35,35,35,35,35,35,35,35],"card_choices":[{"not_picked":["Reflex","PiercingWail"],"picked":"Noxious Fumes","floor":1},{"not_picked":["Concentrate","Masterful Stab"],"picked":"Catalyst","floor":2},{"not_picked":["Riddle With Holes","Predator"],"picked":"Backflip","floor":3},{"not_picked":["Blur","Flying Knee"],"picked":"Backflip","floor":5},{"not_picked":["Deflect","Underhanded Strike"],"picked":"Dodge and Roll","floor":6},{"not_picked":["Acrobatics","Dagger Throw","Escape Plan"],"picked":"SKIP","floor":7},{"not_picked":["Acrobatics","Dagger Throw","Escape Plan"],"picked":"SKIP","floor":7},{"not_picked":["Outmaneuver","Prepared","Slice"],"picked":"SKIP","floor":12},{"not_picked":["Burst","A Thousand Cuts"],"picked":"After Image","floor":16},{"not_picked":["Cloak And Dagger","Sucker Punch"],"picked":"Footwork","floor":17},{"not_picked":["Prepared","Underhanded Strike"],"picked":"Crippling Poison","floor":17},{"not_picked":["Distraction","Dodge and Roll"],"picked":"PiercingWail","floor":17},{"not_picked":["Doppelganger","Backflip"],"picked":"Dash","floor":17},{"not_picked":["Quick Slash","Outmaneuver+1"],"picked":"Deadly Poison","floor":18},{"not_picked":["Heel Hook","Tactician"],"picked":"Malaise","floor":23},{"not_picked":["Terror","Acrobatics","Eviscerate"],"picked":"SKIP","floor":25},{"not_picked":["Backflip+1","Flying Knee"],"picked":"Caltrops","floor":27},{"not_picked":["Bane","Bouncing Flask+1","Backstab"],"picked":"SKIP","floor":28},{"not_picked":["Accuracy+1","Deflect","Escape Plan+1"],"picked":"SKIP","floor":29},{"not_picked":["Quick Slash","Noxious Fumes"],"picked":"PiercingWail+1","floor":31},{"not_picked":["Venomology","Envenom"],"picked":"Bullet Time","floor":33},{"not_picked":["Dagger Throw+1"],"picked":"SKIP","floor":35},{"not_picked":["Outmaneuver+1"],"picked":"SKIP","floor":38},{"not_picked":["Setup"],"picked":"SKIP","floor":39},{"not_picked":["Prepared+1"],"picked":"SKIP","floor":40},{"not_picked":["Cloak And Dagger"],"picked":"SKIP","floor":41},{"not_picked":["Leg Sweep"],"picked":"SKIP","floor":46},{"not_picked":["Riddle With Holes"],"picked":"SKIP","floor":48},{"not_picked":["Grand Finale"],"picked":"SKIP","floor":54}],"player_experience":91238,"relics_obtained":[{"floor":6,"key":"Matryoshka"},{"floor":9,"key":"Sundial"},{"floor":9,"key":"Happy Flower"},{"floor":21,"key":"Potion Belt"},{"floor":23,"key":"Blood Vial"},{"floor":26,"key":"Snake Skull"},{"floor":31,"key":"Bag of Preparation"},{"floor":40,"key":"Vajra"},{"floor":43,"key":"Shovel"},{"floor":44,"key":"Blue Candle"},{"floor":46,"key":"Regal Pillow"},{"floor":54,"key":"Bronze Scales"}],"event_choices":[{"damage_healed":0,"gold_gain":0,"player_choice":"Upgraded","damage_taken":0,"max_hp_gain":0,"max_hp_loss":0,"event_name":"Upgrade Shrine","floor":4,"gold_loss":0,"cards_upgraded":["Noxious Fumes"]},{"damage_healed":0,"gold_gain":0,"player_choice":"Success","damage_taken":25,"relics_obtained":["Tiny Chest"],"max_hp_gain":0,"max_hp_loss":0,"event_name":"Scrap Ooze","floor":14,"gold_loss":0},{"damage_healed":0,"gold_gain":0,"player_choice":"Simplicity","damage_taken":0,"max_hp_gain":0,"max_hp_loss":0,"event_name":"Back to Basics","floor":19,"gold_loss":0,"cards_upgraded":["Defend_G","Defend_G","Defend_G","Defend_G","Defend_G","Strike_G","Strike_G","Strike_G","Strike_G"]},{"damage_healed":0,"gold_gain":0,"player_choice":"Became a Ghost","damage_taken":0,"max_hp_gain":0,"max_hp_loss":35,"event_name":"Ghosts","floor":20,"gold_loss":0,"cards_obtained":["Ghostly","Ghostly","Ghostly","Ghostly","Ghostly"]},{"damage_healed":0,"gold_gain":0,"player_choice":"Memory 1","damage_taken":0,"max_hp_gain":0,"max_hp_loss":0,"event_name":"SensoryStone","floor":36,"gold_loss":0},{"damage_healed":0,"gold_gain":0,"player_choice":"Ignored","damage_taken":0,"max_hp_gain":0,"max_hp_loss":0,"event_name":"Mysterious Sphere","floor":37,"gold_loss":0}],"is_beta":false,"boss_relics":[{"not_picked":["Lizard Tail","Coffee Dripper"],"picked":"Orrery"},{"not_picked":["Eternal Feather","Runic Pyramid"],"picked":"Busted Crown"}],"items_purged_floors":[10],"is_endless":false,"potions_floor_spawned":[1,6,7,12,23,25,28,39,40,46,48],"ascension_level":3}