{"gold_per_floor":[112,112,187,187,151,151,177,187,187,187,152,186,186,198,198,294,294,276,61,74,108,124,124],"floor_reached":23,"playtime":1339,"items_purged":[],"score":236,"play_id":"0b9889d3-57c5-46b7-af36-8925eaf11710","local_time":"20190515213050","is_ascension_mode":true,"campfire_choices":[{"data":"Skewer","floor":6,"key":"SMITH"},{"floor":10,"key":"REST"},{"data":"Poisoned Stab","floor":13,"key":"SMITH"},{"floor":15,"key":"REST"}],"neow_cost":"NONE","seed_source_timestamp":1461595746864005,"circlet_count":0,"master_deck":["Defend_G","Defend_G","Defend_G","Defend_G","Defend_G","Strike_G","Strike_G","Strike_G","Strike_G","Strike_G","Survivor","Neutralize","Poisoned Stab+1","Skewer+1","Adrenaline","Sucker Punch","Doppelganger+1","Dash","Crippling Poison+1","Backflip+1"],"relics":["Ring of the Snake","Shuriken","Toxic Egg 2","Peace Pipe","Busted Crown","Happy Flower","Red Mask"],"potions_floor_usage":[16,23,23],"damage_taken":[{"damage":2,"enemies":"Jaw Worm","floor":1,"turns":5},{"damage":50,"enemies":"Gremlin Nob","floor":7,"turns":5},{"damage":0,"enemies":"2 Louse","floor":8,"turns":1},{"damage":32,"enemies":"3 Sentries","floor":12,"turns":8},{"damage":4,"enemies":"Small Slimes","floor":14,"turns":3},{"damage":23,"enemies":"Hexaghost","floor":16,"turns":9},{"damage":13,"enemies":"2 Thieves","floor":18,"turns":4},{"damage":0,"enemies":"3 Byrds","floor":20,"turns":4},{"damage":41,"enemies":"Masked Bandits","floor":21,"turns":6},{"damage":5,"enemies":"Cultist and Chosen","floor":22,"turns":6},{"damage":40,"enemies":"Slavers","floor":23,"turns":4}],"seed_played":"9091472898984197206","potions_obtained":[{"floor":8,"key":"EssenceOfSteel"},{"floor":16,"key":"SpeedPotion"},{"floor":18,"key":"Energy Potion"}],"is_trial":false,"path_per_floor":["M","?","?","?","$","R","E","M","T","R","?","E","R","M","R","B",null,"M","$","M","?","M","E"],"character_chosen":"THE_SILENT","items_purchased":["Skewer","Crippling Poison+1","Happy Flower"],"campfire_rested":2,"item_purchase_floors":[5,19,19],"current_hp_per_floor":[75,75,64,69,69,69,19,19,19,43,63,31,31,27,51,28,82,69,69,69,28,23,0],"gold":124,"neow_bonus":"TEN_PERCENT_HP_BONUS","is_prod":false,"is_daily":false,"chose_seed":false,"campfire_upgraded":2,"win_rate":0,"timestamp":1557981050,"path_taken":["M","?","?","?","$","R","E","M","T","R","?","E","R","M","R","BOSS","M","$","M","?","M","E"],"build_version":"2019-01-23","purchased_purges":0,"victory":false,"max_hp_per_floor":[77,77,77,82,82,82,82,82,82,82,82,82,82,82,82,82,82,82,82,82,82,82,82],"card_choices":[{"not_picked":["Cloak And Dagger","Slice"],"picked":"Poisoned Stab","floor":1},{"not_picked":["Outmaneuver","PiercingWail"],"picked":"Adrenaline","floor":7},{"not_picked":["Blade Dance","Dagger Throw"],"picked":"Sucker Punch","floor":8},{"not_picked":["Acrobatics+1","Blade Dance+1"],"picked":"Doppelganger+1","floor":12},{"not_picked":["Deflect+1","Outmaneuver+1"],"picked":"Dash","floor":14},{"not_picked":["Sucker Punch"],"picked":"SKIP","floor":18},{"not_picked":["Underhanded Strike"],"picked":"SKIP","floor":20},{"not_picked":[],"picked":"Backflip+1","floor":22}],"player_experience":118663,"relics_obtained":[{"floor":7,"key":"Shuriken"},{"floor":9,"key":"Toxic Egg 2"},{"floor":12,"key":"Peace Pipe"},{"floor":21,"key":"Red Mask"}],"event_choices":[{"damage_healed":0,"gold_gain":0,"player_choice":"Ignored","damage_taken":0,"max_hp_gain":0,"max_hp_loss":0,"event_name":"Liars Game","floor":2,"gold_loss":0},{"damage_healed":0,"gold_gain":75,"player_choice":"Gather Gold","damage_taken":11,"max_hp_gain":0,"max_hp_loss":0,"event_name":"World of Goop","floor":3,"gold_loss":0},{"damage_healed":0,"gold_gain":0,"player_choice":"Donut","damage_taken":0,"max_hp_gain":5,"max_hp_loss":0,"event_name":"Big Fish","floor":4,"gold_loss":0},{"damage_healed":20,"gold_gain":0,"player_choice":"Healed","damage_taken":0,"max_hp_gain":0,"max_hp_loss":0,"event_name":"The Cleric","floor":11,"gold_loss":35},{"damage_healed":0,"gold_gain":0,"player_choice":"Fought Bandits","damage_taken":0,"max_hp_gain":0,"max_hp_loss":0,"event_name":"Masked Bandits","floor":21,"gold_loss":0}],"is_beta":false,"boss_relics":[{"not_picked":["Runic Dome","HoveringKite"],"picked":"Busted Crown"}],"items_purged_floors":[],"is_endless":false,"potions_floor_spawned":[8,16,18],"killed_by":"Slavers","ascension_level":4}