{"gold_per_floor":[219,18,18,30,42,42,52,67,115,65,75,93,104,137,137,233,233,246,46,63,77,96,96],"floor_reached":23,"playtime":2468,"items_purged":["Strike_G"],"score":224,"play_id":"82a69347-82b4-4dd0-b99b-c69b6d8b5dd2","local_time":"20190423021833","is_ascension_mode":false,"campfire_choices":[{"data":"Predator","floor":6.0,"key":"SMITH"},{"data":"Envenom","floor":15,"key":"SMITH"}],"neow_cost":"NONE","seed_source_timestamp":50810899476884,"circlet_count":0,"master_deck":["Defend_G","Defend_G","Defend_G","Defend_G","Defend_G","Strike_G","Strike_G","Strike_G","Survivor","Neutralize","Escape Plan","Cloak And Dagger","Predator+1","Leg Sweep","PiercingWail","Crippling Poison","Footwork","Flechettes","Envenom+1","Dash","Burst","Blade Dance+1","Crippling Poison","Doppelganger"],"special_seed":0,"relics":["Ring of the Snake","Pen Nib","Letter Opener","Smiling Mask","Lantern","White Beast Statue","PreservedInsect"],"potions_floor_usage":[14,14,16,20,22,23],"damage_taken":[{"damage":5.0,"enemies":"2 Louse","floor":1.0,"turns":5.0},{"damage":0.0,"enemies":"Small Slimes","floor":4.0,"turns":3.0},{"damage":0.0,"enemies":"Jaw Worm","floor":5.0,"turns":3.0},{"damage":2.0,"enemies":"2 Fungi Beasts","floor":7.0,"turns":3.0},{"damage":0.0,"enemies":"Large Slime","floor":8.0,"turns":5.0},{"damage":6.0,"enemies":"Exordium Thugs","floor":11.0,"turns":4.0},{"damage":7.0,"enemies":"Looter","floor":12.0,"turns":3.0},{"damage":12.0,"enemies":"Large Slime","floor":13.0,"turns":5.0},{"damage":0,"enemies":"Gremlin Nob","floor":14,"turns":3},{"damage":24,"enemies":"Slime Boss","floor":16,"turns":12},{"damage":9,"enemies":"3 Byrds","floor":18,"turns":5},{"damage":0,"enemies":"Chosen","floor":20,"turns":4},{"damage":29,"enemies":"Centurion and Healer","floor":21,"turns":8},{"damage":18,"enemies":"Shelled Parasite and Fungi","floor":22,"turns":4},{"damage":16,"enemies":"Book of Stabbing","floor":23,"turns":5}],"seed_played":"-7093736626729245331","potions_obtained":[{"floor":1.0,"key":"Swift Potion"},{"floor":8.0,"key":"PowerPotion"},{"floor":11.0,"key":"SteroidPotion"},{"floor":14,"key":"SkillPotion"},{"floor":16,"key":"Fire Potion"},{"floor":18,"key":"Swift Potion"},{"floor":20,"key":"Fire Potion"},{"floor":21,"key":"Explosive Potion"},{"floor":22,"key":"Explosive Potion"}],"is_trial":false,"path_per_floor":["M","$","?","M","M","R","M","M","T","?","M","M","M","E","R","B",null,"M","$","M","M","M","E"],"character_chosen":"THE_SILENT","items_purchased":["Pen Nib","Cloak And Dagger","PreservedInsect"],"campfire_rested":0,"item_purchase_floors":[2,2,19],"current_hp_per_floor":[65,65,53,53,53,53,51,51,51,51,45,38,26,26,26,2,70,61,61,61,32,14,0],"gold":96,"neow_bonus":"HUNDRED_GOLD","is_prod":false,"is_daily":false,"chose_seed":false,"campfire_upgraded":2,"win_rate":0,"timestamp":1556011113,"path_taken":["M","$","?","M","M","R","M","M","T","?","M","M","M","E","R","BOSS","M","$","M","M","M","E"],"build_version":"2019-04-21","purchased_purges":1,"victory":false,"max_hp_per_floor":[70,70,70,70,70,70,70,70,70,70,70,70,70,70,70,70,70,70,70,70,70,70,70],"card_choices":[{"not_picked":["Poisoned Stab","Dagger Spray"],"picked":"Escape Plan","floor":1.0},{"not_picked":["Blade Dance","PiercingWail"],"picked":"Predator","floor":4.0},{"not_picked":["Caltrops","Noxious Fumes"],"picked":"Leg Sweep","floor":5.0},{"not_picked":["Underhanded Strike","Deflect"],"picked":"PiercingWail","floor":7.0},{"not_picked":["Deadly Poison","Eviscerate"],"picked":"Crippling Poison","floor":8.0},{"not_picked":["Deflect","Riddle With Holes"],"picked":"Footwork","floor":11.0},{"not_picked":["Deadly Poison","Poisoned Stab"],"picked":"Flechettes","floor":12.0},{"not_picked":["Blur","Heel Hook"],"picked":"Envenom","floor":13.0},{"not_picked":["Slice","Blur"],"picked":"Dash","floor":14},{"not_picked":["Storm of Steel","Grand Finale"],"picked":"Burst","floor":16},{"not_picked":["Bane","Sucker Punch"],"picked":"Blade Dance+1","floor":18},{"not_picked":["Endless Agony","Dagger Throw","Blade Dance"],"picked":"SKIP","floor":20},{"not_picked":["Blade Dance","Prepared"],"picked":"Crippling Poison","floor":21},{"not_picked":["Deadly Poison+1","PiercingWail"],"picked":"Doppelganger","floor":22}],"player_experience":1068382,"relics_obtained":[{"floor":9.0,"key":"Smiling Mask"},{"floor":14,"key":"Lantern"}],"event_choices":[{"damage_healed":0.0,"max_hp_gain":0.0,"max_hp_loss":0.0,"gold_gain":0.0,"event_name":"Scrap Ooze","player_choice":"Success","floor":3.0,"gold_loss":0.0,"damage_taken":12.0,"relics_obtained":["Letter Opener"]},{"cards_removed":["Strike_G"],"damage_healed":0.0,"max_hp_gain":0.0,"max_hp_loss":0.0,"gold_gain":0.0,"event_name":"The Cleric","player_choice":"Card Removal","floor":10.0,"gold_loss":50.0,"damage_taken":0.0}],"is_beta":true,"boss_relics":[{"not_picked":["Ring of the Serpent","Coffee Dripper"],"picked":"White Beast Statue"}],"items_purged_floors":[19],"is_endless":false,"potions_floor_spawned":[1,8,11,14,16,18,20,21,22],"killed_by":"Book of Stabbing","ascension_level":0}