{"gold_per_floor":[116,128,142,69,69,69,89,89,114,114,134,163,37,137,137,236,236,249,174,174,194,246,246,274,274,274,274,274,33,46,79,79,180,180,198,198,216,141,152,152,182,182,230,246,246,271,271,271,271,271,271,271,29,57,57],"floor_reached":56,"playtime":3047,"items_purged":["Strike_G"],"score":1340,"play_id":"fcb6a2e5-18de-424f-9dae-ae586ae993af","local_time":"20190625085017","is_ascension_mode":true,"campfire_choices":[{"data":"Noxious Fumes","floor":6,"key":"SMITH"},{"data":"Deadly Poison","floor":8,"key":"SMITH"},{"data":"Neutralize","floor":10,"key":"SMITH"},{"data":"Corpse Explosion","floor":15,"key":"SMITH"},{"data":"Wraith Form v2","floor":23,"key":"SMITH"},{"data":"Burst","floor":25,"key":"SMITH"},{"floor":27,"key":"REST"},{"data":"PiercingWail","floor":32,"key":"SMITH"},{"floor":40,"key":"RECALL"},{"data":"Well Laid Plans","floor":45,"key":"SMITH"},{"data":"Malaise","floor":47,"key":"SMITH"},{"data":"A Thousand Cuts","floor":49,"key":"SMITH"},{"data":"Backflip","floor":52,"key":"SMITH"}],"neow_cost":"NONE","seed_source_timestamp":1042033772063,"circlet_count":0,"master_deck":["Defend_G","Defend_G","Defend_G","Defend_G+1","Defend_G","Survivor+1","Neutralize+1","Well Laid Plans+1","Deadly Poison+1","Quick Slash","Noxious Fumes+1","Burst+1","PiercingWail+1","Corpse Explosion+1","Backflip+1","Wraith Form v2+1","Dagger Spray+1","Blade Dance+1","Leg Sweep+1","Riddle With Holes","Bullet Time","A Thousand Cuts+1","Doppelganger+1","Envenom+1","All Out Attack+1","Predator+1","Noxious Fumes+1","Backflip+1","Malaise+1"],"relics":["Ring of the Snake","Potion Belt","PreservedInsect","Kunai","Snecko Eye","Enchiridion","Happy Flower","Ancient Tea Set","Regal Pillow","Paper Crane","Unceasing Top","Astrolabe","Pantograph","Lantern","War Paint","Bottled Lightning","Ninja Scroll"],"potions_floor_usage":[21,33,55,55,55,55],"damage_taken":[{"damage":2,"enemies":"Small Slimes","floor":1,"turns":6},{"damage":1,"enemies":"Jaw Worm","floor":2,"turns":4},{"damage":0,"enemies":"Cultist","floor":3,"turns":3},{"damage":2,"enemies":"Blue Slaver","floor":7,"turns":5},{"damage":0,"enemies":"3 Louse","floor":11,"turns":3},{"damage":30,"enemies":"Gremlin Nob","floor":12,"turns":5},{"damage":5,"enemies":"Hexaghost","floor":16,"turns":8},{"damage":8,"enemies":"3 Byrds","floor":18,"turns":5},{"damage":12,"enemies":"2 Thieves","floor":21,"turns":3},{"damage":12,"enemies":"Gremlin Leader","floor":24,"turns":4},{"damage":0,"enemies":"Chosen and Byrds","floor":30,"turns":4},{"damage":24,"enemies":"Slavers","floor":31,"turns":3},{"damage":13,"enemies":"Champ","floor":33,"turns":10},{"damage":0,"enemies":"3 Darklings","floor":35,"turns":3},{"damage":0,"enemies":"Orb Walker","floor":37,"turns":5},{"damage":1,"enemies":"Writhing Mass","floor":39,"turns":4},{"damage":0,"enemies":"Nemesis","floor":41,"turns":5},{"damage":0,"enemies":"Spire Growth","floor":44,"turns":4},{"damage":0,"enemies":"Giant Head","floor":46,"turns":7},{"damage":10,"enemies":"Awakened One","floor":50,"turns":10},{"damage":0,"enemies":"Shield and Spear","floor":54,"turns":4},{"damage":9,"enemies":"The Heart","floor":55,"turns":10}],"seed_played":"-6629758287488910069","potions_obtained":[{"floor":1,"key":"Regen Potion"},{"floor":7,"key":"Strength Potion"},{"floor":11,"key":"Ancient Potion"},{"floor":18,"key":"Weak Potion"},{"floor":24,"key":"SpeedPotion"},{"floor":33,"key":"Block Potion"},{"floor":39,"key":"SteroidPotion"}],"is_trial":false,"path_per_floor":["?","?","?","?","T","?","$","?","M","?","T"],"character_chosen":"THE_SILENT","items_purchased":["Noxious Fumes","Corpse Explosion","Backflip","Paper Crane","Bottled Lightning"],"campfire_rested":1,"item_purchase_floors":[4,13,13,29,53],"current_hp_per_floor":[75,74,74,74,71,71,69,69,69,69,69,39,39,39,39,34,77,69,69,53,41,41,41,29,29,29,67,67,67,67,43,43,45,77,77,77,77,77,76,76,76,76,76,76,76,76,76,76,76,67,77,77,77,77,68],"gold":57,"neow_bonus":"TEN_PERCENT_HP_BONUS","is_prod":false,"is_daily":false,"chose_seed":false,"campfire_upgraded":11,"win_rate":0,"timestamp":1561445417,"path_taken":["M","M","M","$","?","R","M","R","T","R","M","E","$","?","R","BOSS","M","?","?","M","?","R","E","R","T","R","?","?","M","E","R","BOSS","M","?","?","$","M","R","E","?","T","M","R","E","R","?","R","BOSS","R","$","E","BOSS"],"build_version":"2019-01-23","purchased_purges":1,"victory":true,"max_hp_per_floor":[77,77,77,77,77,77,77,77,77,77,77,77,77,77,77,77,77,77,77,77,77,77,77,77,77,77,77,77,77,77,77,77,77,77,77,77,77,77,77,77,77,77,77,77,77,77,77,77,77,77,77,77,77,77,77],"card_choices":[{"not_picked":["Bouncing Flask","Flying Knee"],"picked":"Well Laid Plans","floor":1},{"not_picked":["Well Laid Plans","Blade Dance"],"picked":"Deadly Poison","floor":2},{"not_picked":["Prepared","Choke"],"picked":"Quick Slash","floor":3},{"not_picked":["Well Laid Plans","Predator"],"picked":"Burst","floor":7},{"not_picked":["Dodge and Roll","Outmaneuver"],"picked":"PiercingWail","floor":11},{"not_picked":["Flying Knee","Underhanded Strike","Masterful Stab"],"picked":"SKIP","floor":12},{"not_picked":["Glass Knife","Night Terror"],"picked":"Wraith Form v2","floor":16},{"not_picked":["Flechettes+1","Prepared"],"picked":"Dagger Spray+1","floor":18},{"not_picked":["Prepared","Dagger Throw"],"picked":"Blade Dance+1","floor":21},{"not_picked":["Flying Knee","Finisher"],"picked":"Leg Sweep+1","floor":24},{"not_picked":["Poisoned Stab","Dodge and Roll"],"picked":"Riddle With Holes","floor":30},{"not_picked":["Outmaneuver","Escape Plan"],"picked":"Bullet Time","floor":31},{"not_picked":["Glass Knife","Die Die Die"],"picked":"A Thousand Cuts","floor":33},{"not_picked":["Deflect","Leg Sweep"],"picked":"Predator+1","floor":35},{"not_picked":["Flechettes+1","Prepared","Blur+1"],"picked":"SKIP","floor":37},{"not_picked":["Quick Slash+1","Flechettes"],"picked":"Noxious Fumes+1","floor":39},{"not_picked":["Footwork","Quick Slash","Bane"],"picked":"SKIP","floor":41},{"not_picked":["Concentrate","Calculated Gamble+1"],"picked":"Backflip+1","floor":44},{"not_picked":["Blade Dance","Setup+1"],"picked":"Malaise","floor":46},{"not_picked":["Slice+1","Sucker Punch","Outmaneuver+1"],"picked":"SKIP","floor":54}],"player_experience":881311,"relics_obtained":[{"floor":9,"key":"PreservedInsect"},{"floor":12,"key":"Kunai"},{"floor":20,"key":"Enchiridion"},{"floor":22,"key":"Happy Flower"},{"floor":24,"key":"Ancient Tea Set"},{"floor":26,"key":"Regal Pillow"},{"floor":31,"key":"Unceasing Top"},{"floor":41,"key":"Pantograph"},{"floor":46,"key":"Lantern"},{"floor":48,"key":"War Paint"},{"floor":54,"key":"Ninja Scroll"}],"event_choices":[{"damage_healed":0,"gold_gain":0,"player_choice":"Success","damage_taken":3,"relics_obtained":["Potion Belt"],"max_hp_gain":0,"max_hp_loss":0,"event_name":"Scrap Ooze","floor":5,"gold_loss":0},{"damage_healed":0,"gold_gain":100,"player_choice":"Pray","damage_taken":0,"max_hp_gain":0,"max_hp_loss":0,"event_name":"Golden Shrine","floor":14,"gold_loss":0},{"cards_removed":["Strike_G"],"damage_healed":0,"gold_gain":0,"player_choice":"Gave Gold","damage_taken":0,"max_hp_gain":0,"max_hp_loss":0,"event_name":"Beggar","floor":19,"gold_loss":75},{"damage_healed":0,"gold_gain":0,"player_choice":"Obtained Book","damage_taken":16,"max_hp_gain":0,"max_hp_loss":0,"event_name":"Cursed Tome","floor":20,"gold_loss":0},{"damage_healed":0,"gold_gain":0,"player_choice":"Ignored","damage_taken":0,"max_hp_gain":0,"max_hp_loss":0,"event_name":"Vampires","floor":28,"gold_loss":0},{"damage_healed":0,"gold_gain":0,"player_choice":"Ignored","damage_taken":0,"max_hp_gain":0,"max_hp_loss":0,"event_name":"SecretPortal","floor":36,"gold_loss":0},{"damage_healed":0,"gold_gain":0,"player_choice":"Ignored","damage_taken":0,"max_hp_gain":0,"max_hp_loss":0,"event_name":"Tomb of Lord Red Mask","floor":42,"gold_loss":0}],"is_beta":false,"boss_relics":[{"not_picked":["Eternal Feather","Cursed Key"],"picked":"Snecko Eye"},{"not_picked":["Lizard Tail","Tiny House"],"picked":"Astrolabe"}],"items_purged_floors":[38],"is_endless":false,"potions_floor_spawned":[1,7,11,18,24,33,39,46],"ascension_level":1}