{"gold_per_floor":[109,109,127,227,240,265,265,281,305,318,5,19,19,40,40,143,143,158,173,173,189,35,35,51,51,51,51,81,0,13,32,32,127,127,140,152,168,168,168],"floor_reached":39,"playtime":3615,"items_purged":[],"score":466,"play_id":"3c31ed2d-9129-4bec-8ae3-eb59739195a6","local_time":"20190305235214","is_ascension_mode":true,"campfire_choices":[{"floor":7,"key":"REST"},{"floor":15,"key":"REST"},{"data":"Bullet Time","floor":23,"key":"SMITH"},{"floor":25,"key":"REST"},{"floor":32,"key":"REST"}],"neow_cost":"TEN_PERCENT_HP_LOSS","seed_source_timestamp":1574467758721216,"circlet_count":0,"master_deck":["Defend_G","Defend_G+1","Defend_G","Defend_G","Strike_G","Strike_G","Strike_G","Survivor","Neutralize","Dash","Backflip","Caltrops","Cloak And Dagger","Quick Slash","Noxious Fumes","Night Terror","Bullet Time+1","Dagger Spray","Corpse Explosion","Blade Dance+1","Accuracy","Deadly Poison","Adrenaline","Well Laid Plans","Well Laid Plans","Envenom","Tools of the Trade+1","Grand Finale+1","Blur+1","Skewer+1","Catalyst+1","Parasite","Leg Sweep"],"relics":["Ring of the Snake","FossilizedHelix","Oddly Smooth Stone","War Paint","Odd Mushroom","Lizard Tail","Art of War","Ancient Tea Set","Bottled Flame","Regal Pillow","Astrolabe"],"potions_floor_usage":[6,13,16,28,30,31,31],"damage_taken":[{"damage":0,"enemies":"Small Slimes","floor":1,"turns":3},{"damage":0,"enemies":"Cultist","floor":3,"turns":3},{"damage":0,"enemies":"Jaw Worm","floor":5,"turns":4},{"damage":42,"enemies":"Lagavulin","floor":6,"turns":11},{"damage":0,"enemies":"2 Fungi Beasts","floor":8,"turns":4},{"damage":0,"enemies":"3 Louse","floor":10,"turns":5},{"damage":10,"enemies":"Exordium Thugs","floor":12,"turns":8},{"damage":0,"enemies":"Gremlin Nob","floor":13,"turns":2},{"damage":15,"enemies":"The Mushroom Lair","floor":14,"turns":4},{"damage":4,"enemies":"Hexaghost","floor":16,"turns":11},{"damage":1,"enemies":"3 Byrds","floor":18,"turns":3},{"damage":6,"enemies":"Chosen","floor":19,"turns":8},{"damage":23,"enemies":"Snake Plant","floor":21,"turns":7},{"damage":16,"enemies":"Shelled Parasite and Fungi","floor":24,"turns":7},{"damage":41,"enemies":"Slavers","floor":28,"turns":4},{"damage":0,"enemies":"3 Cultists","floor":30,"turns":3},{"damage":8,"enemies":"Snake Plant","floor":31,"turns":7},{"damage":56,"enemies":"Collector","floor":33,"turns":11},{"damage":17,"enemies":"3 Darklings","floor":35,"turns":4},{"damage":28,"enemies":"Orb Walker","floor":36,"turns":5},{"damage":18,"enemies":"Writhing Mass","floor":37,"turns":8},{"damage":121,"enemies":"Transient","floor":39,"turns":5}],"seed_played":"2627219953409290078","potions_obtained":[{"floor":5,"key":"Explosive Potion"},{"floor":6,"key":"SkillPotion"},{"floor":8,"key":"SmokeBomb"},{"floor":12,"key":"Dexterity Potion"},{"floor":16,"key":"LiquidBronze"},{"floor":19,"key":"Regen Potion"},{"floor":24,"key":"GhostInAJar"},{"floor":28,"key":"EssenceOfSteel"},{"floor":35,"key":"FairyPotion"},{"floor":37,"key":"Regen Potion"}],"is_trial":false,"path_per_floor":["M","?","M","?","M","E","R","M","T","M","$","M","?","?","R","B",null,"M","M","?","M","$","R","M","R","T","$","E","?","M","M","R","B",null,"M","M","M","?","M"],"character_chosen":"THE_SILENT","items_purchased":["Noxious Fumes","Night Terror","Bullet Time","Ancient Tea Set"],"campfire_rested":4,"item_purchase_floors":[11,11,11,22],"current_hp_per_floor":[63,68,68,68,68,26,46,46,46,46,46,36,36,21,41,37,68,67,61,61,38,38,38,22,42,42,42,6,6,6,34,68,12,68,51,23,5,59,0],"gold":168,"neow_bonus":"ONE_RARE_RELIC","is_prod":false,"is_daily":false,"chose_seed":false,"campfire_upgraded":1,"win_rate":0,"timestamp":1551858734,"path_taken":["M","?","M","?","M","E","R","M","T","?","?","M","?","?","R","BOSS","M","M","?","M","$","R","M","R","T","?","E","?","M","M","R","BOSS","M","M","M","?","M"],"build_version":"2019-01-23","purchased_purges":0,"victory":false,"max_hp_per_floor":[63,68,68,68,68,68,68,68,68,68,68,68,68,68,68,68,68,68,68,68,68,68,68,68,68,68,68,68,68,68,68,68,68,68,68,68,68,59,59],"card_choices":[{"not_picked":["Deadly Poison","Catalyst"],"picked":"Dash","floor":1},{"not_picked":["Choke","Flying Knee"],"picked":"Backflip","floor":3},{"not_picked":["Flying Knee","Escape Plan"],"picked":"Caltrops","floor":5},{"not_picked":["Deflect","Prepared"],"picked":"Cloak And Dagger","floor":6},{"not_picked":["Prepared","Dodge and Roll"],"picked":"Quick Slash","floor":8},{"not_picked":["Choke","Setup","Bane"],"picked":"SKIP","floor":10},{"not_picked":["Quick Slash","Sucker Punch"],"picked":"Dagger Spray","floor":12},{"not_picked":["Burst","Night Terror"],"picked":"Corpse Explosion","floor":16},{"not_picked":["Quick Slash","Heel Hook","Outmaneuver+1"],"picked":"SKIP","floor":18},{"not_picked":["Choke","Calculated Gamble"],"picked":"Blade Dance+1","floor":19},{"not_picked":["Quick Slash+1","Backflip+1"],"picked":"Accuracy","floor":21},{"not_picked":["Accuracy","Sucker Punch"],"picked":"Deadly Poison","floor":24},{"not_picked":["Backflip+1","Eviscerate"],"picked":"Adrenaline","floor":28},{"not_picked":["Reflex+1","Caltrops"],"picked":"Well Laid Plans","floor":30},{"not_picked":["Escape Plan","Expertise"],"picked":"Well Laid Plans","floor":31},{"not_picked":["Grand Finale","Tools of the Trade"],"picked":"Envenom","floor":33},{"not_picked":["Blur","Flying Knee+1"],"picked":"Skewer+1","floor":35},{"not_picked":["Dodge and Roll","Slice+1"],"picked":"Catalyst+1","floor":36},{"not_picked":["Well Laid Plans+1","Deadly Poison+1"],"picked":"Leg Sweep","floor":37}],"player_experience":79948,"relics_obtained":[{"floor":6,"key":"Oddly Smooth Stone"},{"floor":9,"key":"War Paint"},{"floor":14,"key":"Odd Mushroom"},{"floor":26,"key":"Bottled Flame"},{"floor":28,"key":"Regal Pillow"}],"event_choices":[{"damage_healed":0,"gold_gain":0,"player_choice":"Donut","damage_taken":0,"max_hp_gain":5,"max_hp_loss":0,"event_name":"Big Fish","floor":2,"gold_loss":0},{"damage_healed":0,"gold_gain":100,"player_choice":"Pray","damage_taken":0,"max_hp_gain":0,"max_hp_loss":0,"event_name":"Golden Shrine","floor":4,"gold_loss":0},{"damage_healed":0,"gold_gain":0,"player_choice":"Searched \u00271\u0027 times","damage_taken":0,"max_hp_gain":0,"max_hp_loss":0,"event_name":"Dead Adventurer","floor":13,"gold_loss":0},{"damage_healed":0,"gold_gain":0,"player_choice":"Fought Mushrooms","damage_taken":0,"max_hp_gain":0,"max_hp_loss":0,"event_name":"Mushrooms","floor":14,"gold_loss":0},{"damage_healed":0,"gold_gain":0,"player_choice":"Opened","damage_taken":0,"relics_obtained":["Art of War"],"max_hp_gain":0,"max_hp_loss":0,"event_name":"The Mausoleum","floor":20,"gold_loss":0},{"damage_healed":0,"gold_gain":0,"player_choice":"Paid Fearfully","damage_taken":0,"max_hp_gain":0,"max_hp_loss":0,"event_name":"Masked Bandits","floor":29,"gold_loss":81},{"damage_healed":59,"gold_gain":0,"player_choice":"Heal","damage_taken":0,"max_hp_gain":0,"max_hp_loss":9,"event_name":"The Moai Head","floor":38,"gold_loss":0}],"is_beta":false,"boss_relics":[{"not_picked":["Empty Cage","Tiny House"],"picked":"Lizard Tail"},{"not_picked":["White Beast Statue","Eternal Feather"],"picked":"Astrolabe"}],"items_purged_floors":[],"is_endless":false,"potions_floor_spawned":[5,6,8,12,16,19,24,28,35,37],"killed_by":"Transient","ascension_level":3}