{"gold_per_floor":[118,128,128,203,223,249,249,214,214,214,246,260,260],"floor_reached":13,"playtime":530,"items_purged":[],"score":126,"play_id":"fc068c42-c147-4751-a1f7-c9b1134011a5","local_time":"20190423104349","is_ascension_mode":true,"campfire_choices":[{"floor":7,"key":"REST"},{"data":"Sweeping Beam","floor":10,"key":"SMITH"}],"neow_cost":"NONE","seed_source_timestamp":7932404585186,"circlet_count":0,"master_deck":["Strike_B","Strike_B","Strike_B","Strike_B","Defend_B","Defend_B","Defend_B","Defend_B","Zap","Dualcast","Steam","Gash","Genetic Algorithm","Sweeping Beam+1","Static Discharge+1","White Noise"],"relics":["Cracked Core","Question Card","Frozen Egg 2","Vajra"],"potions_floor_usage":[11,12,13],"damage_taken":[{"damage":0,"enemies":"Cultist","floor":1,"turns":4},{"damage":0,"enemies":"Small Slimes","floor":2,"turns":3},{"damage":3,"enemies":"2 Louse","floor":5,"turns":2},{"damage":57,"enemies":"Lagavulin","floor":6,"turns":9},{"damage":54,"enemies":"Gremlin Nob","floor":11,"turns":5},{"damage":0,"enemies":"2 Fungi Beasts","floor":12,"turns":3},{"damage":8,"enemies":"Blue Slaver","floor":13,"turns":1}],"seed_played":"5940708738054521348","potions_obtained":[{"floor":6,"key":"Block Potion"},{"floor":11,"key":"Dexterity Potion"},{"floor":12,"key":"SneckoOil"}],"is_trial":false,"path_per_floor":["?","?","?"],"character_chosen":"DEFECT","items_purchased":[],"campfire_rested":1,"item_purchase_floors":[],"current_hp_per_floor":[75,75,80,69,66,9,35,56,56,56,2,2,0],"gold":260,"neow_bonus":"TEN_PERCENT_HP_BONUS","is_prod":false,"is_daily":false,"chose_seed":false,"campfire_upgraded":1,"win_rate":0,"timestamp":1556009029,"path_taken":["M","M","?","?","M","E","R","?","T","R","E","M","M"],"build_version":"2019-01-23","purchased_purges":0,"victory":false,"max_hp_per_floor":[82,82,87,87,87,87,87,87,87,87,87,87,87],"card_choices":[{"not_picked":["Redo","Barrage"],"picked":"Steam","floor":1},{"not_picked":["Streamline","Compile Driver"],"picked":"Gash","floor":2},{"not_picked":["Melter","Fusion"],"picked":"Genetic Algorithm","floor":5},{"not_picked":["Turbo","Darkness"],"picked":"Sweeping Beam","floor":6},{"not_picked":["Double Energy","Go for the Eyes","Stack"],"picked":"Static Discharge+1","floor":11},{"not_picked":["Rainbow","Cold Snap","Sweeping Beam"],"picked":"White Noise","floor":12}],"player_experience":506414,"relics_obtained":[{"floor":6,"key":"Question Card"},{"floor":9,"key":"Frozen Egg 2"},{"floor":11,"key":"Vajra"}],"event_choices":[{"damage_healed":0,"gold_gain":0,"player_choice":"Donut","damage_taken":0,"max_hp_gain":5,"max_hp_loss":0,"event_name":"Big Fish","floor":3,"gold_loss":0},{"damage_healed":0,"gold_gain":75,"player_choice":"Gather Gold","damage_taken":11,"max_hp_gain":0,"max_hp_loss":0,"event_name":"World of Goop","floor":4,"gold_loss":0},{"damage_healed":21,"gold_gain":0,"player_choice":"Healed","damage_taken":0,"max_hp_gain":0,"max_hp_loss":0,"event_name":"The Cleric","floor":8,"gold_loss":35}],"is_beta":false,"boss_relics":[],"items_purged_floors":[],"is_endless":false,"potions_floor_spawned":[6,11,12],"killed_by":"Blue Slaver","ascension_level":7}