{"gold_per_floor":[115,128,142,153,153,182,182,194,194,70,96,96,196,208,208,313,313,301,319,329,79,94,94,94],"floor_reached":24,"playtime":1201,"items_purged":["Strike_B","Strike_B"],"score":263,"play_id":"a67779b7-c1b1-46dd-901e-1c72d5cb199b","local_time":"20190410103021","is_ascension_mode":true,"campfire_choices":[{"floor":7,"key":"REST"},{"data":"Defragment","floor":12,"key":"SMITH"},{"floor":15,"key":"REST"},{"floor":23,"key":"REST"}],"neow_cost":"TEN_PERCENT_HP_LOSS","seed_source_timestamp":7339982553914,"circlet_count":0,"master_deck":["Strike_B","Strike_B","Defend_B","Defend_B","Defend_B","Defend_B","Zap+1","Dualcast","Turbo","Capacitor","Cold Snap","Defragment+1","Defragment","Conserve Battery","Conserve Battery","Coolheaded","Meteor Strike","Compile Driver","Steam","Loop+1","Self Repair","Hologram"],"relics":["Cracked Core","StoneCalendar","Omamori","Potion Belt","Dream Catcher","Fusion Hammer","DataDisk"],"potions_floor_usage":[6,11,16,24],"damage_taken":[{"damage":6,"enemies":"Small Slimes","floor":1,"turns":3},{"damage":0,"enemies":"2 Louse","floor":2,"turns":3},{"damage":1,"enemies":"Cultist","floor":3,"turns":3},{"damage":27,"enemies":"Large Slime","floor":4,"turns":7},{"damage":18,"enemies":"3 Sentries","floor":6,"turns":7},{"damage":2,"enemies":"Blue Slaver","floor":8,"turns":4},{"damage":18,"enemies":"Lagavulin","floor":11,"turns":6},{"damage":2,"enemies":"2 Fungi Beasts","floor":14,"turns":4},{"damage":4,"enemies":"Hexaghost","floor":16,"turns":9},{"damage":23,"enemies":"2 Thieves","floor":18,"turns":4},{"damage":14,"enemies":"Shell Parasite","floor":19,"turns":7},{"damage":5,"enemies":"Sentry and Sphere","floor":20,"turns":7},{"damage":9,"enemies":"Cultist and Chosen","floor":22,"turns":7},{"damage":37,"enemies":"Gremlin Leader","floor":24,"turns":2}],"seed_played":"5964957214254559812","potions_obtained":[{"floor":2,"key":"SpeedPotion"},{"floor":4,"key":"Block Potion"},{"floor":14,"key":"AttackPotion"},{"floor":16,"key":"FearPotion"},{"floor":18,"key":"SpeedPotion"},{"floor":22,"key":"SkillPotion"}],"is_trial":false,"path_per_floor":["?","?","M"],"character_chosen":"DEFECT","items_purchased":["Explosive Potion","DataDisk"],"campfire_rested":3,"item_purchase_floors":[10,21],"current_hp_per_floor":[62,62,61,34,34,16,36,34,34,34,16,16,16,14,34,30,59,36,22,17,17,8,28,0],"gold":94,"neow_bonus":"ONE_RARE_RELIC","is_prod":false,"is_daily":false,"chose_seed":false,"campfire_upgraded":1,"win_rate":0,"timestamp":1554885021,"path_taken":["M","M","M","M","?","E","R","M","T","$","E","R","?","M","R","BOSS","M","M","M","$","?","R","E"],"build_version":"2019-01-23","purchased_purges":2,"victory":false,"max_hp_per_floor":[68,68,68,68,68,68,68,68,68,68,68,68,68,68,68,68,68,68,68,68,68,68,68,68],"card_choices":[{"not_picked":["Beam Cell","Rebound"],"picked":"Turbo","floor":1},{"not_picked":["Redo","Loop"],"picked":"Capacitor","floor":2},{"not_picked":["Coolheaded","Chill"],"picked":"Cold Snap","floor":3},{"not_picked":["Streamline","Stack","Leap"],"picked":"SKIP","floor":4},{"not_picked":["Force Field","Stack"],"picked":"Defragment","floor":6},{"not_picked":["Hologram","Cold Snap"],"picked":"Defragment","floor":8},{"not_picked":["Heatsinks","Force Field"],"picked":"Conserve Battery","floor":11},{"not_picked":["Cold Snap","Barrage"],"picked":"Conserve Battery","floor":14},{"not_picked":["Undo","White Noise"],"picked":"Coolheaded","floor":15},{"not_picked":["Amplify","Seek"],"picked":"Meteor Strike","floor":16},{"not_picked":["Heatsinks","Leap"],"picked":"Compile Driver","floor":18},{"not_picked":["Storm","Rebound"],"picked":"Steam","floor":19},{"not_picked":["Compile Driver","Leap"],"picked":"Loop+1","floor":20},{"not_picked":["Rebound","White Noise"],"picked":"Self Repair","floor":22},{"not_picked":["Conserve Battery","Beam Cell"],"picked":"Hologram","floor":23}],"player_experience":433739,"relics_obtained":[{"floor":6,"key":"Omamori"},{"floor":9,"key":"Potion Belt"},{"floor":11,"key":"Dream Catcher"}],"event_choices":[{"damage_healed":0,"gold_gain":0,"player_choice":"Grow","damage_taken":0,"max_hp_gain":0,"max_hp_loss":0,"event_name":"Living Wall","floor":5,"gold_loss":0,"cards_upgraded":["Zap"]},{"damage_healed":0,"gold_gain":100,"player_choice":"Pray","damage_taken":0,"max_hp_gain":0,"max_hp_loss":0,"event_name":"Golden Shrine","floor":13,"gold_loss":0}],"is_beta":false,"boss_relics":[{"not_picked":["Orrery","Calling Bell"],"picked":"Fusion Hammer"}],"items_purged_floors":[10,21],"is_endless":false,"potions_floor_spawned":[2,4,14,16,18,22],"killed_by":"Gremlin Leader","ascension_level":5}