{"gold_per_floor":[11,11,28,28,42,75,86,86,86,106,120,132,132,157,157,262,262,281,281,234,245,258,258,273,273,298,330,330,362,53,53,53,154,154,166,181,193,193,205,205,235,251,251,251,263,263,263,312,312,312],"floor_reached":51,"playtime":3254,"items_purged":[],"score":754,"play_id":"d0e822bb-c237-4ac7-aca0-4e6a02799fcd","local_time":"20190719071728","is_ascension_mode":false,"campfire_choices":[{"data":"Feed","floor":8,"key":"SMITH"},{"data":"Dual Wield","floor":13,"key":"SMITH"},{"data":"Inflame","floor":15,"key":"SMITH"},{"data":"Iron Wave","floor":23,"key":"SMITH"},{"data":"RitualDagger","floor":28,"key":"SMITH"},{"floor":32,"key":"REST"},{"data":"Offering","floor":40,"key":"SMITH"},{"data":"Heavy Blade","floor":44,"key":"SMITH"},{"data":"Bludgeon","floor":46,"key":"SMITH"},{"floor":49,"key":"REST"}],"neow_cost":"NO_GOLD","seed_source_timestamp":199195466651734,"circlet_count":0,"master_deck":["Bash","Dark Shackles","Trip+1","Thunderclap","Inflame+1","Feed+1","Heavy Blade+1","Spot Weakness+1","Dual Wield+1","Bludgeon+1","Twin Strike","Uppercut","Inflame","Sword Boomerang","Havoc+1","Impervious","Rage","Dark Embrace","Sword Boomerang+1","Dark Shackles","Shrug It Off","Infernal Blade+1","Iron Wave+1","Anger+1","RitualDagger+1","Iron Wave+1","Offering+1","Enlightenment","Secret Technique","Intimidate+1"],"relics":["Burning Blood","Incense Burner","Bird Faced Urn","Question Card","Pandora\u0027s Box","Happy Flower","Pen Nib","Pantograph","Lantern","War Paint","Omamori","White Beast Statue","Potion Belt","Dodecahedron","Magic Flower"],"potions_floor_usage":[12,14,16,18,29,29,33,41,41,48,50,50],"damage_taken":[{"damage":8,"enemies":"2 Louse","floor":1,"turns":2},{"damage":8,"enemies":"Jaw Worm","floor":3,"turns":4},{"damage":1,"enemies":"Cultist","floor":5,"turns":3},{"damage":31,"enemies":"3 Sentries","floor":6,"turns":7},{"damage":18,"enemies":"Exordium Thugs","floor":7,"turns":4},{"damage":0,"enemies":"2 Fungi Beasts","floor":10,"turns":2},{"damage":8,"enemies":"Gremlin Gang","floor":11,"turns":5},{"damage":20,"enemies":"Exordium Wildlife","floor":12,"turns":5},{"damage":19,"enemies":"Gremlin Nob","floor":14,"turns":4},{"damage":36,"enemies":"Slime Boss","floor":16,"turns":7},{"damage":27,"enemies":"2 Thieves","floor":18,"turns":3},{"damage":13,"enemies":"Chosen","floor":21,"turns":4},{"damage":10,"enemies":"Centurion and Healer","floor":22,"turns":5},{"damage":5,"enemies":"Sentry and Sphere","floor":24,"turns":5},{"damage":25,"enemies":"Book of Stabbing","floor":27,"turns":4},{"damage":48,"enemies":"Slavers","floor":29,"turns":6},{"damage":28,"enemies":"Champ","floor":33,"turns":8},{"damage":27,"enemies":"3 Shapes","floor":35,"turns":4},{"damage":0,"enemies":"Orb Walker","floor":36,"turns":3},{"damage":40,"enemies":"Spire Growth","floor":37,"turns":5},{"damage":15,"enemies":"Maw","floor":39,"turns":7},{"damage":3,"enemies":"Nemesis","floor":41,"turns":5},{"damage":0,"enemies":"Jaw Worm Horde","floor":42,"turns":3},{"damage":12,"enemies":"Writhing Mass","floor":45,"turns":4},{"damage":19,"enemies":"2 Orb Walkers","floor":48,"turns":2},{"damage":89,"enemies":"Donu and Deca","floor":50,"turns":10}],"seed_played":"36375157855300725","potions_obtained":[{"floor":7,"key":"GamblersBrew"},{"floor":10,"key":"PowerPotion"},{"floor":11,"key":"PowerPotion"},{"floor":12,"key":"Ancient Potion"},{"floor":16,"key":"AttackPotion"},{"floor":22,"key":"Ancient Potion"},{"floor":29,"key":"Swift Potion"},{"floor":35,"key":"PowerPotion"},{"floor":37,"key":"Strength Potion"},{"floor":39,"key":"Block Potion"},{"floor":41,"key":"EssenceOfSteel"},{"floor":42,"key":"Ancient Potion"},{"floor":45,"key":"Weak Potion"}],"is_trial":false,"path_per_floor":["M","?","M","?","M","E","M","R","T","M","M","M","R","E","R","B",null,"M","?","$","M","M","R","M","?","T","E","R","E","$","T","R","B",null,"M","M","M","$","M","R","E","M","T","R","M","R","?","?","R","B",null],"character_chosen":"IRONCLAD","items_purchased":["Shrug It Off","Lantern","War Paint"],"campfire_rested":2,"item_purchase_floors":[20,30,30],"current_hp_per_floor":[78,78,76,69,74,52,43,43,43,55,59,45,45,40,40,16,102,85,85,85,84,90,90,95,89,89,74,74,38,38,38,73,84,122,103,111,81,81,80,80,89,103,103,103,99,99,94,87,126,62],"gold":312,"neow_bonus":"RANDOM_COLORLESS_2","is_prod":false,"is_daily":false,"chose_seed":false,"campfire_upgraded":8,"win_rate":0,"timestamp":1563545848,"path_taken":["M","?","M","?","?","E","M","R","T","M","M","M","R","E","R","BOSS","M","?","?","M","M","R","?","?","T","E","R","E","$","?","R","BOSS","M","?","M","$","M","R","E","M","T","R","M","R","?","?","R","BOSS"],"build_version":"2019-07-18","purchased_purges":0,"victory":true,"max_hp_per_floor":[80,80,80,80,80,83,86,86,86,90,94,94,94,98,98,102,102,106,106,106,110,114,114,114,114,114,114,114,118,118,118,118,122,122,122,122,122,122,126,126,126,130,130,130,130,130,130,130,130,134],"card_choices":[{"not_picked":["Iron Wave","Warcry"],"picked":"Thunderclap","floor":1},{"not_picked":["Twin Strike","Sword Boomerang"],"picked":"Inflame","floor":3},{"not_picked":["Thunderclap","Spot Weakness"],"picked":"Feed","floor":5},{"not_picked":["Flame Barrier","Seeing Red"],"picked":"Heavy Blade","floor":6},{"not_picked":["Havoc","Anger"],"picked":"Spot Weakness","floor":7},{"not_picked":["Warcry","Brutality","Twin Strike"],"picked":"SKIP","floor":10},{"not_picked":["Havoc","Pommel Strike"],"picked":"Dual Wield","floor":11},{"not_picked":["Havoc","Sentinel","Clothesline"],"picked":"SKIP","floor":12},{"not_picked":["Shrug It Off","Body Slam","Warcry"],"picked":"SKIP","floor":14},{"not_picked":["Brutality","Exhume","Fiend Fire"],"picked":"Bludgeon","floor":16},{"not_picked":["Power Through+1","Headbutt","Sever Soul"],"picked":"Sword Boomerang+1","floor":18},{"not_picked":["Anger","Sword Boomerang","Reckless Charge"],"picked":"Infernal Blade+1","floor":21},{"not_picked":["Thunderclap","Clash+1","Dropkick"],"picked":"Iron Wave","floor":22},{"not_picked":["Cleave","Exhume","Pummel"],"picked":"Anger+1","floor":24},{"not_picked":["Disarm+1","Flame Barrier","Searing Blow"],"picked":"Iron Wave+1","floor":27},{"not_picked":["Clothesline+1","Seeing Red","Disarm","Clash+1"],"picked":"SKIP","floor":29},{"not_picked":["Immolate","Juggernaut","Feed"],"picked":"Offering","floor":33},{"not_picked":["Wild Strike","Bloodletting+1","Havoc+1","Sentinel+1"],"picked":"SKIP","floor":35},{"not_picked":["True Grit","Perfected Strike+1","Flex","Whirlwind+1"],"picked":"SKIP","floor":36},{"not_picked":["Power Through+1","Searing Blow+1","Shrug It Off","Pommel Strike"],"picked":"SKIP","floor":37},{"not_picked":["Cleave+1","Infernal Blade","Rupture","Sword Boomerang+1"],"picked":"SKIP","floor":39},{"not_picked":["Bloodletting+1","Barricade","Dropkick","Burning Pact"],"picked":"SKIP","floor":41},{"not_picked":["Clash","Entrench","Shrug It Off","Uppercut+1"],"picked":"SKIP","floor":42},{"not_picked":["Wild Strike","Perfected Strike+1","Rupture+1","Headbutt"],"picked":"SKIP","floor":45},{"not_picked":["Sadistic Nature","Panache","Dramatic Entrance"],"picked":"Enlightenment","floor":47},{"not_picked":["The Bomb","Panacea","Jack Of All Trades"],"picked":"Secret Technique","floor":47},{"not_picked":["Flex","Sever Soul+1","Iron Wave+1"],"picked":"Intimidate+1","floor":48}],"player_experience":1138937,"relics_obtained":[{"floor":6,"key":"Incense Burner"},{"floor":9,"key":"Bird Faced Urn"},{"floor":14,"key":"Question Card"},{"floor":26,"key":"Happy Flower"},{"floor":27,"key":"Pen Nib"},{"floor":29,"key":"Pantograph"},{"floor":31,"key":"Omamori"},{"floor":41,"key":"Potion Belt"},{"floor":43,"key":"Dodecahedron"},{"floor":48,"key":"Magic Flower"}],"event_choices":[{"damage_healed":0,"gold_gain":0,"player_choice":"Grow","damage_taken":0,"max_hp_gain":0,"max_hp_loss":0,"event_name":"Living Wall","floor":2,"gold_loss":0,"cards_upgraded":["Trip"]},{"cards_removed":["Strike_R"],"damage_healed":0,"gold_gain":0,"player_choice":"Card Removal","damage_taken":7,"max_hp_gain":0,"max_hp_loss":0,"event_name":"Golden Wing","floor":4,"gold_loss":0},{"damage_healed":0,"gold_gain":0,"player_choice":"1 cards matched","damage_taken":0,"max_hp_gain":0,"max_hp_loss":0,"event_name":"Match and Keep!","floor":19,"gold_loss":0,"cards_obtained":["Dark Shackles"]},{"damage_healed":0,"gold_gain":0,"player_choice":"Joined the Cult","damage_taken":6,"max_hp_gain":0,"max_hp_loss":0,"event_name":"Nest","floor":25,"gold_loss":0,"cards_obtained":["RitualDagger"]},{"damage_healed":0,"gold_gain":0,"player_choice":"Memory 2","damage_taken":5,"max_hp_gain":0,"max_hp_loss":0,"event_name":"SensoryStone","floor":47,"gold_loss":0},{"damage_healed":0,"gold_gain":0,"player_choice":"Fight","damage_taken":0,"max_hp_gain":0,"max_hp_loss":0,"event_name":"Mysterious Sphere","floor":48,"gold_loss":0}],"is_beta":true,"boss_relics":[{"not_picked":["Fusion Hammer","Snecko Eye"],"picked":"Pandora\u0027s Box"},{"not_picked":["Black Blood","Astrolabe"],"picked":"White Beast Statue"}],"items_purged_floors":[],"is_endless":false,"potions_floor_spawned":[7,10,11,12,16,22,29,35,36,37,39,41,42,45,48],"ascension_level":0}