{"gold_per_floor":[115,390,404,416,416,416,152,185,185,199,237,306,306,327,327,448,448,467,1,17,17,37,73,73,114,191,225,225,225,250,263,263,386,386,407,468,488,118,118,153,165,302,314,344,356,388,413,425,437,449,461,473,36,70,70],"floor_reached":55,"playtime":3128,"items_purged":["Regret","Strike_B","Strike_B","Strike_B"],"score":902,"play_id":"a486c1ab-eb20-4129-a8f7-b3e57014125a","local_time":"20190509124635","is_ascension_mode":true,"campfire_choices":[{"data":"Leap","floor":6,"key":"SMITH"},{"floor":13,"key":"REST"},{"data":"Zap","floor":15,"key":"SMITH"},{"floor":24,"key":"REST"},{"data":"Coolheaded","floor":29,"key":"SMITH"},{"floor":32,"key":"REST"},{"floor":41,"key":"RECALL"},{"data":"Echo Form","floor":49,"key":"SMITH"},{"data":"Leap","floor":52,"key":"SMITH"}],"neow_cost":"PERCENT_DAMAGE","seed_source_timestamp":10085136725267,"circlet_count":0,"master_deck":["Strike_B","Defend_B","Defend_B","Defend_B","Defend_B","Zap+1","Dualcast","Gash","Gash","Leap+1","Conserve Battery","FTL","Impatience","White Noise","Hologram+1","FTL","Gash","All For One","Conserve Battery+1","Go for the Eyes","All For One","Master of Strategy","Turbo","Gash","Coolheaded+1","Rebound","Gash","Hyperbeam","Leap+1","Echo Form+1","Go for the Eyes+1","Leap+1","Hologram+1","Blind","Conserve Battery+1","Hologram+1","Leap+1","Writhe","Skim+1"],"relics":["Cracked Core","Golden Idol","Blue Candle","Anchor","Dream Catcher","Vajra","Philosopher\u0027s Stone","StoneCalendar","Meat on the Bone","Letter Opener","Question Card","Black Star","Du-Vu Doll","Sling","MawBank","Pen Nib","Ginger","Pear","Bag of Preparation","Nunchaku"],"potions_floor_usage":[8,11,11,11,16,33,36,36,36,50,50,54,55],"damage_taken":[{"damage":0,"enemies":"Small Slimes","floor":1,"turns":2},{"damage":8,"enemies":"Cultist","floor":3,"turns":3},{"damage":1,"enemies":"2 Louse","floor":4,"turns":2},{"damage":9,"enemies":"3 Sentries","floor":8,"turns":7},{"damage":0,"enemies":"Large Slime","floor":10,"turns":3},{"damage":19,"enemies":"Gremlin Nob","floor":11,"turns":6},{"damage":5,"enemies":"3 Sentries","floor":12,"turns":7},{"damage":0,"enemies":"2 Fungi Beasts","floor":14,"turns":2},{"damage":1,"enemies":"Slime Boss","floor":16,"turns":5},{"damage":0,"enemies":"Spheric Guardian","floor":18,"turns":2},{"damage":0,"enemies":"Chosen","floor":20,"turns":3},{"damage":25,"enemies":"Snake Plant","floor":22,"turns":3},{"damage":10,"enemies":"Gremlin Leader","floor":23,"turns":3},{"damage":2,"enemies":"Book of Stabbing","floor":25,"turns":3},{"damage":6,"enemies":"Gremlin Leader","floor":27,"turns":4},{"damage":23,"enemies":"Centurion and Healer","floor":30,"turns":6},{"damage":6,"enemies":"3 Cultists","floor":31,"turns":3},{"damage":24,"enemies":"Collector","floor":33,"turns":6},{"damage":0,"enemies":"Orb Walker","floor":35,"turns":3},{"damage":45,"enemies":"2 Orb Walkers","floor":36,"turns":5},{"damage":0,"enemies":"3 Darklings","floor":37,"turns":3},{"damage":8,"enemies":"Reptomancer","floor":40,"turns":4},{"damage":31,"enemies":"Mind Bloom Boss Battle","floor":42,"turns":7},{"damage":18,"enemies":"Writhing Mass","floor":44,"turns":5},{"damage":4,"enemies":"Maw","floor":46,"turns":4},{"damage":0,"enemies":"Transient","floor":47,"turns":5},{"damage":55,"enemies":"Awakened One","floor":50,"turns":10},{"damage":24,"enemies":"Shield and Spear","floor":54,"turns":7},{"damage":69,"enemies":"The Heart","floor":55,"turns":3}],"seed_played":"940623306728036187","potions_obtained":[{"floor":1,"key":"Block Potion"},{"floor":10,"key":"EntropicBrew"},{"floor":11,"key":"Ancient Potion"},{"floor":12,"key":"Weak Potion"},{"floor":14,"key":"Strength Potion"},{"floor":20,"key":"SpeedPotion"},{"floor":22,"key":"FearPotion"},{"floor":33,"key":"FocusPotion"},{"floor":35,"key":"Explosive Potion"},{"floor":47,"key":"Strength Potion"},{"floor":54,"key":"SpeedPotion"}],"is_trial":false,"path_per_floor":["?","M","?","?","?","?","?","?","?","?","M","?"],"character_chosen":"DEFECT","items_purchased":["Conserve Battery","FTL","Impatience","Go for the Eyes","All For One","Master of Strategy","Sling","FearPotion","Pear","Weak Potion"],"campfire_rested":3,"item_purchase_floors":[7,7,7,19,19,19,38,38,53,53],"current_hp_per_floor":[68,68,60,59,59,59,59,50,50,50,31,26,50,50,50,49,82,82,82,82,82,57,47,71,69,69,63,63,63,52,46,70,46,82,82,49,49,49,49,53,53,34,34,28,28,36,48,69,69,26,82,82,92,68,0],"gold":70,"neow_bonus":"TWENTY_PERCENT_HP_BONUS","is_prod":false,"is_daily":false,"chose_seed":false,"campfire_upgraded":5,"win_rate":0,"timestamp":1557398795,"path_taken":["M","?","?","M","?","R","$","E","T","M","E","?","R","M","R","BOSS","M","$","M","?","M","E","R","E","T","E","?","R","M","M","R","BOSS","M","?","M","$","?","E","R","?","T","M","?","M","?","?","R","BOSS","R","$","E","BOSS"],"build_version":"2019-01-23","purchased_purges":4,"victory":false,"max_hp_per_floor":[89,89,89,89,82,82,82,82,82,82,82,82,82,82,82,82,82,82,82,82,82,82,82,82,82,82,82,82,82,82,82,82,82,82,82,82,82,82,82,82,82,82,82,82,82,82,82,82,82,82,82,82,92,92,92],"card_choices":[{"not_picked":["FTL","White Noise"],"picked":"Gash","floor":1},{"not_picked":["Sweeping Beam","Rebound"],"picked":"Gash","floor":3},{"not_picked":["Ball Lightning","Sweeping Beam"],"picked":"Leap","floor":4},{"not_picked":["Barrage","Rainbow"],"picked":"White Noise","floor":8},{"not_picked":["Beam Cell","Stack"],"picked":"Hologram","floor":10},{"not_picked":["Melter","Static Discharge","Cold Snap"],"picked":"SKIP","floor":11},{"not_picked":["Rebound","Stack"],"picked":"FTL","floor":12},{"not_picked":["Leap","Skim"],"picked":"Gash","floor":13},{"not_picked":["Compile Driver","Rebound","Stack"],"picked":"SKIP","floor":14},{"not_picked":["Multi-Cast","Machine Learning"],"picked":"All For One","floor":16},{"not_picked":["Leap","Redo"],"picked":"Conserve Battery+1","floor":18},{"not_picked":["Cold Snap","Stack"],"picked":"Turbo","floor":20},{"not_picked":["Force Field+1","Blizzard","Compile Driver"],"picked":"SKIP","floor":22},{"not_picked":["Auto Shields","Reprogram","Sweeping Beam"],"picked":"SKIP","floor":23},{"not_picked":["Leap","Cold Snap+1"],"picked":"Coolheaded","floor":25},{"not_picked":["Scrape","Blizzard"],"picked":"Rebound","floor":27},{"not_picked":["Rebound","Leap","Sweeping Beam"],"picked":"Gash","floor":30},{"not_picked":["Compile Driver","Cold Snap+1","Recycle+1"],"picked":"Hyperbeam","floor":31},{"not_picked":["Steam","Stack","White Noise"],"picked":"Leap","floor":32},{"not_picked":["Creative AI","Meteor Strike","Machine Learning"],"picked":"Echo Form","floor":33},{"not_picked":["Sweeping Beam+1","Rebound+1","Turbo+1"],"picked":"Go for the Eyes+1","floor":35},{"not_picked":["Compile Driver+1","Storm+1","Undo"],"picked":"Leap+1","floor":36},{"not_picked":["Ball Lightning+1","Chaos","Heatsinks+1"],"picked":"Hologram","floor":37},{"not_picked":["Mind Blast","Impatience","PanicButton"],"picked":"Blind","floor":39},{"not_picked":["Chill","Echo Form","Coolheaded","Stack+1"],"picked":"SKIP","floor":40},{"not_picked":["Barrage+1","Stack","Static Discharge+1"],"picked":"Conserve Battery+1","floor":42},{"not_picked":["Hologram","Barrage","Chaos","Scrape+1"],"picked":"SKIP","floor":44},{"not_picked":["BootSequence","Steam","Scrape+1"],"picked":"Hologram+1","floor":46},{"not_picked":["Electrodynamics","Coolheaded","Glacier"],"picked":"Leap+1","floor":47},{"not_picked":["Sweeping Beam","Rip and Tear+1","Cold Snap"],"picked":"Skim+1","floor":54}],"player_experience":604836,"relics_obtained":[{"floor":8,"key":"Blue Candle"},{"floor":9,"key":"Anchor"},{"floor":11,"key":"Dream Catcher"},{"floor":12,"key":"Vajra"},{"floor":23,"key":"StoneCalendar"},{"floor":25,"key":"Meat on the Bone"},{"floor":26,"key":"Letter Opener"},{"floor":27,"key":"Question Card"},{"floor":36,"key":"Du-Vu Doll"},{"floor":40,"key":"MawBank"},{"floor":40,"key":"Pen Nib"},{"floor":42,"key":"Ginger"},{"floor":54,"key":"Bag of Preparation"},{"floor":54,"key":"Nunchaku"}],"event_choices":[{"damage_healed":0,"gold_gain":275,"player_choice":"Desecrate","damage_taken":0,"max_hp_gain":0,"max_hp_loss":0,"event_name":"Golden Shrine","floor":2,"gold_loss":0,"cards_obtained":["Regret"]},{"damage_healed":0,"gold_gain":0,"player_choice":"Lose Max HP","damage_taken":0,"relics_obtained":["Golden Idol"],"max_hp_gain":0,"max_hp_loss":7,"event_name":"Golden Idol","floor":5,"gold_loss":0},{"damage_healed":0,"gold_gain":0,"player_choice":"Searched \u00272\u0027 times","damage_taken":0,"max_hp_gain":0,"max_hp_loss":0,"event_name":"Dead Adventurer","floor":12,"gold_loss":0},{"damage_healed":0,"gold_gain":0,"player_choice":"Read","damage_taken":0,"max_hp_gain":0,"max_hp_loss":0,"event_name":"The Library","floor":21,"gold_loss":0,"cards_obtained":["Gash"]},{"damage_healed":0,"gold_gain":0,"player_choice":"Upgraded","damage_taken":0,"max_hp_gain":0,"max_hp_loss":0,"event_name":"Upgrade Shrine","floor":28,"gold_loss":0,"cards_upgraded":["Hologram"]},{"damage_healed":0,"gold_gain":0,"player_choice":"Fight","damage_taken":0,"max_hp_gain":0,"max_hp_loss":0,"event_name":"Mysterious Sphere","floor":36,"gold_loss":0},{"damage_healed":0,"gold_gain":0,"player_choice":"Memory 1","damage_taken":0,"max_hp_gain":0,"max_hp_loss":0,"event_name":"SensoryStone","floor":39,"gold_loss":0},{"damage_healed":0,"gold_gain":0,"player_choice":"Fight","damage_taken":0,"max_hp_gain":0,"max_hp_loss":0,"event_name":"MindBloom","floor":42,"gold_loss":0},{"damage_healed":0,"gold_gain":0,"player_choice":"Upgraded","damage_taken":0,"max_hp_gain":0,"max_hp_loss":0,"event_name":"Upgrade Shrine","floor":45,"gold_loss":0,"cards_upgraded":["Hologram"]},{"damage_healed":21,"gold_gain":0,"player_choice":"Writhe","damage_taken":0,"max_hp_gain":0,"max_hp_loss":0,"event_name":"Winding Halls","floor":48,"gold_loss":0,"cards_obtained":["Writhe"]}],"is_beta":false,"boss_relics":[{"not_picked":["Coffee Dripper","Calling Bell"],"picked":"Philosopher\u0027s Stone"},{"not_picked":["Lizard Tail","Snecko Eye"],"picked":"Black Star"}],"items_purged_floors":[7,19,38,53],"is_endless":false,"potions_floor_spawned":[1,10,11,12,14,18,20,22,33,35,47,54],"killed_by":"The Heart","ascension_level":1}