{"gold_per_floor":[113,124,144,159,170,170,198,184,184,184,200,200,215,232,232,333,333,345,357,192,207,226,252,252,278,278,278,290,309,309,337,337,337],"floor_reached":33,"playtime":3693,"items_purged":["Strike_B"],"score":467,"play_id":"e365f6dd-9378-47d4-a9c7-b644ef1cd91c","local_time":"20190412104158","is_ascension_mode":true,"campfire_choices":[{"data":"Zap","floor":6.0,"key":"SMITH"},{"data":"Dualcast","floor":10.0,"key":"SMITH"},{"data":"Consume","floor":15.0,"key":"SMITH"},{"data":"Electrodynamics","floor":24,"key":"SMITH"},{"data":"White Noise","floor":27,"key":"SMITH"},{"data":"Hologram","floor":32,"key":"SMITH"}],"neow_cost":"NONE","seed_source_timestamp":0,"circlet_count":0,"master_deck":["Strike_B","Strike_B","Strike_B","Defend_B","Defend_B","Defend_B","Defend_B","Zap+1","Dualcast+1","Consume+1","White Noise+1","Glacier","Self Repair","Hologram+1","Steam Power","Glacier","Sweeping Beam","Conserve Battery","Electrodynamics+1","Cold Snap+1","Go for the Eyes+1","Doom and Gloom","Coolheaded","Blizzard+1","Core Surge","Coolheaded+1","Cold Snap","Ghostly+1","Ghostly+1","Ghostly+1","Ghostly+1","Ghostly+1"],"special_seed":0,"relics":["Cracked Core","Sundial","Meat on the Bone","Nuclear Battery","Art of War","Ornamental Fan","Toxic Egg 2","Mummified Hand"],"potions_floor_usage":[33],"damage_taken":[{"damage":1.0,"enemies":"Cultist","floor":1.0,"turns":3.0},{"damage":1.0,"enemies":"2 Louse","floor":2.0,"turns":2.0},{"damage":7.0,"enemies":"Jaw Worm","floor":3.0,"turns":5.0},{"damage":3.0,"enemies":"3 Louse","floor":4.0,"turns":5.0},{"damage":23.0,"enemies":"Large Slime","floor":5.0,"turns":9.0},{"damage":34.0,"enemies":"Gremlin Nob","floor":7.0,"turns":5.0},{"damage":11.0,"enemies":"Exordium Thugs","floor":8.0,"turns":5.0},{"damage":8.0,"enemies":"2 Fungi Beasts","floor":11.0,"turns":5.0},{"damage":0.0,"enemies":"Looter","floor":13.0,"turns":4.0},{"damage":5.0,"enemies":"Large Slime","floor":14.0,"turns":6.0},{"damage":6.0,"enemies":"The Guardian","floor":16.0,"turns":13.0},{"damage":19.0,"enemies":"Spheric Guardian","floor":18.0,"turns":9.0},{"damage":21.0,"enemies":"Chosen","floor":19.0,"turns":7.0},{"damage":12.0,"enemies":"Centurion and Healer","floor":21.0,"turns":7.0},{"damage":6.0,"enemies":"Shelled Parasite and Fungi","floor":22.0,"turns":9.0},{"damage":30,"enemies":"Slavers","floor":23,"turns":6},{"damage":26,"enemies":"Book of Stabbing","floor":25,"turns":7},{"damage":3,"enemies":"Snake Plant","floor":28,"turns":6},{"damage":0,"enemies":"Centurion and Healer","floor":29,"turns":5},{"damage":0,"enemies":"Slavers","floor":31,"turns":5},{"damage":56,"enemies":"Collector","floor":33,"turns":12}],"seed_played":"-4923211858362028513","potions_obtained":[{"floor":3.0,"key":"Dexterity Potion"},{"floor":4.0,"key":"Poison Potion"},{"floor":5.0,"key":"Explosive Potion"},{"floor":12.0,"key":"FocusPotion"},{"floor":16.0,"key":"Block Potion"}],"is_trial":false,"path_per_floor":["M","M","?","M","M","?"],"character_chosen":"DEFECT","items_purchased":["Doom and Gloom","Coolheaded"],"campfire_rested":0,"item_purchase_floors":[20,20],"current_hp_per_floor":[74,73,66,63,47,47,20,9,9,9,20,20,39,53,53,54,75,63,49,49,56,57,46,46,39,39,39,55,62,41,41,41,0],"gold":337,"neow_bonus":"TEN_PERCENT_HP_BONUS","is_prod":false,"is_daily":false,"chose_seed":false,"campfire_upgraded":6,"win_rate":0,"timestamp":1555058518,"path_taken":["M","M","?","M","M","R","E","?","T","R","M","?","M","M","R","BOSS","M","M","$","M","M","E","R","E","T","R","?","?","?","E","R","BOSS"],"build_version":"2019-01-23","purchased_purges":1,"victory":false,"max_hp_per_floor":[82,82,82,82,82,82,82,82,82,82,82,82,82,82,82,82,82,82,82,82,82,82,82,82,82,82,82,82,82,41,41,41,41],"card_choices":[{"not_picked":["Steam","Beam Cell"],"picked":"Consume","floor":1.0},{"not_picked":["Consume","Leap"],"picked":"White Noise","floor":2.0},{"not_picked":["Streamline","Sunder"],"picked":"Glacier","floor":3.0},{"not_picked":["White Noise","Stack"],"picked":"Self Repair","floor":4.0},{"not_picked":["Thunder Strike","Aggregate"],"picked":"Hologram","floor":5.0},{"not_picked":["Double Energy","Leap","Compile Driver"],"picked":"SKIP","floor":7.0},{"not_picked":["Hologram","Force Field"],"picked":"Steam Power","floor":8.0},{"not_picked":["Barrage","Ball Lightning"],"picked":"Glacier","floor":11.0},{"not_picked":["Hologram","Lockon"],"picked":"Sweeping Beam","floor":13.0},{"not_picked":["Go for the Eyes","Leap"],"picked":"Conserve Battery","floor":14.0},{"not_picked":["Reboot","Core Surge"],"picked":"Electrodynamics","floor":16.0},{"not_picked":["Storm","Coolheaded"],"picked":"Cold Snap+1","floor":18.0},{"not_picked":["Barrage","Rebound"],"picked":"Go for the Eyes+1","floor":19.0},{"not_picked":["Melter","Compile Driver"],"picked":"Blizzard+1","floor":21.0},{"not_picked":["Rebound","Sweeping Beam","Streamline"],"picked":"SKIP","floor":22.0},{"not_picked":["Hello World","Streamline"],"picked":"Core Surge","floor":23},{"not_picked":["Barrage+1","Aggregate","Streamline"],"picked":"SKIP","floor":25},{"not_picked":["Sweeping Beam","Barrage"],"picked":"Coolheaded+1","floor":28},{"not_picked":["Rebound","Coolheaded+1"],"picked":"Cold Snap","floor":29},{"not_picked":["Rebound","Scrape+1","Streamline+1"],"picked":"SKIP","floor":31}],"player_experience":447819,"relics_obtained":[{"floor":7.0,"key":"Sundial"},{"floor":9.0,"key":"Meat on the Bone"},{"floor":23,"key":"Art of War"},{"floor":25,"key":"Ornamental Fan"},{"floor":26,"key":"Toxic Egg 2"},{"floor":31,"key":"Mummified Hand"}],"event_choices":[{"damage_healed":0.0,"max_hp_gain":0.0,"max_hp_loss":0.0,"gold_gain":0.0,"event_name":"Lab","player_choice":"Got Potions","floor":12.0,"gold_loss":0.0,"damage_taken":0.0},{"damage_healed":0,"gold_gain":0,"player_choice":"Became a Ghost","damage_taken":0,"max_hp_gain":0,"max_hp_loss":41,"event_name":"Ghosts","floor":30,"gold_loss":0,"cards_obtained":["Ghostly","Ghostly","Ghostly","Ghostly","Ghostly"]}],"is_beta":false,"boss_relics":[{"not_picked":["Cursed Key","Calling Bell"],"picked":"Nuclear Battery"}],"items_purged_floors":[20],"is_endless":false,"potions_floor_spawned":[3,4,5,13,16,18,21,25,29,31],"killed_by":"Collector","ascension_level":6}