{"gold_per_floor":[147,164,7,22,40,68,68,41,68,102,102,120,120,146,158,170],"floor_reached":16,"playtime":1455,"items_purged":[],"score":110,"play_id":"82d02c1f-255e-4c6f-8847-60c067bc2d04","local_time":"20190723032124","is_ascension_mode":false,"campfire_choices":[{"floor":7,"key":"REST"},{"floor":11,"key":"REST"},{"data":"Night Terror","floor":13,"key":"SMITH"},{"data":"Cloak And Dagger","floor":15,"key":"SMITH"}],"neow_cost":"NONE","seed_source_timestamp":5133535207131,"circlet_count":0,"master_deck":["Strike_G","Strike_G","Strike_G","Strike_G","Strike_G","Defend_G","Defend_G","Defend_G","Defend_G","Defend_G","Survivor","Neutralize","Cloak And Dagger+1","Acrobatics","Escape Plan","Night Terror+1","Backflip"],"relics":["Ring of the Snake","Tiny Chest","Happy Flower","Ancient Tea Set","Oddly Smooth Stone","Lantern","MawBank"],"potions_floor_usage":[4,10,12],"damage_taken":[{"damage":1,"enemies":"Cultist","floor":1,"turns":4},{"damage":8,"enemies":"Jaw Worm","floor":2,"turns":4},{"damage":0,"enemies":"Small Slimes","floor":4,"turns":3},{"damage":1,"enemies":"Exordium Wildlife","floor":5,"turns":6},{"damage":50,"enemies":"Gremlin Nob","floor":6,"turns":6},{"damage":20,"enemies":"Lagavulin","floor":10,"turns":11},{"damage":0,"enemies":"Gremlin Gang","floor":12,"turns":3},{"damage":31,"enemies":"Slime Boss","floor":16,"turns":17}],"seed_played":"7297602795493305440","potions_obtained":[{"floor":2,"key":"Poison Potion"},{"floor":5,"key":"SpeedPotion"},{"floor":10,"key":"Explosive Potion"}],"is_trial":false,"path_per_floor":["M","M","$","M","M","E","R","$","T","E","R","M","R","T","R","B"],"character_chosen":"THE_SILENT","items_purchased":["Happy Flower","Backflip"],"campfire_rested":2,"item_purchase_floors":[3,8],"current_hp_per_floor":[69,61,61,61,60,10,31,31,31,11,32,32,32,32,32,1],"gold":170,"neow_bonus":"RANDOM_COMMON_RELIC","is_prod":false,"is_daily":false,"chose_seed":false,"campfire_upgraded":2,"win_rate":0,"timestamp":1563877284,"path_taken":["M","M","$","M","M","E","R","$","T","E","R","M","R","?","R","BOSS"],"build_version":"2019-07-18","purchased_purges":0,"victory":false,"max_hp_per_floor":[70,70,70,70,70,70,70,70,70,70,70,70,70,70,70,70],"card_choices":[{"not_picked":["Quick Slash","Slice"],"picked":"Cloak And Dagger","floor":1},{"not_picked":["Dagger Throw","Riddle With Holes"],"picked":"Acrobatics","floor":2},{"not_picked":["Outmaneuver","Bane","Masterful Stab"],"picked":"SKIP","floor":4},{"not_picked":["Flechettes","Calculated Gamble"],"picked":"Escape Plan","floor":5},{"not_picked":["Well Laid Plans","Quick Slash"],"picked":"Night Terror","floor":6},{"not_picked":["Eviscerate","Dodge and Roll","Caltrops"],"picked":"SKIP","floor":10},{"not_picked":["Sucker Punch","Predator","Quick Slash"],"picked":"SKIP","floor":12}],"player_experience":1187895,"relics_obtained":[{"floor":6,"key":"Ancient Tea Set"},{"floor":9,"key":"Oddly Smooth Stone"},{"floor":10,"key":"Lantern"},{"floor":14,"key":"MawBank"}],"event_choices":[],"is_beta":true,"boss_relics":[],"items_purged_floors":[],"is_endless":false,"potions_floor_spawned":[2,5,10],"killed_by":"Slime Boss","ascension_level":0}