{"gold_per_floor":[119,139,153,163,174,174,47,47,129,154,167,167,167,182,182,284,284,297,151,151,162,193,193,218,62,62,82,95,95,120,134,134,237,237,257,276,291,291,301,301,301,312,357,357,386,608,203,213,213,213,213,213,9,37,37],"floor_reached":56,"playtime":2971,"items_purged":["Strike_B","Strike_B"],"score":1345,"play_id":"12dd7c3b-7550-4516-8d4e-140cb43e07a1","local_time":"20190604100931","is_ascension_mode":true,"campfire_choices":[{"data":"Zap","floor":6.0,"key":"SMITH"},{"data":"Self Repair","floor":8.0,"key":"SMITH"},{"data":"Static Discharge","floor":13.0,"key":"SMITH"},{"data":"Coolheaded","floor":15.0,"key":"SMITH"},{"data":"Go for the Eyes","floor":23.0,"key":"SMITH"},{"data":"Defragment","floor":29,"key":"SMITH"},{"data":"Coolheaded","floor":32,"key":"SMITH"},{"floor":41,"key":"RECALL"},{"data":"Biased Cognition","floor":44,"key":"SMITH"},{"data":"Defend_B","floor":49,"key":"SMITH"},{"data":"Steam","floor":52,"key":"SMITH"}],"neow_cost":"NONE","seed_source_timestamp":0,"circlet_count":0,"master_deck":["Strike_B+1","Defend_B+1","Defend_B","Defend_B","Defend_B","Zap+1","Dualcast","Self Repair+1","Sweeping Beam","Go for the Eyes+1","Go for the Eyes+1","Coolheaded+1","Steam+1","Static Discharge+1","Sweeping Beam","Electrodynamics","Coolheaded+1","Ball Lightning","White Noise+1","Defragment+1","Coolheaded+1","Ball Lightning","Biased Cognition+1","Steam+1","Skim+1","Blind+1","Bandage Up+1","Thinking Ahead+1","Leap+1","Cold Snap","Conserve Battery+1","Consume+1","Panacea+1","Leap+1","Steam+1"],"special_seed":0,"relics":["Cracked Core","Gremlin Horn","Incense Burner","Inserter","Red Mask","Whetstone","DataDisk","Toxic Egg 2","Shuriken","Philosopher\u0027s Stone","Potion Belt","ClockworkSouvenir","Pen Nib","Torii"],"potions_floor_usage":[50,55,55,55],"damage_taken":[{"damage":1.0,"enemies":"2 Louse","floor":1.0,"turns":2.0},{"damage":0.0,"enemies":"Small Slimes","floor":2.0,"turns":2.0},{"damage":1.0,"enemies":"Cultist","floor":3.0,"turns":3.0},{"damage":17.0,"enemies":"Exordium Thugs","floor":4.0,"turns":5.0},{"damage":5.0,"enemies":"Looter","floor":5.0,"turns":3.0},{"damage":5.0,"enemies":"3 Sentries","floor":10.0,"turns":6.0},{"damage":1.0,"enemies":"3 Louse","floor":11.0,"turns":3.0},{"damage":0.0,"enemies":"Large Slime","floor":14.0,"turns":5.0},{"damage":25.0,"enemies":"Hexaghost","floor":16.0,"turns":11.0},{"damage":15.0,"enemies":"3 Byrds","floor":18.0,"turns":4.0},{"damage":2.0,"enemies":"2 Thieves","floor":21.0,"turns":3.0},{"damage":12.0,"enemies":"Masked Bandits","floor":22.0,"turns":2.0},{"damage":19.0,"enemies":"Book of Stabbing","floor":24.0,"turns":5.0},{"damage":8,"enemies":"Centurion and Healer","floor":27,"turns":3},{"damage":15,"enemies":"Snake Plant","floor":28,"turns":4},{"damage":0,"enemies":"Gremlin Leader","floor":30,"turns":8},{"damage":17,"enemies":"Snecko","floor":31,"turns":5},{"damage":48,"enemies":"Automaton","floor":33,"turns":12},{"damage":0,"enemies":"3 Shapes","floor":35,"turns":3},{"damage":19,"enemies":"3 Darklings","floor":36,"turns":4},{"damage":9,"enemies":"Transient","floor":37,"turns":5},{"damage":0,"enemies":"Maw","floor":39,"turns":7},{"damage":0,"enemies":"4 Shapes","floor":42,"turns":2},{"damage":17,"enemies":"Nemesis","floor":45,"turns":13},{"damage":0,"enemies":"Jaw Worm Horde","floor":48,"turns":3},{"damage":0,"enemies":"Time Eater","floor":50,"turns":11},{"damage":31,"enemies":"Shield and Spear","floor":54,"turns":8},{"damage":45,"enemies":"The Heart","floor":55,"turns":12}],"seed_played":"-1064100794899210518","potions_obtained":[{"floor":1.0,"key":"EssenceOfSteel"},{"floor":3.0,"key":"EssenceOfSteel"},{"floor":10.0,"key":"Swift Potion"},{"floor":16.0,"key":"AttackPotion"},{"floor":21.0,"key":"LiquidBronze"},{"floor":28,"key":"SteroidPotion"},{"floor":36,"key":"PowerPotion"},{"floor":48,"key":"GamblersBrew"},{"floor":54,"key":"Ancient Potion"}],"is_trial":false,"path_per_floor":["?","?","?","?","?","?"],"character_chosen":"DEFECT","items_purchased":["Coolheaded","Ball Lightning","DataDisk","ClockworkSouvenir","Pen Nib","Cold Snap","Consume+1","Panacea+1","Leap+1"],"campfire_rested":0,"item_purchase_floors":[7,19,25,47,47,47,53,53,53],"current_hp_per_floor":[81,82,82,72,67,67,67,67,67,72,81,74,74,82,82,67,82,77,77,77,82,70,70,61,61,61,63,58,58,68,61,61,13,82,82,73,74,74,78,68,68,74,74,74,73,73,73,78,78,78,78,78,78,63,34],"gold":37,"neow_bonus":"TEN_PERCENT_HP_BONUS","is_prod":false,"is_daily":false,"chose_seed":false,"campfire_upgraded":10,"win_rate":0,"timestamp":1559635771,"path_taken":["M","M","M","M","M","R","$","R","T","E","M","?","R","M","R","BOSS","M","$","?","M","?","R","E","$","T","M","M","R","E","M","R","BOSS","M","M","M","?","M","?","R","M","T","R","E","?","$","M","R","BOSS","R","$","E","BOSS"],"build_version":"2019-01-23","purchased_purges":2,"victory":true,"max_hp_per_floor":[82,82,82,82,82,82,82,82,82,82,82,82,82,82,82,82,82,82,82,82,82,82,82,82,82,82,82,82,82,82,82,82,82,82,82,82,82,78,78,78,78,78,78,78,78,78,78,78,78,78,78,78,78,78,78],"card_choices":[{"not_picked":["Undo","Sweeping Beam"],"picked":"Self Repair","floor":1.0},{"not_picked":["Leap","Ball Lightning"],"picked":"Sweeping Beam","floor":2.0},{"not_picked":["Turbo","Meteor Strike"],"picked":"Go for the Eyes","floor":3.0},{"not_picked":["Heatsinks","Force Field","Stack"],"picked":"SKIP","floor":4.0},{"not_picked":["Beam Cell","Barrage"],"picked":"Go for the Eyes","floor":5.0},{"not_picked":["Streamline","Meteor Strike"],"picked":"Steam","floor":10.0},{"not_picked":["Stack","Gash"],"picked":"Static Discharge","floor":11.0},{"not_picked":["Darkness","Rebound"],"picked":"Sweeping Beam","floor":14.0},{"not_picked":["Hyperbeam","Rainbow"],"picked":"Electrodynamics","floor":16.0},{"not_picked":["Streamline","Fusion+1"],"picked":"Coolheaded","floor":18.0},{"not_picked":["Sweeping Beam","Tempest+1"],"picked":"White Noise+1","floor":21.0},{"not_picked":["Multi-Cast","Redo","Steam Power+1"],"picked":"SKIP","floor":24.0},{"not_picked":["Multi-Cast","Redo","Steam Power+1"],"picked":"SKIP","floor":24.0},{"not_picked":["Lockon","Gash+1"],"picked":"Defragment","floor":27},{"not_picked":["Lockon+1","Compile Driver"],"picked":"Coolheaded+1","floor":28},{"not_picked":["Sweeping Beam","Auto Shields+1","Hello World"],"picked":"SKIP","floor":30},{"not_picked":["Hello World+1","Capacitor+1"],"picked":"Ball Lightning","floor":31},{"not_picked":["Creative AI","Rainbow+1"],"picked":"Biased Cognition","floor":33},{"not_picked":["Sweeping Beam","Gash+1","Double Energy+1"],"picked":"SKIP","floor":35},{"not_picked":["Beam Cell+1","Stack+1"],"picked":"Steam+1","floor":36},{"not_picked":["Rebound","Compile Driver+1","Fusion+1"],"picked":"SKIP","floor":37},{"not_picked":["Chill+1","Compile Driver+1"],"picked":"Skim+1","floor":39},{"not_picked":["PanicButton+1","Thinking Ahead+1"],"picked":"Blind+1","floor":40},{"not_picked":["Blind+1","Good Instincts+1"],"picked":"Bandage Up+1","floor":40},{"not_picked":["Discovery+1","Secret Weapon+1"],"picked":"Thinking Ahead+1","floor":40},{"not_picked":["Steam+1","Coolheaded+1"],"picked":"Leap+1","floor":42},{"not_picked":["Multi-Cast+1","Go for the Eyes","FTL"],"picked":"SKIP","floor":45},{"not_picked":["Beam Cell+1","Melter+1"],"picked":"Conserve Battery+1","floor":48},{"not_picked":["Redo+1","Stack+1"],"picked":"Steam+1","floor":54}],"player_experience":771135,"relics_obtained":[{"floor":9.0,"key":"Gremlin Horn"},{"floor":10.0,"key":"Incense Burner"},{"floor":22.0,"key":"Red Mask"},{"floor":24.0,"key":"Whetstone"},{"floor":26,"key":"Toxic Egg 2"},{"floor":30,"key":"Shuriken"},{"floor":45,"key":"Potion Belt"},{"floor":54,"key":"Torii"}],"event_choices":[{"cards_removed":["Strike_B"],"damage_healed":0.0,"max_hp_gain":0.0,"max_hp_loss":0.0,"gold_gain":0.0,"event_name":"Golden Wing","player_choice":"Card Removal","floor":12.0,"gold_loss":0.0,"damage_taken":7.0},{"damage_healed":0.0,"max_hp_gain":0.0,"max_hp_loss":0.0,"gold_gain":0.0,"event_name":"Ghosts","player_choice":"Ignored","floor":20.0,"gold_loss":0.0,"damage_taken":0.0},{"damage_healed":0.0,"max_hp_gain":0.0,"max_hp_loss":0.0,"gold_gain":0.0,"event_name":"Masked Bandits","player_choice":"Fought Bandits","floor":22.0,"gold_loss":0.0,"damage_taken":0.0},{"damage_healed":0,"gold_gain":0,"player_choice":"Max HP","damage_taken":0,"max_hp_gain":0,"max_hp_loss":4,"event_name":"Winding Halls","floor":38,"gold_loss":0},{"damage_healed":0,"gold_gain":0,"player_choice":"Memory 3","damage_taken":10,"max_hp_gain":0,"max_hp_loss":0,"event_name":"SensoryStone","floor":40,"gold_loss":0},{"damage_healed":0,"gold_gain":222,"player_choice":"Wore Mask","damage_taken":0,"max_hp_gain":0,"max_hp_loss":0,"event_name":"Tomb of Lord Red Mask","floor":46,"gold_loss":0}],"is_beta":false,"boss_relics":[{"not_picked":["Busted Crown","Pandora\u0027s Box"],"picked":"Inserter"},{"not_picked":["Empty Cage","Eternal Feather"],"picked":"Philosopher\u0027s Stone"}],"items_purged_floors":[7,19],"is_endless":false,"potions_floor_spawned":[1,3,10,16,21,24,28,31,36,39,48,54],"ascension_level":1}