{"gold_per_floor":[413,413,426,443,459,459,493,365,365,377,377,377,402,415,415,516,516,532,532,532,257,269,269,286,297,297,297,69,69,82,102,102,205,205,221,239,258,258,80,80,99,99,99,99,99,119,0,0,0,0],"floor_reached":51,"playtime":4827,"items_purged":["Defend_B"],"score":609,"play_id":"96f2113d-d469-4d4d-9114-2309aa47e9c5","local_time":"20190130193717","is_ascension_mode":false,"campfire_choices":[{"data":"Cold Snap","floor":6.0,"key":"SMITH"},{"floor":15.0,"key":"REST"},{"floor":23.0,"key":"REST"},{"floor":27.0,"key":"REST"},{"data":"Capacitor","floor":32.0,"key":"SMITH"},{"floor":40,"key":"REST"},{"data":"Consume","floor":42,"key":"SMITH"},{"data":"Apotheosis","floor":45,"key":"SMITH"},{"floor":49,"key":"REST"}],"neow_cost":"TEN_PERCENT_HP_LOSS","seed_source_timestamp":0,"circlet_count":0,"master_deck":["Zap","Dualcast","Barrage","Cold Snap+1","Reinforced Body","Barrage","Glacier","Leap","Cold Snap","Conserve Battery","Conserve Battery","Buffer","Sunder+1","Hologram+1","Static Discharge+1","Streamline+1","RitualDagger","Compile Driver","Ball Lightning","Compile Driver","Defragment+1","Capacitor+1","Seek","Barrage+1","Amplify","FTL","Capacitor","FTL","Apotheosis+1","Consume+1","Writhe"],"special_seed":0,"relics":["Cracked Core","Old Coin","Lantern","Question Card","Vajra","Regal Pillow","Juzu Bracelet","Astrolabe","Bottled Flame","Darkstone Periapt","Oddly Smooth Stone","Empty Cage","Pen Nib","Red Mask"],"potions_floor_usage":[37,50],"damage_taken":[{"damage":6.0,"enemies":"2 Louse","floor":1.0,"turns":2.0},{"damage":1.0,"enemies":"Cultist","floor":3.0,"turns":3.0},{"damage":0.0,"enemies":"Small Slimes","floor":4.0,"turns":2.0},{"damage":1.0,"enemies":"Looter","floor":5.0,"turns":3.0},{"damage":18.0,"enemies":"3 Sentries","floor":7.0,"turns":6.0},{"damage":2.0,"enemies":"Lots of Slimes","floor":10.0,"turns":4.0},{"damage":4.0,"enemies":"Lagavulin","floor":13.0,"turns":4.0},{"damage":2.0,"enemies":"Large Slime","floor":14.0,"turns":4.0},{"damage":28.0,"enemies":"Hexaghost","floor":16.0,"turns":15.0},{"damage":20.0,"enemies":"3 Byrds","floor":18.0,"turns":4.0},{"damage":13.0,"enemies":"2 Thieves","floor":22.0,"turns":4.0},{"damage":25.0,"enemies":"3 Cultists","floor":24.0,"turns":5.0},{"damage":7.0,"enemies":"Shelled Parasite and Fungi","floor":25.0,"turns":7.0},{"damage":0.0,"enemies":"Chosen and Byrds","floor":30.0,"turns":6.0},{"damage":0.0,"enemies":"Sentry and Sphere","floor":31.0,"turns":3.0},{"damage":16.0,"enemies":"Champ","floor":33.0,"turns":12.0},{"damage":25.0,"enemies":"3 Shapes","floor":35.0,"turns":4.0},{"damage":17.0,"enemies":"3 Darklings","floor":36.0,"turns":7.0},{"damage":6,"enemies":"Sphere and 2 Shapes","floor":37,"turns":7},{"damage":4,"enemies":"Transient","floor":41,"turns":5},{"damage":37,"enemies":"Spire Growth","floor":46,"turns":5},{"damage":40,"enemies":"Time Eater","floor":50,"turns":14}],"seed_played":"-2373409414509021864","potions_obtained":[{"floor":1.0,"key":"Swift Potion"},{"floor":4.0,"key":"SteroidPotion"},{"floor":5.0,"key":"Strength Potion"},{"floor":10.0,"key":"FearPotion"},{"floor":22.0,"key":"Weak Potion"},{"floor":24.0,"key":"SpeedPotion"},{"floor":33.0,"key":"Energy Potion"},{"floor":35.0,"key":"GamblersBrew"},{"floor":46,"key":"Explosive Potion"}],"is_trial":false,"path_per_floor":["M","?","M","M","M","R","E","$","T","M","?","?","E","M","R","B",null,"M","?","?","$","M","R","M","M","T","R","$","?","M","M","R","B",null,"M","M","M","?","$","R","M","R","T","?","R","M","?","$","R","B",null],"character_chosen":"DEFECT","items_purchased":["Leap","Compile Driver","Bottled Flame","Capacitor","Oddly Smooth Stone","Apotheosis"],"campfire_rested":5,"item_purchase_floors":[8,21,21,28,28,39],"current_hp_per_floor":[62,62,61,61,60,60,42,42,42,40,33,33,29,27,62,34,68,48,42,42,42,29,64,39,32,32,67,67,67,67,67,67,51,68,43,26,20,20,20,55,51,51,51,74,74,37,37,37,74,34],"gold":0,"neow_bonus":"ONE_RARE_RELIC","is_prod":false,"is_daily":false,"chose_seed":false,"campfire_upgraded":4,"win_rate":0.0,"timestamp":1548905837,"path_taken":["M","?","?","M","M","R","E","$","T","M","?","?","E","M","R","BOSS","M","?","?","$","M","R","M","M","T","R","$","?","M","M","R","BOSS","M","M","M","?","$","R","M","R","T","?","R","M","?","?","R","BOSS"],"build_version":"2019-01-23","purchased_purges":1,"victory":true,"max_hp_per_floor":[68,68,68,68,68,68,68,68,68,68,68,68,68,68,68,68,68,68,68,68,68,68,68,68,68,68,68,68,68,68,68,68,68,68,68,68,68,68,68,68,68,68,68,74,74,74,74,74,74,74],"card_choices":[{"not_picked":["Auto Shields","Rebound"],"picked":"Barrage","floor":1.0},{"not_picked":["Genetic Algorithm","Redo"],"picked":"Cold Snap","floor":3.0},{"not_picked":["Beam Cell","Aggregate"],"picked":"Reinforced Body","floor":4.0},{"not_picked":["Turbo","Blizzard"],"picked":"Barrage","floor":5.0},{"not_picked":["Steam Power","Ball Lightning"],"picked":"Glacier","floor":7.0},{"not_picked":["Melter","Barrage","Hello World"],"picked":"Cold Snap","floor":10.0},{"not_picked":["Undo","Fission","Reboot"],"picked":"Conserve Battery","floor":13.0},{"not_picked":["Turbo","Coolheaded","Steam Power"],"picked":"Conserve Battery","floor":14.0},{"not_picked":["Rainbow","Fission","All For One"],"picked":"Buffer","floor":16.0},{"not_picked":["Beam Cell","Scrape","Sunder+1"],"picked":"Streamline+1","floor":18.0},{"not_picked":["Lockon","Sweeping Beam","Barrage"],"picked":"Ball Lightning","floor":22.0},{"not_picked":["Barrage","Fusion","Leap"],"picked":"Compile Driver","floor":24.0},{"not_picked":["Conserve Battery+1","Chill","Fusion+1"],"picked":"Defragment+1","floor":25.0},{"not_picked":["Barrage+1","Sunder","Genetic Algorithm"],"picked":"Seek","floor":30.0},{"not_picked":["Turbo+1","Coolheaded","Heatsinks"],"picked":"Barrage+1","floor":31.0},{"not_picked":["Rainbow","Fission","Machine Learning"],"picked":"Amplify","floor":33.0},{"not_picked":["Chill","Stack","Heatsinks"],"picked":"FTL","floor":35.0},{"not_picked":["Coolheaded","Steam","Self Repair"],"picked":"Capacitor","floor":36.0},{"not_picked":["Coolheaded","White Noise","Cold Snap+1"],"picked":"FTL","floor":37},{"not_picked":["Turbo+1","Amplify","Rebound"],"picked":"Consume","floor":41},{"not_picked":["Ball Lightning","Barrage","Turbo+1","Cold Snap"],"picked":"SKIP","floor":46}],"player_experience":24257,"relics_obtained":[{"floor":7.0,"key":"Question Card"},{"floor":9.0,"key":"Vajra"},{"floor":13.0,"key":"Juzu Bracelet"},{"floor":26.0,"key":"Darkstone Periapt"},{"floor":43,"key":"Pen Nib"}],"event_choices":[{"damage_healed":0.0,"max_hp_gain":0.0,"max_hp_loss":0.0,"gold_gain":0.0,"event_name":"WeMeetAgain","player_choice":"Gave Potion","floor":2.0,"gold_loss":0.0,"damage_taken":0.0,"relics_obtained":["Lantern"]},{"damage_healed":0.0,"max_hp_gain":0.0,"max_hp_loss":0.0,"gold_gain":0.0,"event_name":"Scrap Ooze","player_choice":"Success","floor":11.0,"gold_loss":0.0,"damage_taken":7.0,"relics_obtained":["Regal Pillow"]},{"cards_removed":["Strike_B"],"damage_healed":0.0,"max_hp_gain":0.0,"max_hp_loss":0.0,"gold_gain":0.0,"event_name":"Wheel of Change","player_choice":"Card Removal","floor":12.0,"gold_loss":0.0,"damage_taken":0.0},{"damage_healed":0.0,"max_hp_gain":0.0,"max_hp_loss":0.0,"gold_gain":0.0,"event_name":"Nest","player_choice":"Joined the Cult","floor":19.0,"gold_loss":0.0,"damage_taken":6.0,"cards_obtained":["RitualDagger"]},{"cards_removed":["Defend_B"],"damage_healed":0.0,"max_hp_gain":0.0,"max_hp_loss":0.0,"gold_gain":0.0,"event_name":"Back to Basics","player_choice":"Elegance","floor":20.0,"gold_loss":0.0,"damage_taken":0.0},{"damage_healed":0,"gold_gain":0,"player_choice":"Ignored","damage_taken":0,"max_hp_gain":0,"max_hp_loss":0,"event_name":"The Moai Head","floor":38,"gold_loss":0},{"damage_healed":17,"gold_gain":0,"player_choice":"Writhe","damage_taken":0,"max_hp_gain":0,"max_hp_loss":0,"event_name":"Winding Halls","floor":44,"gold_loss":0,"cards_obtained":["Writhe"]},{"damage_healed":0,"gold_gain":0,"player_choice":"Paid","damage_taken":0,"relics_obtained":["Red Mask"],"max_hp_gain":0,"max_hp_loss":0,"event_name":"Tomb of Lord Red Mask","floor":47,"gold_loss":119}],"is_beta":false,"boss_relics":[{"not_picked":["Tiny House","Coffee Dripper"],"picked":"Astrolabe"},{"not_picked":["White Beast Statue","Velvet Choker"],"picked":"Empty Cage"}],"items_purged_floors":[8],"is_endless":false,"potions_floor_spawned":[1,4,5,10,22,24,33,35,46],"ascension_level":0}