{"gold_per_floor":[110,125,125,125,25,25,25,57,57,57,84,84,84,97,97,196,196,213,213,226,83,97,130,130,130,182,182,105,105,130,140,140,235,235,247,265,281,281,294,294,225,225,276,276,288,288,288,322,322,322,322,322,67,67],"floor_reached":54,"playtime":3437,"items_purged":["Poisoned Stab"],"score":1108,"play_id":"780e3703-1a4d-4137-a964-cbc91bc3be2f","local_time":"20190528141651","is_ascension_mode":true,"campfire_choices":[{"floor":6.0,"key":"REST"},{"floor":10.0,"key":"REST"},{"floor":13.0,"key":"REST"},{"data":"Footwork","floor":15.0,"key":"SMITH"},{"data":"Wraith Form v2","floor":25,"key":"SMITH"},{"data":"Bouncing Flask","floor":27,"key":"SMITH"},{"data":"Corpse Explosion","floor":29,"key":"SMITH"},{"data":"Leg Sweep","floor":32,"key":"SMITH"},{"floor":40,"key":"REST"},{"data":"Dash","floor":42,"key":"SMITH"},{"floor":44,"key":"RECALL"},{"floor":46,"key":"REST"},{"data":"Bouncing Flask","floor":49,"key":"SMITH"},{"data":"Backflip","floor":52,"key":"SMITH"}],"neow_cost":"NONE","seed_source_timestamp":0,"circlet_count":0,"master_deck":["AscendersBane","Defend_G","Defend_G","Defend_G","Defend_G","Defend_G","Survivor","Neutralize+1","Dodge and Roll","Backflip","Footwork+1","Leg Sweep+1","Leg Sweep","Wraith Form v2+1","Dagger Spray","Riddle With Holes","Skewer","Bite","Bite","Bite","Bite","Bite","Bouncing Flask+1","Crippling Poison+1","Noxious Fumes+1","Corpse Explosion+1","Bouncing Flask+1","Burst","Storm of Steel","Backflip+1","Dash+1","Bouncing Flask"],"special_seed":0,"relics":["Snecko Eye","Potion Belt","Bag of Preparation","Snake Skull","Regal Pillow","Orrery","Bronze Scales","Boot","Oddly Smooth Stone","Vajra","HoveringKite","Molten Egg 2","Lantern"],"potions_floor_usage":[23,30,33,50,54],"damage_taken":[{"damage":0.0,"enemies":"Jaw Worm","floor":1.0,"turns":5.0},{"damage":3.0,"enemies":"2 Louse","floor":2.0,"turns":3.0},{"damage":41.0,"enemies":"Lagavulin","floor":8.0,"turns":18.0},{"damage":0.0,"enemies":"Small Slimes","floor":14.0,"turns":5.0},{"damage":24.0,"enemies":"The Guardian","floor":16.0,"turns":28.0},{"damage":14.0,"enemies":"Chosen","floor":18.0,"turns":7.0},{"damage":0,"enemies":"3 Byrds","floor":20,"turns":6},{"damage":8,"enemies":"Shelled Parasite and Fungi","floor":22,"turns":7},{"damage":12,"enemies":"Gremlin Leader","floor":23,"turns":6},{"damage":15,"enemies":"Slavers","floor":30,"turns":3},{"damage":0,"enemies":"Snake Plant","floor":31,"turns":3},{"damage":40,"enemies":"Automaton","floor":33,"turns":9},{"damage":2,"enemies":"Orb Walker","floor":35,"turns":3},{"damage":30,"enemies":"3 Shapes","floor":36,"turns":4},{"damage":10,"enemies":"Sphere and 2 Shapes","floor":37,"turns":5},{"damage":6,"enemies":"Writhing Mass","floor":39,"turns":5},{"damage":24,"enemies":"Transient","floor":45,"turns":5},{"damage":9,"enemies":"Giant Head","floor":48,"turns":8},{"damage":30,"enemies":"Donu and Deca","floor":50,"turns":6},{"damage":53,"enemies":"Shield and Spear","floor":54,"turns":5}],"seed_played":"1226678239134494033","potions_obtained":[{"floor":2.0,"key":"Fire Potion"},{"floor":8.0,"key":"Energy Potion"},{"floor":16.0,"key":"SkillPotion"},{"floor":20,"key":"Regen Potion"},{"floor":23,"key":"Strength Potion"},{"floor":37,"key":"Ancient Potion"},{"floor":39,"key":"GamblersBrew"}],"is_trial":false,"path_per_floor":["?","?","$","?","T","?","?","?","?","?"],"character_chosen":"THE_SILENT","items_purchased":["Backflip","Footwork","Bronze Scales","Corpse Explosion","Dash","Bouncing Flask","Lantern"],"campfire_rested":5,"item_purchase_floors":[5,5,21,28,41,53,53],"current_hp_per_floor":[63,60,53,39,39,60,60,19,19,40,40,28,64,64,64,40,63,49,49,49,49,41,39,44,44,44,44,44,44,31,37,37,26,43,45,23,17,17,15,44,44,44,44,44,28,49,49,49,49,25,43,43,43,0],"gold":67,"neow_bonus":"BOSS_RELIC","is_prod":false,"is_daily":false,"chose_seed":false,"campfire_upgraded":8,"win_rate":0,"timestamp":1559045811,"path_taken":["M","M","?","?","?","R","?","E","T","R","?","?","R","M","R","BOSS","M","?","M","$","M","E","?","R","T","R","$","R","E","M","R","BOSS","M","M","M","?","M","R","$","R","T","R","M","R","?","E","R","BOSS","R","$","E"],"build_version":"2019-01-23","purchased_purges":1,"victory":false,"max_hp_per_floor":[70,70,70,70,70,70,70,70,70,70,70,70,70,70,70,70,70,70,49,49,49,49,49,49,49,49,49,49,49,49,49,49,49,49,49,49,49,49,49,49,49,49,49,49,49,49,49,49,49,49,49,49,49,49],"card_choices":[{"not_picked":["Dagger Throw","Acrobatics"],"picked":"Underhanded Strike","floor":1.0},{"not_picked":["Infinite Blades","Dagger Throw"],"picked":"Dodge and Roll","floor":2.0},{"not_picked":["Heel Hook","Caltrops"],"picked":"Leg Sweep","floor":8.0},{"not_picked":["All Out Attack","Terror"],"picked":"Leg Sweep","floor":14.0},{"not_picked":["Night Terror","After Image"],"picked":"Wraith Form v2","floor":16.0},{"not_picked":["Heel Hook","Flying Knee"],"picked":"Poisoned Stab","floor":17.0},{"not_picked":["Outmaneuver","Dagger Throw"],"picked":"Dagger Spray","floor":17.0},{"not_picked":["Outmaneuver","Underhanded Strike"],"picked":"Riddle With Holes","floor":17.0},{"not_picked":["Dagger Throw","Outmaneuver"],"picked":"Skewer","floor":17.0},{"not_picked":["Masterful Stab","Slice","Deflect+1"],"picked":"SKIP","floor":18.0},{"not_picked":["Adrenaline","Accuracy"],"picked":"Bouncing Flask","floor":20},{"not_picked":["Sucker Punch","Underhanded Strike+1"],"picked":"Crippling Poison+1","floor":22},{"not_picked":["Catalyst+1","Prepared"],"picked":"Noxious Fumes+1","floor":23},{"not_picked":["Bane+1","Sucker Punch+1"],"picked":"Bouncing Flask","floor":30},{"not_picked":["Dodge and Roll+1","Deadly Poison"],"picked":"Burst","floor":31},{"not_picked":["Corpse Explosion","Adrenaline"],"picked":"Storm of Steel","floor":33},{"not_picked":["Blade Dance","Backstab","Quick Slash"],"picked":"SKIP","floor":35},{"not_picked":["Well Laid Plans+1","Outmaneuver"],"picked":"Backflip","floor":36},{"not_picked":["Poisoned Stab+1","Heel Hook","Dagger Spray"],"picked":"SKIP","floor":37},{"not_picked":["Dagger Throw+1","Dodge and Roll","Sucker Punch+1"],"picked":"SKIP","floor":39},{"not_picked":["Slice","Deflect+1","Poisoned Stab"],"picked":"SKIP","floor":45},{"not_picked":["Slice+1","Dagger Throw","Poisoned Stab"],"picked":"SKIP","floor":48}],"player_experience":701094,"relics_obtained":[{"floor":8.0,"key":"Potion Belt"},{"floor":9.0,"key":"Bag of Preparation"},{"floor":11.0,"key":"Snake Skull"},{"floor":23,"key":"Boot"},{"floor":26,"key":"Oddly Smooth Stone"},{"floor":30,"key":"Vajra"},{"floor":48,"key":"Molten Egg 2"}],"event_choices":[{"cards_removed":["Strike_G"],"damage_healed":0.0,"max_hp_gain":0.0,"max_hp_loss":0.0,"gold_gain":0.0,"event_name":"Golden Wing","player_choice":"Card Removal","floor":3.0,"gold_loss":0.0,"damage_taken":7.0},{"damage_healed":0.0,"max_hp_gain":0.0,"max_hp_loss":0.0,"gold_gain":0.0,"event_name":"Shining Light","player_choice":"Entered Light","floor":4.0,"gold_loss":0.0,"damage_taken":14.0,"cards_upgraded":["Strike_G","Neutralize"]},{"damage_healed":0.0,"max_hp_gain":0.0,"max_hp_loss":0.0,"gold_gain":0.0,"event_name":"The Cleric","player_choice":"Leave","floor":7.0,"gold_loss":0.0,"damage_taken":0.0},{"damage_healed":0.0,"max_hp_gain":0.0,"max_hp_loss":0.0,"gold_gain":0.0,"event_name":"Scrap Ooze","player_choice":"Success","floor":12.0,"gold_loss":0.0,"damage_taken":12.0,"relics_obtained":["Regal Pillow"]},{"damage_healed":0.0,"max_hp_gain":0.0,"max_hp_loss":21.0,"gold_gain":0.0,"event_name":"Vampires","player_choice":"Became a vampire","floor":19.0,"gold_loss":0.0,"damage_taken":0.0,"cards_obtained":["Bite","Bite","Bite","Bite","Bite"]},{"cards_removed":["Underhanded Strike"],"damage_healed":5,"gold_gain":0,"player_choice":"Offered Common","damage_taken":0,"max_hp_gain":0,"max_hp_loss":0,"event_name":"Bonfire Elementals","floor":24,"gold_loss":0},{"cards_removed":["Underhanded Strike"],"damage_healed":5,"gold_gain":0,"player_choice":"Offered Special","damage_taken":0,"max_hp_gain":0,"max_hp_loss":0,"event_name":"Bonfire Elementals","floor":24,"gold_loss":0},{"damage_healed":0,"gold_gain":0,"player_choice":"Memory 1","damage_taken":0,"max_hp_gain":0,"max_hp_loss":0,"event_name":"SensoryStone","floor":38,"gold_loss":0},{"damage_healed":0,"gold_gain":0,"player_choice":"Ignored","damage_taken":0,"max_hp_gain":0,"max_hp_loss":0,"event_name":"Mysterious Sphere","floor":47,"gold_loss":0}],"is_beta":false,"boss_relics":[{"not_picked":["Coffee Dripper","White Beast Statue"],"picked":"Orrery"},{"not_picked":["Astrolabe","Eternal Feather"],"picked":"HoveringKite"}],"items_purged_floors":[53],"is_endless":false,"potions_floor_spawned":[2,8,16,20,23,37,39],"killed_by":"Shield and Spear","ascension_level":11}