{"gold_per_floor":[110,185,185,200,150,210,210,17,69,21,47,47,47,66,66,164,164,184,200,217,235,235,266,266,284,366,366],"floor_reached":27,"playtime":1364,"items_purged":[],"score":266,"play_id":"da35de84-a0b1-4e96-9930-2081c0221bc8","local_time":"20190714184442","is_ascension_mode":false,"campfire_choices":[{"data":"Footwork","floor":7.0,"key":"SMITH"},{"data":"Neutralize","floor":13.0,"key":"SMITH"},{"data":"Catalyst","floor":15.0,"key":"SMITH"},{"data":"Malaise","floor":24,"key":"SMITH"}],"neow_cost":"NONE","seed_source_timestamp":139990480355141,"circlet_count":0,"master_deck":["Strike_G+1","Strike_G","Strike_G","Strike_G","Defend_G","Defend_G","Defend_G","Defend_G","Defend_G","Survivor","Neutralize+1","Noxious Fumes+1","Dagger Spray","Footwork+1","Deflect","Wraith Form v2","Catalyst+1","Malaise+1","Deadly Poison","Dagger Spray+1","PiercingWail","Escape Plan","PanicButton","Backflip+1"],"special_seed":0,"relics":["Ring of the Snake","NeowsBlessing","Tiny Chest","TwistedFunnel","Happy Flower","StoneCalendar","Shuriken","Eternal Feather","Darkstone Periapt","Ninja Scroll"],"potions_floor_usage":[23,25,27,27],"damage_taken":[{"damage":0.0,"enemies":"Small Slimes","floor":1.0,"turns":1.0},{"damage":0.0,"enemies":"Jaw Worm","floor":4.0,"turns":1.0},{"damage":0.0,"enemies":"Gremlin Nob","floor":6.0,"turns":1.0},{"damage":10.0,"enemies":"3 Sentries","floor":11.0,"turns":6.0},{"damage":0.0,"enemies":"2 Louse","floor":14.0,"turns":2.0},{"damage":16.0,"enemies":"Slime Boss","floor":16.0,"turns":7.0},{"damage":13.0,"enemies":"2 Thieves","floor":18.0,"turns":4.0},{"damage":19.0,"enemies":"Spheric Guardian","floor":19.0,"turns":6.0},{"damage":7.0,"enemies":"Centurion and Healer","floor":20.0,"turns":6.0},{"damage":9.0,"enemies":"Snake Plant","floor":21.0,"turns":6.0},{"damage":9,"enemies":"Gremlin Leader","floor":23,"turns":6},{"damage":22,"enemies":"Sentry and Sphere","floor":25,"turns":6},{"damage":10,"enemies":"Snecko","floor":27,"turns":3}],"seed_played":"-3324111105004345298","potions_obtained":[{"floor":6.0,"key":"Explosive Potion"},{"floor":14.0,"key":"SkillPotion"},{"floor":19.0,"key":"Dexterity Potion"},{"floor":20.0,"key":"Strength Potion"},{"floor":23,"key":"FearPotion"},{"floor":25,"key":"Dexterity Potion"}],"is_trial":false,"path_per_floor":["M","?","?","M","?","E","R","$","T","$","E","T","R","M","R","B",null,"M","M","M","M","?","E","R","M","T","M"],"character_chosen":"THE_SILENT","items_purchased":["TwistedFunnel","Deflect"],"campfire_rested":0,"item_purchase_floors":[8,10],"current_hp_per_floor":[70,59,45,45,45,45,45,45,45,45,35,35,35,35,35,19,70,57,38,31,22,22,13,25,3,3,0],"gold":366,"neow_bonus":"THREE_ENEMY_KILL","is_prod":false,"is_daily":false,"chose_seed":false,"campfire_upgraded":4,"win_rate":0,"timestamp":1563155082,"path_taken":["M","?","?","M","?","E","R","$","T","$","E","?","R","M","R","BOSS","M","M","?","M","?","E","R","M","T","M"],"build_version":"2019-07-10","purchased_purges":0,"victory":false,"max_hp_per_floor":[70,70,70,70,70,70,70,70,70,70,70,70,70,70,70,70,70,70,70,70,70,70,70,70,70,70,70],"card_choices":[{"not_picked":["Dagger Throw","Catalyst"],"picked":"Noxious Fumes","floor":1.0},{"not_picked":["Riddle With Holes","Quick Slash"],"picked":"Dagger Spray","floor":4.0},{"not_picked":["Quick Slash","Heel Hook"],"picked":"Footwork","floor":6.0},{"not_picked":["Prepared","Concentrate"],"picked":"Wraith Form v2","floor":11.0},{"not_picked":["Backstab","Deflect"],"picked":"Catalyst","floor":14.0},{"not_picked":["Bullet Time","Tools of the Trade"],"picked":"Malaise","floor":16.0},{"not_picked":["Concentrate","Flechettes"],"picked":"Deadly Poison","floor":18.0},{"not_picked":["Blur","Backstab"],"picked":"Dagger Spray+1","floor":19.0},{"not_picked":["Accuracy+1","Dodge and Roll"],"picked":"PiercingWail","floor":20.0},{"not_picked":["Outmaneuver","Acrobatics"],"picked":"Escape Plan","floor":21.0},{"not_picked":["Underhanded Strike+1","Outmaneuver+1","Sucker Punch"],"picked":"SKIP","floor":23},{"not_picked":["Prepared+1","Distraction"],"picked":"Backflip+1","floor":25}],"player_experience":1100282,"relics_obtained":[{"floor":6.0,"key":"Tiny Chest"},{"floor":9.0,"key":"Happy Flower"},{"floor":11.0,"key":"StoneCalendar"},{"floor":12.0,"key":"Shuriken"},{"floor":23,"key":"Darkstone Periapt"},{"floor":26,"key":"Ninja Scroll"}],"event_choices":[{"damage_healed":0.0,"max_hp_gain":0.0,"max_hp_loss":0.0,"gold_gain":75.0,"event_name":"World of Goop","player_choice":"Gather Gold","floor":2.0,"gold_loss":0.0,"damage_taken":11.0},{"damage_healed":0.0,"max_hp_gain":0.0,"max_hp_loss":0.0,"gold_gain":0.0,"event_name":"Shining Light","player_choice":"Entered Light","floor":3.0,"gold_loss":0.0,"damage_taken":14.0,"cards_upgraded":["Strike_G","Noxious Fumes"]},{"cards_removed":["Strike_G"],"damage_healed":0.0,"max_hp_gain":0.0,"max_hp_loss":0.0,"gold_gain":0.0,"event_name":"The Cleric","player_choice":"Card Removal","floor":5.0,"gold_loss":50.0,"damage_taken":0.0},{"damage_healed":0.0,"max_hp_gain":0.0,"max_hp_loss":0.0,"gold_gain":0.0,"event_name":"Match and Keep!","player_choice":"1 cards matched","floor":22.0,"gold_loss":0.0,"damage_taken":0.0,"cards_obtained":["PanicButton"]}],"is_beta":true,"boss_relics":[{"not_picked":["Astrolabe","Black Star"],"picked":"Eternal Feather"}],"items_purged_floors":[],"is_endless":false,"potions_floor_spawned":[6,14,19,20,23,25],"killed_by":"Snecko","ascension_level":0}