{"gold_per_floor":[112,125,125,144,144,144,173,186,269,2,13,27,57,67,67,163,163,179,179,179,194,205,236,236,261,288,288,306,306,306,326,326,425,425,443,454,464,464,464,464,498,266,266,282,282,27,58,69,69,69,69,69,6,39,39],"floor_reached":56,"playtime":2953,"items_purged":["Strike_G+1","Strike_G+1","Strike_G+1"],"score":1387,"play_id":"ae4d80a0-ef1f-49ab-99c9-ef4913e60d24","local_time":"20190709113957","is_ascension_mode":true,"campfire_choices":[{"data":"Neutralize","floor":6.0,"key":"SMITH"},{"floor":15.0,"key":"REST"},{"data":"Envenom","floor":24.0,"key":"SMITH"},{"data":"Noxious Fumes","floor":27.0,"key":"SMITH"},{"data":"Skewer","floor":30.0,"key":"SMITH"},{"data":"Deflect","floor":32.0,"key":"SMITH"},{"floor":40.0,"key":"RECALL"},{"data":"Corpse Explosion","floor":45,"key":"SMITH"},{"data":"Calculated Gamble","floor":49,"key":"SMITH"},{"data":"Backflip","floor":52,"key":"SMITH"}],"neow_cost":"NONE","seed_source_timestamp":0,"circlet_count":0,"master_deck":["Defend_G+1","Defend_G+1","Defend_G+1","Defend_G+1","Defend_G+1","Strike_G+1","Strike_G+1","Survivor","Neutralize+1","Dagger Spray","Deflect+1","Backflip+1","Poisoned Stab","Skewer+1","Noxious Fumes+1","Dagger Spray","Calculated Gamble+1","Predator","Envenom+1","Backflip","Slice","Infinite Blades+1","Deadly Poison+1","Dodge and Roll+1","Corpse Explosion+1","Footwork+1","Well Laid Plans+1","Riddle With Holes"],"special_seed":0,"relics":["Ring of the Serpent","Omamori","Mercury Hourglass","Tiny Chest","Membership Card","Snake Skull","Busted Crown","Centennial Puzzle","Enchiridion","Frozen Egg 2","Ancient Tea Set","Bag of Preparation","Bronze Scales","Sling","Turnip","Blood Vial","Orichalcum"],"potions_floor_usage":[47,54,55,55],"damage_taken":[{"damage":1.0,"enemies":"Cultist","floor":1.0,"turns":5.0},{"damage":0.0,"enemies":"2 Louse","floor":2.0,"turns":2.0},{"damage":0.0,"enemies":"Small Slimes","floor":4.0,"turns":3.0},{"damage":20.0,"enemies":"Gremlin Nob","floor":7.0,"turns":4.0},{"damage":0.0,"enemies":"Exordium Thugs","floor":8.0,"turns":5.0},{"damage":1.0,"enemies":"Blue Slaver","floor":11.0,"turns":3.0},{"damage":0.0,"enemies":"3 Louse","floor":12.0,"turns":2.0},{"damage":6.0,"enemies":"3 Sentries","floor":13.0,"turns":5.0},{"damage":0.0,"enemies":"2 Fungi Beasts","floor":14.0,"turns":3.0},{"damage":7.0,"enemies":"Slime Boss","floor":16.0,"turns":7.0},{"damage":0.0,"enemies":"3 Byrds","floor":18.0,"turns":3.0},{"damage":0.0,"enemies":"Chosen","floor":21.0,"turns":4.0},{"damage":0.0,"enemies":"Snecko","floor":22.0,"turns":3.0},{"damage":0.0,"enemies":"Gremlin Leader","floor":23.0,"turns":5.0},{"damage":1.0,"enemies":"Book of Stabbing","floor":25.0,"turns":5.0},{"damage":6.0,"enemies":"Shelled Parasite and Fungi","floor":28.0,"turns":3.0},{"damage":0.0,"enemies":"3 Cultists","floor":31.0,"turns":3.0},{"damage":0.0,"enemies":"Collector","floor":33.0,"turns":5.0},{"damage":0.0,"enemies":"3 Darklings","floor":35.0,"turns":4.0},{"damage":6.0,"enemies":"3 Shapes","floor":36.0,"turns":4.0},{"damage":0.0,"enemies":"Writhing Mass","floor":37.0,"turns":6.0},{"damage":0,"enemies":"Giant Head","floor":41,"turns":8},{"damage":5,"enemies":"Jaw Worm Horde","floor":44,"turns":2},{"damage":8,"enemies":"Nemesis","floor":47,"turns":7},{"damage":0,"enemies":"3 Darklings","floor":48,"turns":3},{"damage":29,"enemies":"Donu and Deca","floor":50,"turns":6},{"damage":17,"enemies":"Shield and Spear","floor":54,"turns":5},{"damage":30,"enemies":"The Heart","floor":55,"turns":12}],"seed_played":"9195247415944102269","potions_obtained":[{"floor":4.0,"key":"Fire Potion"},{"floor":8.0,"key":"Swift Potion"},{"floor":14.0,"key":"SpeedPotion"},{"floor":16.0,"key":"FairyPotion"},{"floor":21.0,"key":"AttackPotion"},{"floor":25.0,"key":"Poison Potion"},{"floor":31.0,"key":"SteroidPotion"},{"floor":33.0,"key":"Swift Potion"},{"floor":44,"key":"GhostInAJar"},{"floor":48,"key":"Weak Potion"},{"floor":54,"key":"AttackPotion"}],"is_trial":false,"path_per_floor":["M","?","?","M","?","?","?","?","?","M"],"character_chosen":"THE_SILENT","items_purchased":["Membership Card","Noxious Fumes","Dagger Spray","Corpse Explosion","Footwork+1","Sling","Well Laid Plans+1","Turnip","Riddle With Holes"],"campfire_rested":1,"item_purchase_floors":[10,10,10,42,42,42,46,46,46],"current_hp_per_floor":[69,69,55,55,48,48,28,28,28,28,27,27,21,21,42,35,70,70,70,54,54,54,54,54,53,53,53,47,47,47,47,47,47,70,70,64,64,64,64,64,64,64,64,59,59,59,51,53,53,26,70,70,70,53,25],"gold":39,"neow_bonus":"RANDOM_COMMON_RELIC","is_prod":false,"is_daily":false,"chose_seed":false,"campfire_upgraded":8,"win_rate":0,"timestamp":1562665197,"path_taken":["M","?","?","M","?","R","E","M","T","$","?","M","E","M","R","BOSS","M","?","?","M","M","E","R","E","T","R","M","?","R","M","R","BOSS","M","M","M","?","?","R","E","$","T","M","R","$","E","?","R","BOSS","R","$","E","BOSS"],"build_version":"2019-01-23","purchased_purges":3,"victory":true,"max_hp_per_floor":[70,70,70,70,70,70,70,70,70,70,70,70,70,70,70,70,70,70,70,70,70,70,70,70,70,70,70,70,70,70,70,70,70,70,70,70,70,70,70,70,70,70,70,70,70,70,70,70,70,70,70,70,70,70,70],"card_choices":[{"not_picked":["Deflect","Flechettes"],"picked":"Dagger Spray","floor":1.0},{"not_picked":["Prepared","Heel Hook"],"picked":"Deflect","floor":2.0},{"not_picked":["Backstab","Dagger Throw"],"picked":"Backflip","floor":4.0},{"not_picked":["Bane","Night Terror"],"picked":"Poisoned Stab","floor":7.0},{"not_picked":["Quick Slash","Deflect"],"picked":"Skewer","floor":8.0},{"not_picked":["Heel Hook","Acrobatics"],"picked":"Calculated Gamble","floor":11.0},{"not_picked":["Outmaneuver","Masterful Stab"],"picked":"Predator","floor":12.0},{"not_picked":["Riddle With Holes","Heel Hook","Sucker Punch"],"picked":"SKIP","floor":13.0},{"not_picked":["All Out Attack","Dagger Spray","Infinite Blades"],"picked":"SKIP","floor":14.0},{"not_picked":["Burst","Glass Knife"],"picked":"Envenom","floor":16.0},{"not_picked":["Underhanded Strike"],"picked":"SKIP","floor":18.0},{"not_picked":["Blur"],"picked":"SKIP","floor":21.0},{"not_picked":["Underhanded Strike"],"picked":"SKIP","floor":22.0},{"not_picked":[],"picked":"Backflip","floor":23.0},{"not_picked":[],"picked":"Slice","floor":25.0},{"not_picked":["Sucker Punch"],"picked":"SKIP","floor":28.0},{"not_picked":[],"picked":"Infinite Blades+1","floor":31.0},{"not_picked":[],"picked":"Deadly Poison+1","floor":35.0},{"not_picked":[],"picked":"Dodge and Roll+1","floor":36.0},{"not_picked":["Dagger Spray+1"],"picked":"SKIP","floor":37.0},{"not_picked":["Eviscerate+1"],"picked":"SKIP","floor":41},{"not_picked":["Quick Slash+1"],"picked":"SKIP","floor":44},{"not_picked":["Deflect"],"picked":"SKIP","floor":47},{"not_picked":["Skewer+1"],"picked":"SKIP","floor":48},{"not_picked":["Tactician"],"picked":"SKIP","floor":54}],"player_experience":1000083,"relics_obtained":[{"floor":7.0,"key":"Mercury Hourglass"},{"floor":9.0,"key":"Tiny Chest"},{"floor":13.0,"key":"Snake Skull"},{"floor":20.0,"key":"Enchiridion"},{"floor":23.0,"key":"Frozen Egg 2"},{"floor":25.0,"key":"Ancient Tea Set"},{"floor":26.0,"key":"Bag of Preparation"},{"floor":41,"key":"Bronze Scales"},{"floor":47,"key":"Blood Vial"},{"floor":54,"key":"Orichalcum"}],"event_choices":[{"damage_healed":0.0,"max_hp_gain":0.0,"max_hp_loss":0.0,"gold_gain":0.0,"event_name":"Shining Light","player_choice":"Entered Light","floor":3.0,"gold_loss":0.0,"damage_taken":14.0,"cards_upgraded":["Defend_G","Strike_G"]},{"damage_healed":0.0,"max_hp_gain":0.0,"max_hp_loss":0.0,"gold_gain":0.0,"event_name":"Wheel of Change","player_choice":"Damaged","floor":5.0,"gold_loss":0.0,"damage_taken":7.0},{"damage_healed":0.0,"max_hp_gain":0.0,"max_hp_loss":0.0,"gold_gain":0.0,"event_name":"The Mausoleum","player_choice":"Opened","floor":19.0,"gold_loss":0.0,"damage_taken":0.0,"relics_obtained":["Centennial Puzzle"],"cards_obtained":["Writhe"]},{"damage_healed":0.0,"max_hp_gain":0.0,"max_hp_loss":0.0,"gold_gain":0.0,"event_name":"Cursed Tome","player_choice":"Obtained Book","floor":20.0,"gold_loss":0.0,"damage_taken":16.0},{"damage_healed":0.0,"max_hp_gain":0.0,"max_hp_loss":0.0,"gold_gain":0.0,"event_name":"Back to Basics","player_choice":"Simplicity","floor":29.0,"gold_loss":0.0,"damage_taken":0.0,"cards_upgraded":["Defend_G","Defend_G","Defend_G","Defend_G","Strike_G","Strike_G","Strike_G","Strike_G"]},{"damage_healed":0.0,"max_hp_gain":0.0,"max_hp_loss":0.0,"gold_gain":0.0,"event_name":"Mysterious Sphere","player_choice":"Ignored","floor":38.0,"gold_loss":0.0,"damage_taken":0.0},{"damage_healed":0.0,"max_hp_gain":0.0,"max_hp_loss":0.0,"gold_gain":0.0,"event_name":"NoteForYourself","player_choice":"Ignored","floor":39.0,"gold_loss":0.0,"damage_taken":0.0}],"is_beta":false,"boss_relics":[{"not_picked":["Runic Pyramid","Tiny House"],"picked":"Busted Crown"},{"not_picked":["WristBlade","Eternal Feather"],"picked":"Ring of the Serpent"}],"items_purged_floors":[42,46,53],"is_endless":false,"potions_floor_spawned":[4,8,14,16,21,25,31,33,35,41,44,48,54],"ascension_level":1}