{"gold_per_floor":[12,28,47,47,47,47,76,76,129,129,182,194,222,272,284,427,439,466,461,22,22,43,43,77,102,102,115,128,171,270,293,293,424,424,445,458,342,467,467,467,510,510,579,579,599,193,193,118,118,118],"floor_reached":51,"playtime":4649,"items_purged":["Eviscerate+1","Tactician+1"],"score":783,"play_id":"5d034ad1-06b6-4836-b6f9-f841e6e21ebd","local_time":"20190326153532","is_ascension_mode":true,"campfire_choices":[{"data":"Dagger Spray","floor":6,"key":"SMITH"},{"data":"Neutralize","floor":8,"key":"SMITH"},{"data":"Backflip","floor":10,"key":"SMITH"},{"data":"PiercingWail","floor":15,"key":"SMITH"},{"data":"Dodge and Roll","floor":23,"key":"SMITH"},{"floor":32,"key":"REST"},{"data":"Leg Sweep","floor":40,"key":"SMITH"},{"floor":42,"key":"REST"},{"data":"PiercingWail","floor":44,"key":"SMITH"},{"data":"Backflip","floor":47,"key":"SMITH"},{"floor":49,"key":"REST"}],"neow_cost":"NO_GOLD","seed_source_timestamp":19538189376040,"circlet_count":0,"master_deck":["Defend_G","Defend_G","Defend_G","Survivor","Neutralize+1","Well Laid Plans","Dagger Spray","Dagger Spray+1","Backflip+1","PiercingWail+1","After Image+1","Deadly Poison","Dodge and Roll+1","Mayhem+1","Die Die Die","Choke","Footwork+1","Backstab","Skewer+1","Leg Sweep+1","Backflip+1","PiercingWail+1","Slice+1","Caltrops+1","Caltrops+1","Backstab","Endless Agony+1","Footwork+1","Noxious Fumes+1","Envenom+1"],"relics":["Ring of the Snake","Art of War","Dream Catcher","MawBank","Golden Idol","Frozen Egg 2","Black Star","Paper Crane","Ninja Scroll","Lantern","Tough Bandages","Singing Bowl","Darkstone Periapt","Astrolabe","WingedGreaves","Regal Pillow","Sundial","Pear","Turnip"],"potions_floor_usage":[7,14,16,25,29,33,41,50],"damage_taken":[{"damage":3,"enemies":"Jaw Worm","floor":1,"turns":7},{"damage":0,"enemies":"Small Slimes","floor":2,"turns":4},{"damage":0,"enemies":"2 Louse","floor":3,"turns":3},{"damage":14,"enemies":"3 Sentries","floor":7,"turns":4},{"damage":1,"enemies":"Blue Slaver","floor":13,"turns":3},{"damage":10,"enemies":"Lagavulin","floor":14,"turns":6},{"damage":21,"enemies":"The Guardian","floor":16,"turns":23},{"damage":0,"enemies":"3 Byrds","floor":18,"turns":5},{"damage":5,"enemies":"2 Thieves","floor":19,"turns":4},{"damage":8,"enemies":"3 Cultists","floor":22,"turns":5},{"damage":0,"enemies":"Book of Stabbing","floor":24,"turns":8},{"damage":16,"enemies":"Centurion and Healer","floor":25,"turns":8},{"damage":0,"enemies":"Snake Plant","floor":27,"turns":4},{"damage":10,"enemies":"Shelled Parasite and Fungi","floor":28,"turns":6},{"damage":3,"enemies":"Slavers","floor":29,"turns":4},{"damage":0,"enemies":"Centurion and Healer","floor":31,"turns":7},{"damage":16,"enemies":"Automaton","floor":33,"turns":14},{"damage":0,"enemies":"Orb Walker","floor":35,"turns":4},{"damage":0,"enemies":"3 Shapes","floor":36,"turns":5},{"damage":15,"enemies":"Mind Bloom Boss Battle","floor":38,"turns":9},{"damage":42,"enemies":"Nemesis","floor":41,"turns":12},{"damage":0,"enemies":"Sphere and 2 Shapes","floor":45,"turns":6},{"damage":33,"enemies":"Donu and Deca","floor":50,"turns":10}],"seed_played":"2877918897523279075","potions_obtained":[{"floor":3,"key":"SkillPotion"},{"floor":7,"key":"Poison Potion"},{"floor":13,"key":"Dexterity Potion"},{"floor":16,"key":"Weak Potion"},{"floor":18,"key":"PowerPotion"},{"floor":22,"key":"SteroidPotion"},{"floor":25,"key":"SneckoOil"},{"floor":31,"key":"Dexterity Potion"},{"floor":33,"key":"Poison Potion"},{"floor":41,"key":"Block Potion"}],"is_trial":false,"path_per_floor":["?","?","T","?","?","M","?","?","?"],"character_chosen":"THE_SILENT","items_purchased":["Paper Crane","Mayhem+1","Caltrops+1","Turnip","Noxious Fumes+1"],"campfire_rested":3,"item_purchase_floors":[20,20,37,46,48],"current_hp_per_floor":[67,67,67,60,65,65,51,51,51,51,51,51,50,40,40,19,69,69,64,64,64,56,56,56,40,40,40,30,29,29,29,50,36,73,75,75,75,60,60,60,18,55,65,65,67,67,67,67,87,54],"gold":118,"neow_bonus":"REMOVE_TWO","is_prod":false,"is_daily":false,"chose_seed":false,"campfire_upgraded":8,"win_rate":0,"timestamp":1553610932,"path_taken":["M","M","M","?","?","R","E","R","T","R","?","?","M","E","R","BOSS","M","M","$","?","?","R","E","M","T","M","M","E","?","M","R","BOSS","M","M","$","?","?","R","E","R","T","R","M","$","R","$","R","BOSS"],"build_version":"2019-01-23","purchased_purges":2,"victory":true,"max_hp_per_floor":[70,70,70,70,75,75,75,75,75,75,75,69,69,69,69,69,69,69,69,69,69,69,69,69,69,69,69,69,71,71,71,71,73,73,75,75,75,75,75,75,75,75,85,85,87,87,87,87,87,87],"card_choices":[{"not_picked":["Dagger Spray","Poisoned Stab"],"picked":"Well Laid Plans","floor":1},{"not_picked":["Bane","Prepared"],"picked":"Dagger Spray","floor":2},{"not_picked":["Bane","Underhanded Strike"],"picked":"Dagger Spray","floor":3},{"not_picked":["Quick Slash","A Thousand Cuts"],"picked":"Backflip","floor":7},{"not_picked":["Blade Dance","Underhanded Strike"],"picked":"PiercingWail","floor":13},{"not_picked":["Expertise","Quick Slash","Blade Dance"],"picked":"SKIP","floor":14},{"not_picked":["Corpse Explosion","Glass Knife"],"picked":"After Image+1","floor":16},{"not_picked":["Dagger Spray","Bane"],"picked":"Deadly Poison","floor":18},{"not_picked":["Backflip","Dagger Spray+1"],"picked":"Dodge and Roll","floor":19},{"not_picked":["Acrobatics","Poisoned Stab"],"picked":"Choke","floor":22},{"not_picked":["Acrobatics+1","Dodge and Roll"],"picked":"Footwork+1","floor":24},{"not_picked":["Poisoned Stab","Reflex+1"],"picked":"Backstab","floor":25},{"not_picked":["Expertise+1","Tactician"],"picked":"Skewer+1","floor":27},{"not_picked":["Catalyst","Glass Knife"],"picked":"Leg Sweep","floor":28},{"not_picked":["Well Laid Plans+1","Eviscerate","Tactician+1"],"picked":"Singing Bowl","floor":29},{"not_picked":["Expertise+1","Cloak And Dagger"],"picked":"Backflip","floor":31},{"not_picked":["Underhanded Strike","Bouncing Flask"],"picked":"PiercingWail","floor":32},{"not_picked":["Grand Finale","Storm of Steel","Unload"],"picked":"Singing Bowl","floor":33},{"not_picked":["Deflect+1","Deadly Poison","Catalyst+1"],"picked":"Singing Bowl","floor":35},{"not_picked":["Masterful Stab+1","Acrobatics+1"],"picked":"Caltrops+1","floor":36},{"not_picked":["Escape Plan+1","Dash"],"picked":"Backstab","floor":38},{"not_picked":["Concentrate+1","Dagger Throw"],"picked":"Endless Agony+1","floor":41},{"not_picked":["Acrobatics+1","Leg Sweep+1"],"picked":"Footwork+1","floor":42},{"not_picked":["Sucker Punch+1","Acrobatics","Slice+1"],"picked":"Singing Bowl","floor":45},{"not_picked":["Backflip+1","Choke+1"],"picked":"Envenom+1","floor":49}],"player_experience":273185,"relics_obtained":[{"floor":7,"key":"Art of War"},{"floor":9,"key":"Dream Catcher"},{"floor":11,"key":"MawBank"},{"floor":14,"key":"Frozen Egg 2"},{"floor":24,"key":"Ninja Scroll"},{"floor":24,"key":"Lantern"},{"floor":26,"key":"Tough Bandages"},{"floor":29,"key":"Singing Bowl"},{"floor":29,"key":"Darkstone Periapt"},{"floor":38,"key":"WingedGreaves"},{"floor":41,"key":"Regal Pillow"},{"floor":41,"key":"Sundial"},{"floor":43,"key":"Pear"}],"event_choices":[{"cards_removed":["Strike_G"],"damage_healed":0,"gold_gain":0,"player_choice":"Card Removal","damage_taken":7,"max_hp_gain":0,"max_hp_loss":0,"event_name":"Golden Wing","floor":4,"gold_loss":0},{"damage_healed":0,"gold_gain":0,"player_choice":"Donut","damage_taken":0,"max_hp_gain":5,"max_hp_loss":0,"event_name":"Big Fish","floor":5,"gold_loss":0},{"damage_healed":0,"gold_gain":0,"player_choice":"Lose Max HP","damage_taken":0,"relics_obtained":["Golden Idol"],"max_hp_gain":0,"max_hp_loss":6,"event_name":"Golden Idol","floor":12,"gold_loss":0},{"damage_healed":0,"gold_gain":0,"cards_transformed":["Strike_G"],"player_choice":"Transformed","damage_taken":0,"max_hp_gain":0,"max_hp_loss":0,"event_name":"Transmorgrifier","floor":21,"gold_loss":0,"cards_obtained":["Die Die Die"]},{"damage_healed":0,"gold_gain":99,"player_choice":"Stole From Cult","damage_taken":0,"max_hp_gain":0,"max_hp_loss":0,"event_name":"Nest","floor":30,"gold_loss":0},{"damage_healed":0,"gold_gain":0,"player_choice":"Fight","damage_taken":0,"max_hp_gain":0,"max_hp_loss":0,"event_name":"MindBloom","floor":38,"gold_loss":0},{"damage_healed":0,"gold_gain":0,"player_choice":"Ignored","damage_taken":0,"max_hp_gain":0,"max_hp_loss":0,"event_name":"Tomb of Lord Red Mask","floor":39,"gold_loss":0}],"is_beta":false,"boss_relics":[{"not_picked":["Fusion Hammer","Calling Bell"],"picked":"Black Star"},{"not_picked":["Cursed Key","White Beast Statue"],"picked":"Astrolabe"}],"items_purged_floors":[37,46],"is_endless":false,"potions_floor_spawned":[3,7,13,16,18,22,25,31,33,38,41],"ascension_level":1}