{"gold_per_floor":[211,224,499,519,129,129,160,172,211,27,47,47,47,61,61,162,162,177,187,187,201,50,50,68,68],"floor_reached":25,"playtime":17219,"items_purged":["Regret"],"score":203,"play_id":"bdd88888-cd34-4198-9a8a-e9fffd02a94d","local_time":"20190721143044","is_ascension_mode":false,"campfire_choices":[{"data":"Footwork","floor":6.0,"key":"SMITH"},{"data":"Noxious Fumes","floor":8.0,"key":"SMITH"},{"data":"Mayhem","floor":12.0,"key":"SMITH"},{"floor":15.0,"key":"REST"},{"floor":23.0,"key":"REST"}],"neow_cost":"NONE","seed_source_timestamp":225521802094092,"circlet_count":0,"master_deck":["Strike_G","Strike_G","Strike_G","Strike_G","Strike_G","Defend_G","Defend_G","Defend_G","Defend_G","Defend_G","Survivor","Neutralize","Dash","Footwork+1","Noxious Fumes+1","Mayhem+1","Malaise","Deadly Poison+1","Catalyst+1"],"special_seed":0,"relics":["Ring of the Snake","Gremlin Horn","MawBank","Blood Vial","WarpedTongs","White Beast Statue","Lantern"],"potions_floor_usage":[25,25],"damage_taken":[{"damage":14.0,"enemies":"Jaw Worm","floor":1.0,"turns":6.0},{"damage":1.0,"enemies":"Cultist","floor":2.0,"turns":4.0},{"damage":4.0,"enemies":"Small Slimes","floor":4.0,"turns":3.0},{"damage":19.0,"enemies":"Lagavulin","floor":7.0,"turns":8.0},{"damage":0.0,"enemies":"Blue Slaver","floor":11.0,"turns":4.0},{"damage":16.0,"enemies":"Exordium Thugs","floor":14.0,"turns":6.0},{"damage":28.0,"enemies":"Hexaghost","floor":16.0,"turns":11.0},{"damage":17.0,"enemies":"Shell Parasite","floor":18.0,"turns":7.0},{"damage":16.0,"enemies":"3 Byrds","floor":19.0,"turns":6.0},{"damage":34.0,"enemies":"Centurion and Healer","floor":21.0,"turns":7.0},{"damage":10.0,"enemies":"Shelled Parasite and Fungi","floor":24.0,"turns":7.0},{"damage":0,"enemies":"Gremlin Leader","floor":25,"turns":2}],"seed_played":"-8711739175623279331","potions_obtained":[{"floor":1.0,"key":"Block Potion"},{"floor":4.0,"key":"Poison Potion"},{"floor":7.0,"key":"PowerPotion"},{"floor":18.0,"key":"SkillPotion"},{"floor":19.0,"key":"FearPotion"},{"floor":21.0,"key":"Poison Potion"},{"floor":24.0,"key":"FearPotion"}],"is_trial":false,"path_per_floor":["M","M","?","M","$","R","E","R","T","$","M","R","?","M","R","B",null,"M","M","?","M","$","R","M","E"],"character_chosen":"THE_SILENT","items_purchased":["Gremlin Horn","Footwork","Mayhem","Lantern"],"campfire_rested":2,"item_purchase_floors":[5,5,10,22],"current_hp_per_floor":[56,55,55,51,51,51,32,32,32,32,34,34,34,20,41,15,70,53,39,39,7,7,28,20,22],"gold":68,"neow_bonus":"HUNDRED_GOLD","is_prod":false,"is_daily":false,"chose_seed":false,"campfire_upgraded":3,"win_rate":0,"timestamp":1563744644,"path_taken":["M","M","?","?","$","R","E","R","T","$","M","R","?","?","R","BOSS","M","M","?","M","$","R","M","E"],"build_version":"2019-07-18","purchased_purges":1,"victory":false,"max_hp_per_floor":[70,70,70,70,70,70,70,70,70,70,70,70,70,70,70,70,70,70,70,70,70,70,70,70,70],"card_choices":[{"not_picked":["Finisher","Outmaneuver","Masterful Stab"],"picked":"SKIP","floor":1.0},{"not_picked":["Flying Knee","Cloak And Dagger"],"picked":"Dash","floor":2.0},{"not_picked":["Prepared","Underhanded Strike","Bane"],"picked":"SKIP","floor":4.0},{"not_picked":["Masterful Stab","Poisoned Stab"],"picked":"Noxious Fumes","floor":7.0},{"not_picked":["Cloak And Dagger","Quick Slash","Poisoned Stab"],"picked":"SKIP","floor":11.0},{"not_picked":["Skewer","Deadly Poison","Crippling Poison"],"picked":"SKIP","floor":14.0},{"not_picked":["Corpse Explosion","A Thousand Cuts"],"picked":"Malaise","floor":16.0},{"not_picked":["Flechettes","Caltrops","Sucker Punch"],"picked":"SKIP","floor":18.0},{"not_picked":["Underhanded Strike","Poisoned Stab"],"picked":"Deadly Poison+1","floor":19.0},{"not_picked":["Cloak And Dagger","Accuracy"],"picked":"Catalyst+1","floor":21.0},{"not_picked":["Prepared","Eviscerate","Dagger Spray"],"picked":"SKIP","floor":24.0},{"not_picked":["Prepared","Eviscerate","Dagger Spray"],"picked":"SKIP","floor":24.0}],"player_experience":1158722,"relics_obtained":[{"floor":7.0,"key":"MawBank"},{"floor":9.0,"key":"Blood Vial"}],"event_choices":[{"damage_healed":0.0,"max_hp_gain":0.0,"max_hp_loss":0.0,"gold_gain":275.0,"event_name":"Golden Shrine","player_choice":"Desecrate","floor":3.0,"gold_loss":0.0,"damage_taken":0.0,"cards_obtained":["Regret"]},{"damage_healed":0.0,"max_hp_gain":0.0,"max_hp_loss":0.0,"gold_gain":0.0,"event_name":"Accursed Blacksmith","player_choice":"Rummage","floor":13.0,"gold_loss":0.0,"damage_taken":0.0,"relics_obtained":["WarpedTongs"],"cards_obtained":["Pain"]},{"cards_removed":["Pain"],"damage_healed":0.0,"max_hp_gain":0.0,"max_hp_loss":0.0,"gold_gain":0.0,"event_name":"Purifier","player_choice":"Purged","floor":20.0,"gold_loss":0.0,"damage_taken":0.0}],"is_beta":true,"boss_relics":[{"not_picked":["Coffee Dripper","Tiny House"],"picked":"White Beast Statue"}],"items_purged_floors":[5],"is_endless":false,"potions_floor_spawned":[1,4,7,18,19,21,24],"killed_by":"Gremlin Leader","ascension_level":0}