{"gold_per_floor":[111,211,224,35,45,72,72,72,72,84,39,52,52,127,127,223,223,243,89,108,33,0,0,0],"floor_reached":24,"playtime":3094,"items_purged":["Strike_G"],"score":262,"play_id":"97d11296-f064-49c7-878a-dafdaae0c577","local_time":"20190418155900","is_ascension_mode":true,"campfire_choices":[{"data":"Neutralize","floor":7.0,"key":"SMITH"},{"floor":13.0,"key":"REST"},{"data":"Caltrops","floor":15.0,"key":"SMITH"},{"data":"After Image","floor":23,"key":"SMITH"}],"neow_cost":"NONE","seed_source_timestamp":0,"circlet_count":0,"master_deck":["Defend_G","Defend_G","Defend_G","Defend_G","Defend_G","Survivor","Neutralize+1","Dagger Throw","Blur","Sadistic Nature","Dash","Caltrops+1","Dodge and Roll","Poisoned Stab","After Image+1","Doppelganger+1","Dagger Spray+1","Expertise+1","Footwork","Footwork","PiercingWail"],"special_seed":0,"relics":["Ring of the Snake","Ornamental Fan","Boot","Question Card","Astrolabe"],"potions_floor_usage":[],"damage_taken":[{"damage":3.0,"enemies":"2 Louse","floor":1.0,"turns":4.0},{"damage":1.0,"enemies":"Cultist","floor":3.0,"turns":3.0},{"damage":0.0,"enemies":"Small Slimes","floor":5.0,"turns":6.0},{"damage":43.0,"enemies":"Gremlin Nob","floor":6.0,"turns":5.0},{"damage":0.0,"enemies":"3 Louse","floor":10.0,"turns":3.0},{"damage":0.0,"enemies":"Looter","floor":12.0,"turns":4.0},{"damage":22.0,"enemies":"Hexaghost","floor":16.0,"turns":10.0},{"damage":3.0,"enemies":"3 Byrds","floor":18.0,"turns":2.0},{"damage":6.0,"enemies":"Chosen","floor":20.0,"turns":7.0},{"damage":56,"enemies":"Gremlin Leader","floor":24,"turns":9}],"seed_played":"-6599461745304478367","potions_obtained":[{"floor":5.0,"key":"FearPotion"},{"floor":6.0,"key":"PowerPotion"},{"floor":16.0,"key":"EssenceOfSteel"},{"floor":18.0,"key":"Strength Potion"}],"is_trial":false,"path_per_floor":["?","M","T","$","?","?","?"],"character_chosen":"THE_SILENT","items_purchased":["Sadistic Nature","Dodge and Roll","Footwork"],"campfire_rested":1,"item_purchase_floors":[4,11,19],"current_hp_per_floor":[67,67,66,66,66,23,23,23,23,23,23,23,46,35,35,13,61,58,58,52,52,52,52,0],"gold":0,"neow_bonus":"TEN_PERCENT_HP_BONUS","is_prod":false,"is_daily":false,"chose_seed":false,"campfire_upgraded":3,"win_rate":0,"timestamp":1555595940,"path_taken":["M","?","?","$","M","E","R","?","T","M","?","M","R","?","R","BOSS","M","$","M","?","?","R","E"],"build_version":"2019-01-23","purchased_purges":1,"victory":false,"max_hp_per_floor":[77,77,77,77,77,77,77,77,77,77,77,77,77,77,77,77,77,77,77,77,77,77,77,77],"card_choices":[{"not_picked":["Flying Knee","Bouncing Flask"],"picked":"Dagger Throw","floor":1.0},{"not_picked":["Eviscerate","Caltrops"],"picked":"Blur","floor":3.0},{"not_picked":["Flying Knee","Quick Slash","Flechettes"],"picked":"SKIP","floor":5.0},{"not_picked":["Deadly Poison","Grand Finale"],"picked":"Dash","floor":6.0},{"not_picked":["Tactician","Dodge and Roll","Escape Plan"],"picked":"Caltrops","floor":10.0},{"not_picked":["Cloak And Dagger","Finisher","Tactician"],"picked":"Poisoned Stab","floor":12.0},{"not_picked":["Envenom","Venomology","Tools of the Trade"],"picked":"After Image","floor":16.0},{"not_picked":["Deflect","Infinite Blades+1","Deadly Poison"],"picked":"Footwork","floor":18.0},{"not_picked":["Deflect","Dodge and Roll","Accuracy"],"picked":"PiercingWail","floor":20.0}],"player_experience":481806,"relics_obtained":[{"floor":6.0,"key":"Ornamental Fan"},{"floor":8.0,"key":"Boot"},{"floor":9.0,"key":"Question Card"}],"event_choices":[{"damage_healed":0.0,"max_hp_gain":0.0,"max_hp_loss":0.0,"gold_gain":100.0,"event_name":"Golden Shrine","player_choice":"Pray","floor":2.0,"gold_loss":0.0,"damage_taken":0.0},{"damage_healed":0.0,"max_hp_gain":0.0,"max_hp_loss":0.0,"gold_gain":75.0,"event_name":"World of Goop","player_choice":"Gather Gold","floor":14.0,"gold_loss":0.0,"damage_taken":11.0},{"cards_removed":["Strike_G"],"damage_healed":0.0,"max_hp_gain":0.0,"max_hp_loss":0.0,"gold_gain":0.0,"event_name":"Beggar","player_choice":"Gave Gold","floor":21.0,"gold_loss":75.0,"damage_taken":0.0},{"damage_healed":0,"gold_gain":0,"player_choice":"Paid Fearfully","damage_taken":0,"max_hp_gain":0,"max_hp_loss":0,"event_name":"Masked Bandits","floor":22,"gold_loss":33}],"is_beta":false,"boss_relics":[{"not_picked":["Tiny House","White Beast Statue"],"picked":"Astrolabe"}],"items_purged_floors":[19],"is_endless":false,"potions_floor_spawned":[5,6,16,18],"killed_by":"Gremlin Leader","ascension_level":7}