{"gold_per_floor":[110,110,121,121,132,132,167,167,167,167,183,183,201,201,201,325,325,349,349,362,28,43,43,43],"floor_reached":24,"playtime":1122,"items_purged":["Strike_R"],"score":196,"play_id":"8734ae8e-beec-4dbb-bc9a-b41366e9e234","local_time":"20190721165220","is_ascension_mode":false,"campfire_choices":[{"data":"Armaments","floor":6.0,"key":"SMITH"},{"floor":12.0,"key":"REST"},{"data":"Havoc","floor":15.0,"key":"SMITH"},{"data":"Armaments","floor":23.0,"key":"SMITH"}],"neow_cost":"NONE","seed_source_timestamp":249860402073314,"circlet_count":0,"master_deck":["Strike_R","Strike_R","Strike_R","Defend_R+1","Defend_R","Defend_R","Defend_R","Bash+1","Armaments+1","Entrench+1","Ghostly Armor","Havoc+1","Clothesline","Immolate","Body Slam","Armaments+1","Havoc","Searing Blow","Rage","Berserk","Body Slam","Body Slam+1","Secret Technique"],"special_seed":0,"relics":["Burning Blood","Letter Opener","Red Skull","Golden Idol","Orrery","Membership Card"],"potions_floor_usage":[],"damage_taken":[{"damage":6.0,"enemies":"2 Louse","floor":1.0,"turns":2.0},{"damage":0.0,"enemies":"Small Slimes","floor":3.0,"turns":5.0},{"damage":7.0,"enemies":"Cultist","floor":5.0,"turns":4.0},{"damage":35.0,"enemies":"Gremlin Nob","floor":7.0,"turns":5.0},{"damage":10.0,"enemies":"Looter","floor":11.0,"turns":3.0},{"damage":4.0,"enemies":"Blue Slaver","floor":13.0,"turns":5.0},{"damage":33.0,"enemies":"The Guardian","floor":16.0,"turns":15.0},{"damage":10.0,"enemies":"2 Thieves","floor":18.0,"turns":4.0},{"damage":18.0,"enemies":"Shell Parasite","floor":20.0,"turns":5.0},{"damage":17.0,"enemies":"Sentry and Sphere","floor":22.0,"turns":5.0},{"damage":50,"enemies":"Book of Stabbing","floor":24,"turns":6}],"seed_played":"-5423542937811640564","potions_obtained":[{"floor":5.0,"key":"Explosive Potion"},{"floor":10.0,"key":"SteroidPotion"},{"floor":10.0,"key":"SmokeBomb"},{"floor":18.0,"key":"Swift Potion"}],"is_trial":false,"path_per_floor":["M","$","M","?","M","R","E","?","T","?","M","R","M","?","R","B",null,"M","?","M","$","M","R","E"],"character_chosen":"IRONCLAD","items_purchased":["Membership Card","Secret Technique"],"campfire_rested":1,"item_purchase_floors":[21,21],"current_hp_per_floor":[80,80,80,64,63,63,34,27,27,27,23,47,49,49,49,22,74,70,70,58,58,47,47,0],"gold":43,"neow_bonus":"UPGRADE_CARD","is_prod":false,"is_daily":false,"chose_seed":false,"campfire_upgraded":3,"win_rate":0,"timestamp":1563753140,"path_taken":["M","$","M","?","M","R","E","?","T","?","M","R","?","?","R","BOSS","M","?","M","$","M","R","E"],"build_version":"2019-07-18","purchased_purges":1,"victory":false,"max_hp_per_floor":[80,80,80,80,80,80,80,80,80,80,80,80,80,74,74,74,74,74,74,74,74,74,74,74],"card_choices":[{"not_picked":["Perfected Strike","Iron Wave"],"picked":"Armaments","floor":1.0},{"not_picked":["Anger","Shrug It Off"],"picked":"Entrench","floor":3.0},{"not_picked":["Clash","Perfected Strike"],"picked":"Ghostly Armor","floor":5.0},{"not_picked":["Ghostly Armor","Rampage"],"picked":"Havoc","floor":7.0},{"not_picked":["True Grit","Wild Strike","Perfected Strike"],"picked":"SKIP","floor":11.0},{"not_picked":["Sword Boomerang","Metallicize"],"picked":"Clothesline","floor":13.0},{"not_picked":["Brutality","Reaper"],"picked":"Immolate","floor":16.0},{"not_picked":["Headbutt","Uppercut"],"picked":"Body Slam","floor":17.0},{"not_picked":["Heavy Blade","Headbutt"],"picked":"Armaments","floor":17.0},{"not_picked":["Cleave","Thunderclap"],"picked":"Havoc","floor":17.0},{"not_picked":["Pommel Strike","Clash"],"picked":"Searing Blow","floor":17.0},{"not_picked":["Clash","Spot Weakness"],"picked":"Rage","floor":17.0},{"not_picked":["Warcry","True Grit"],"picked":"Berserk","floor":18.0},{"not_picked":["Shockwave","Sever Soul"],"picked":"Body Slam+1","floor":20.0},{"not_picked":["Heavy Blade","Body Slam","Flex+1"],"picked":"SKIP","floor":22.0}],"player_experience":1180501,"relics_obtained":[{"floor":7.0,"key":"Letter Opener"},{"floor":9.0,"key":"Red Skull"}],"event_choices":[{"damage_healed":0.0,"max_hp_gain":0.0,"max_hp_loss":0.0,"gold_gain":0.0,"event_name":"Shining Light","player_choice":"Entered Light","floor":4.0,"gold_loss":0.0,"damage_taken":16.0,"cards_upgraded":["Defend_R","Entrench"]},{"cards_removed":["Strike_R"],"damage_healed":0.0,"max_hp_gain":0.0,"max_hp_loss":0.0,"gold_gain":0.0,"event_name":"Golden Wing","player_choice":"Card Removal","floor":8.0,"gold_loss":0.0,"damage_taken":7.0},{"damage_healed":0.0,"max_hp_gain":0.0,"max_hp_loss":0.0,"gold_gain":0.0,"event_name":"Lab","player_choice":"Got Potions","floor":10.0,"gold_loss":0.0,"damage_taken":0.0},{"damage_healed":0.0,"max_hp_gain":0.0,"max_hp_loss":6.0,"gold_gain":0.0,"event_name":"Golden Idol","player_choice":"Lose Max HP","floor":14.0,"gold_loss":0.0,"damage_taken":0.0,"relics_obtained":["Golden Idol"]},{"damage_healed":0.0,"max_hp_gain":0.0,"max_hp_loss":0.0,"gold_gain":0.0,"event_name":"The Library","player_choice":"Read","floor":19.0,"gold_loss":0.0,"damage_taken":0.0,"cards_obtained":["Body Slam"]}],"is_beta":true,"boss_relics":[{"not_picked":["White Beast Statue","Tiny House"],"picked":"Orrery"}],"items_purged_floors":[21],"is_endless":false,"potions_floor_spawned":[5,11,13,18],"killed_by":"Book of Stabbing","ascension_level":0}