{"gold_per_floor":[110,90,103,103,22,47,47,75,75,98,133,146,146,164,164,262,262,276,191,203,215,217,254,266,298,310,54,64,64,84,97,97,199,199,212,212,227,242,260,286,286,286,286,286,116,116,126,77,77,77,77,77,5,35,35],"floor_reached":56,"playtime":5240,"items_purged":["Strike_B"],"score":1314,"play_id":"954cde49-4f59-4e97-aecb-33e8169b3d6e","local_time":"20190421171741","is_ascension_mode":true,"campfire_choices":[{"data":"Defragment","floor":7.0,"key":"SMITH"},{"data":"Static Discharge","floor":13.0,"key":"SMITH"},{"data":"Static Discharge","floor":15.0,"key":"SMITH"},{"floor":24.0,"key":"REST"},{"floor":29.0,"key":"REST"},{"floor":32.0,"key":"REST"},{"floor":41.0,"key":"REST"},{"floor":46.0,"key":"REST"},{"floor":49.0,"key":"RECALL"},{"data":"Buffer","floor":52.0,"key":"SMITH"}],"neow_cost":"NONE","seed_source_timestamp":0,"circlet_count":0,"master_deck":["Strike_B","Strike_B+1","Strike_B","Defend_B","Defend_B","Defend_B","Defend_B","Zap","Dualcast","Reinforced Body","Static Discharge+1","Defragment+1","Cold Snap","Static Discharge+1","Conserve Battery","Doom and Gloom","Heatsinks","Blizzard+1","Buffer+1","Melter+1","RitualDagger","BootSequence+1","Glacier","Chill","Consume+1","Buffer+1","Auto Shields","Genetic Algorithm","Hologram","Stack+1","Defragment+1","Madness","Madness","Loop","Bandage Up","Coolheaded+1"],"special_seed":0,"relics":["Cracked Core","NeowsBlessing","Shuriken","Strawberry","Vajra","Omamori","Pen Nib","Black Star","MawBank","Singing Bowl","Dead Branch","Gremlin Horn","Runic Capacitor","Cursed Key","Blood Vial","Matryoshka","Dodecahedron","Whetstone","Mango"],"potions_floor_usage":[55,55],"damage_taken":[{"damage":0.0,"enemies":"Jaw Worm","floor":1.0,"turns":1.0},{"damage":0.0,"enemies":"Cultist","floor":3.0,"turns":1.0},{"damage":0.0,"enemies":"Gremlin Nob","floor":6.0,"turns":1.0},{"damage":19.0,"enemies":"3 Sentries","floor":8.0,"turns":6.0},{"damage":10.0,"enemies":"Lagavulin","floor":11.0,"turns":7.0},{"damage":0.0,"enemies":"2 Louse","floor":12.0,"turns":3.0},{"damage":6.0,"enemies":"Exordium Wildlife","floor":14.0,"turns":3.0},{"damage":21.0,"enemies":"Hexaghost","floor":16.0,"turns":5.0},{"damage":16.0,"enemies":"Spheric Guardian","floor":18.0,"turns":3.0},{"damage":16.0,"enemies":"2 Thieves","floor":22.0,"turns":4.0},{"damage":25.0,"enemies":"Book of Stabbing","floor":23.0,"turns":5.0},{"damage":10.0,"enemies":"3 Cultists","floor":25.0,"turns":3.0},{"damage":14.0,"enemies":"Cultist and Chosen","floor":28.0,"turns":5.0},{"damage":21.0,"enemies":"Snake Plant","floor":30.0,"turns":3.0},{"damage":2.0,"enemies":"Shelled Parasite and Fungi","floor":31.0,"turns":8.0},{"damage":8.0,"enemies":"Collector","floor":33.0,"turns":15.0},{"damage":5.0,"enemies":"3 Shapes","floor":35.0,"turns":4.0},{"damage":22.0,"enemies":"3 Darklings","floor":37.0,"turns":4.0},{"damage":5.0,"enemies":"4 Shapes","floor":38.0,"turns":6.0},{"damage":7.0,"enemies":"Sphere and 2 Shapes","floor":39.0,"turns":5.0},{"damage":48.0,"enemies":"Giant Head","floor":40.0,"turns":13.0},{"damage":0.0,"enemies":"3 Darklings","floor":42.0,"turns":1.0},{"damage":31.0,"enemies":"Jaw Worm Horde","floor":47.0,"turns":4.0},{"damage":27.0,"enemies":"Donu and Deca","floor":50.0,"turns":18.0},{"damage":0.0,"enemies":"Shield and Spear","floor":54.0,"turns":9.0},{"damage":80,"enemies":"The Heart","floor":55,"turns":6}],"seed_played":"-1059458788319312841","potions_obtained":[{"floor":2.0,"key":"FairyPotion"},{"floor":6.0,"key":"SmokeBomb"},{"floor":11.0,"key":"FocusPotion"},{"floor":18.0,"key":"Poison Potion"},{"floor":22.0,"key":"FocusPotion"},{"floor":37.0,"key":"SpeedPotion"}],"is_trial":false,"path_per_floor":["M","?","M","?","$","E","R","E","T","T","E","M","R","M","R","B",null,"M","?","?","?","M","E","R","M","T","$","M","R","M","M","R","B",null,"M","?","M","M","M","E","R","M","T","?","$","R","M","$","R","B",null,"R","$","E","B",null],"character_chosen":"DEFECT","items_purchased":["Defragment","Cold Snap","Runic Capacitor","Loop","Bandage Up","SteroidPotion","LiquidBronze"],"campfire_rested":5,"item_purchase_floors":[5,5,27,45,45,48,53],"current_hp_per_floor":[75,75,75,80,80,80,80,68,68,68,58,58,58,52,52,31,87,71,71,65,65,49,24,50,40,40,40,26,52,33,33,60,52,91,88,88,66,61,54,6,33,35,35,23,23,50,25,25,25,4,93,93,93,109,33],"gold":35,"neow_bonus":"THREE_ENEMY_KILL","is_prod":false,"is_daily":false,"chose_seed":false,"campfire_upgraded":4,"win_rate":0,"timestamp":1555892261,"path_taken":["M","?","?","?","$","E","R","E","T","?","E","M","R","?","R","BOSS","M","?","?","?","M","E","R","?","T","$","M","R","M","M","R","BOSS","M","?","M","?","?","E","R","?","T","?","$","R","M","$","R","BOSS","R","$","E","BOSS"],"build_version":"2019-01-23","purchased_purges":1,"victory":true,"max_hp_per_floor":[75,75,75,80,80,80,80,87,87,87,87,87,87,87,87,87,87,87,87,87,87,87,87,87,87,87,87,87,87,89,91,91,91,91,93,93,93,93,93,93,93,93,93,93,93,93,93,93,93,93,93,93,93,109,109],"card_choices":[{"not_picked":["Redo","Turbo"],"picked":"Reinforced Body","floor":1.0},{"not_picked":["Coolheaded","Compile Driver"],"picked":"Static Discharge","floor":3.0},{"not_picked":["Melter","Conserve Battery"],"picked":"Static Discharge","floor":6.0},{"not_picked":["Sunder","Leap"],"picked":"Conserve Battery","floor":8.0},{"not_picked":["Streamline","Hello World"],"picked":"Doom and Gloom","floor":11.0},{"not_picked":["Hologram","Ball Lightning"],"picked":"Heatsinks","floor":12.0},{"not_picked":["Force Field","Stack"],"picked":"Blizzard","floor":14.0},{"not_picked":["Machine Learning","All For One"],"picked":"Buffer","floor":16.0},{"not_picked":["Ball Lightning","FTL"],"picked":"Melter+1","floor":18.0},{"not_picked":["Cold Snap","Turbo"],"picked":"BootSequence+1","floor":22.0},{"not_picked":["Steam Power+1","Heatsinks"],"picked":"Glacier","floor":23.0},{"not_picked":["Gash","Beam Cell+1"],"picked":"Chill","floor":25.0},{"not_picked":["Sweeping Beam","Recycle"],"picked":"Consume+1","floor":28.0},{"not_picked":["Gash","Stack","Turbo"],"picked":"Singing Bowl","floor":30.0},{"not_picked":["Stack","Ball Lightning","Fission"],"picked":"Singing Bowl","floor":31.0},{"not_picked":["Biased Cognition","Creative AI"],"picked":"Buffer","floor":33.0},{"not_picked":["Turbo","Rebound+1","Reprogram"],"picked":"Singing Bowl","floor":35.0},{"not_picked":["Ball Lightning+1","Conserve Battery+1"],"picked":"Genetic Algorithm","floor":37.0},{"not_picked":["Thunder Strike","Barrage+1"],"picked":"Hologram","floor":38.0},{"not_picked":["Storm+1","Sweeping Beam+1"],"picked":"Stack+1","floor":39.0},{"not_picked":["Creative AI","Cold Snap+1"],"picked":"Defragment+1","floor":40.0},{"not_picked":["Hologram","Blizzard+1"],"picked":"Coolheaded+1","floor":47.0},{"not_picked":["Machine Learning","Gash+1","Auto Shields"],"picked":"Singing Bowl","floor":54.0}],"player_experience":103869,"relics_obtained":[{"floor":6.0,"key":"Shuriken"},{"floor":8.0,"key":"Strawberry"},{"floor":9.0,"key":"Vajra"},{"floor":10.0,"key":"Omamori"},{"floor":11.0,"key":"Pen Nib"},{"floor":23.0,"key":"Singing Bowl"},{"floor":23.0,"key":"Dead Branch"},{"floor":26.0,"key":"Gremlin Horn"},{"floor":40.0,"key":"Blood Vial"},{"floor":40.0,"key":"Matryoshka"},{"floor":43.0,"key":"Dodecahedron"},{"floor":54.0,"key":"Whetstone"},{"floor":54.0,"key":"Mango"}],"event_choices":[{"damage_healed":0.0,"max_hp_gain":0.0,"max_hp_loss":0.0,"gold_gain":0.0,"event_name":"The Woman in Blue","player_choice":"Bought 1 Potion","floor":2.0,"gold_loss":0.0,"damage_taken":0.0},{"damage_healed":0.0,"max_hp_gain":5.0,"max_hp_loss":0.0,"gold_gain":0.0,"event_name":"Big Fish","player_choice":"Donut","floor":4.0,"gold_loss":0.0,"damage_taken":0.0},{"damage_healed":0.0,"max_hp_gain":0.0,"max_hp_loss":0.0,"gold_gain":0.0,"event_name":"Addict","player_choice":"Obtained Relic","floor":19.0,"gold_loss":85.0,"damage_taken":0.0,"relics_obtained":["MawBank"]},{"damage_healed":0.0,"max_hp_gain":0.0,"max_hp_loss":0.0,"gold_gain":0.0,"event_name":"Nest","player_choice":"Joined the Cult","floor":20.0,"gold_loss":0.0,"damage_taken":6.0,"cards_obtained":["RitualDagger"]},{"damage_healed":0.0,"max_hp_gain":0.0,"max_hp_loss":0.0,"gold_gain":0.0,"event_name":"Upgrade Shrine","player_choice":"Upgraded","floor":21.0,"gold_loss":0.0,"damage_taken":0.0,"cards_upgraded":["Buffer"]},{"damage_healed":0.0,"max_hp_gain":0.0,"max_hp_loss":0.0,"gold_gain":0.0,"event_name":"Match and Keep!","player_choice":"1 cards matched","floor":36.0,"gold_loss":0.0,"damage_taken":0.0,"cards_obtained":["Auto Shields"]},{"damage_healed":0.0,"max_hp_gain":0.0,"max_hp_loss":0.0,"gold_gain":0.0,"event_name":"Match and Keep!","player_choice":"1 cards matched","floor":36.0,"gold_loss":0.0,"damage_taken":0.0,"cards_obtained":["Auto Shields"]},{"damage_healed":0.0,"max_hp_gain":0.0,"max_hp_loss":0.0,"gold_gain":0.0,"event_name":"Winding Halls","player_choice":"Embrace Madness","floor":44.0,"gold_loss":0.0,"damage_taken":12.0,"cards_obtained":["Madness","Madness"]}],"is_beta":false,"boss_relics":[{"not_picked":["Runic Pyramid","Busted Crown"],"picked":"Black Star"},{"not_picked":["Empty Cage","Snecko Eye"],"picked":"Cursed Key"}],"items_purged_floors":[27],"is_endless":false,"potions_floor_spawned":[6,11,14,18,22,25,28,31,37,40,42],"ascension_level":1}