{"gold_per_floor":[115,115,115,130,7,7,42,42,96,46,56,56,69,89,89,184,184,203,217,235,247,263,263,294,294],"floor_reached":25,"playtime":1833,"items_purged":["Defend_B"],"score":236,"play_id":"93758f79-7c51-496e-8907-903afe260dae","local_time":"20190205222724","is_ascension_mode":true,"campfire_choices":[{"data":"Capacitor","floor":6,"key":"SMITH"},{"floor":12,"key":"REST"},{"floor":15,"key":"REST"},{"floor":23,"key":"REST"}],"neow_cost":"NONE","seed_source_timestamp":220735244620316,"circlet_count":0,"master_deck":["Strike_B","Strike_B","Strike_B","Defend_B","Defend_B","Defend_B","Zap+1","Dualcast","Coolheaded+1","Static Discharge","Blizzard","Capacitor+1","Ball Lightning","Defragment","Leap","Rip and Tear","Barrage","Electrodynamics","Ball Lightning+1","Consume","Leap+1"],"relics":["Cracked Core","Gambling Chip","Darkstone Periapt","Smiling Mask","Sozu","Matryoshka"],"potions_floor_usage":[13,16,25],"damage_taken":[{"damage":1,"enemies":"Jaw Worm","floor":1,"turns":3},{"damage":5,"enemies":"Small Slimes","floor":4,"turns":4},{"damage":26,"enemies":"Gremlin Nob","floor":7,"turns":5},{"damage":1,"enemies":"2 Louse","floor":11,"turns":2},{"damage":8,"enemies":"Gremlin Gang","floor":13,"turns":3},{"damage":11,"enemies":"Looter","floor":14,"turns":2},{"damage":15,"enemies":"Slime Boss","floor":16,"turns":6},{"damage":15,"enemies":"Shell Parasite","floor":18,"turns":5},{"damage":0,"enemies":"3 Byrds","floor":19,"turns":2},{"damage":28,"enemies":"Snake Plant","floor":20,"turns":2},{"damage":15,"enemies":"Shelled Parasite and Fungi","floor":21,"turns":4},{"damage":7,"enemies":"Chosen and Byrds","floor":22,"turns":5},{"damage":30,"enemies":"Book of Stabbing","floor":24,"turns":4},{"damage":0,"enemies":"Centurion and Healer","floor":25,"turns":2}],"seed_played":"2210212910076177618","potions_obtained":[{"floor":4,"key":"Poison Potion"},{"floor":7,"key":"AttackPotion"},{"floor":13,"key":"SteroidPotion"},{"floor":16,"key":"Ancient Potion"}],"is_trial":false,"path_per_floor":["M","?","?","M","$","R","E","?","T","$","M","R","M","M","R","B",null,"M","M","M","M","M","R","E","M"],"character_chosen":"DEFECT","items_purchased":["Capacitor","Ball Lightning"],"campfire_rested":3,"item_purchase_floors":[5,5],"current_hp_per_floor":[74,59,56,51,51,51,25,25,25,25,24,46,38,27,49,34,75,60,60,32,17,10,32,2,2],"gold":294,"neow_bonus":"THREE_CARDS","is_prod":false,"is_daily":false,"chose_seed":false,"campfire_upgraded":1,"win_rate":0,"timestamp":1549434444,"path_taken":["M","?","?","M","$","R","E","?","T","$","M","R","M","?","R","BOSS","M","M","M","M","M","R","E","M"],"build_version":"2019-01-23","purchased_purges":1,"victory":false,"max_hp_per_floor":[75,75,75,75,75,75,75,75,75,75,75,75,75,75,75,75,75,75,75,75,75,75,75,75,75],"card_choices":[{"not_picked":["Rebound","Doom and Gloom"],"picked":"Coolheaded","floor":0},{"not_picked":["Conserve Battery","Hologram"],"picked":"Static Discharge","floor":1},{"not_picked":["Compile Driver","Redo"],"picked":"Blizzard","floor":4},{"not_picked":["Scrape","Leap"],"picked":"Defragment","floor":7},{"not_picked":["Aggregate","Darkness"],"picked":"Leap","floor":11},{"not_picked":["Barrage","Streamline"],"picked":"Rip and Tear","floor":13},{"not_picked":["Stack","Steam Power"],"picked":"Barrage","floor":14},{"not_picked":["Amplify","Rainbow"],"picked":"Electrodynamics","floor":16},{"not_picked":["Storm+1","Double Energy","Compile Driver"],"picked":"SKIP","floor":18},{"not_picked":["FTL","Darkness"],"picked":"Ball Lightning+1","floor":19},{"not_picked":["Cold Snap","Compile Driver","Recycle"],"picked":"SKIP","floor":20},{"not_picked":["Compile Driver","Turbo+1"],"picked":"Consume","floor":21},{"not_picked":["Reprogram","Gash"],"picked":"Leap+1","floor":22},{"not_picked":["Storm","Redo","Fusion"],"picked":"SKIP","floor":24}],"player_experience":33571,"relics_obtained":[{"floor":7,"key":"Darkstone Periapt"},{"floor":9,"key":"Smiling Mask"},{"floor":24,"key":"Matryoshka"}],"event_choices":[{"damage_healed":0,"gold_gain":0,"player_choice":"Entered Light","damage_taken":15,"max_hp_gain":0,"max_hp_loss":0,"event_name":"Shining Light","floor":2,"gold_loss":0,"cards_upgraded":["Coolheaded","Zap"]},{"damage_healed":0,"gold_gain":0,"player_choice":"Success","damage_taken":3,"relics_obtained":["Gambling Chip"],"max_hp_gain":0,"max_hp_loss":0,"event_name":"Scrap Ooze","floor":3,"gold_loss":0},{"cards_removed":["Strike_B"],"damage_healed":0,"gold_gain":0,"player_choice":"Purged","damage_taken":0,"max_hp_gain":0,"max_hp_loss":0,"event_name":"Purifier","floor":8,"gold_loss":0}],"is_beta":false,"boss_relics":[{"not_picked":["Cursed Key","Ectoplasm"],"picked":"Sozu"}],"items_purged_floors":[10],"is_endless":false,"potions_floor_spawned":[4,7,13,16,18,20,24],"killed_by":"Centurion and Healer","ascension_level":1}