{"gold_per_floor":[118,118,137,137,14,14,48,48,48,61,82,117,117,138,138,261,261,284,302,47,67,67,101,16,35,35,35,69,92,191,42,42,172,172,192,192,216,240,260,260,115,135,158,158,158,158,158,199,199,199,199,199,2,42,42],"floor_reached":55,"playtime":3801,"items_purged":["Injury","Normality","Shame"],"score":909,"play_id":"95ea1470-2720-456c-aafa-1555a37499e4","local_time":"20190305224946","is_ascension_mode":true,"campfire_choices":[{"data":"Bash","floor":6.0,"key":"SMITH"},{"data":"Rampage","floor":8.0,"key":"SMITH"},{"floor":13.0,"key":"REST"},{"data":"Perfected Strike","floor":15.0,"key":"SMITH"},{"floor":27.0,"key":"REST"},{"floor":32.0,"key":"REST"},{"floor":40.0,"key":"REST"},{"floor":44.0,"key":"RECALL"},{"floor":47.0,"key":"REST"},{"data":"Armaments","floor":49.0,"key":"SMITH"},{"data":"Limit Break","floor":52.0,"key":"SMITH"}],"neow_cost":"NONE","seed_source_timestamp":0,"circlet_count":0,"master_deck":["Strike_R","Strike_R","Strike_R","Strike_R","Strike_R","Defend_R","Defend_R","Defend_R","Defend_R","Bash+1","Cleave","Rampage+1","Shrug It Off","Headbutt","Perfected Strike+1","Pommel Strike","Feed","True Grit","Impervious","Havoc","Carnage","Rampage","Spot Weakness","Metallicize+1","Limit Break+1","Parasite","Violence","Whirlwind+1","Inflame+1","Armaments+1","Combust+1","Impervious"],"special_seed":0,"relics":["Burning Blood","Red Skull","Golden Idol","PreservedInsect","Matryoshka","Boot","Darkstone Periapt","Juzu Bracelet","Busted Crown","Kunai","MutagenicStrength","Bag of Marbles","Question Card","Frozen Egg 2","Letter Opener","Regal Pillow","Lantern","Calling Bell","Pen Nib","Shuriken","Gambling Chip","FossilizedHelix","Charon\u0027s Ashes"],"potions_floor_usage":[54,55],"damage_taken":[{"damage":5.0,"enemies":"2 Louse","floor":1.0,"turns":3.0},{"damage":0.0,"enemies":"Small Slimes","floor":3.0,"turns":3.0},{"damage":24.0,"enemies":"Lagavulin","floor":7.0,"turns":6.0},{"damage":7.0,"enemies":"Jaw Worm","floor":10.0,"turns":3.0},{"damage":9.0,"enemies":"Red Slaver","floor":11.0,"turns":3.0},{"damage":22.0,"enemies":"3 Sentries","floor":12.0,"turns":4.0},{"damage":0.0,"enemies":"Large Slime","floor":14.0,"turns":4.0},{"damage":15.0,"enemies":"Hexaghost","floor":16.0,"turns":8.0},{"damage":14.0,"enemies":"Spheric Guardian","floor":18.0,"turns":5.0},{"damage":10.0,"enemies":"Shell Parasite","floor":19.0,"turns":4.0},{"damage":43.0,"enemies":"Shelled Parasite and Fungi","floor":21.0,"turns":5.0},{"damage":10.0,"enemies":"Slavers","floor":23.0,"turns":4.0},{"damage":12.0,"enemies":"Snake Plant","floor":25.0,"turns":3.0},{"damage":5.0,"enemies":"Gremlin Leader","floor":28.0,"turns":4.0},{"damage":19.0,"enemies":"Chosen and Byrds","floor":29.0,"turns":5.0},{"damage":66.0,"enemies":"Collector","floor":33.0,"turns":9.0},{"damage":22.0,"enemies":"3 Shapes","floor":35.0,"turns":5.0},{"damage":21.0,"enemies":"3 Darklings","floor":37.0,"turns":6.0},{"damage":26.0,"enemies":"Jaw Worm Horde","floor":38.0,"turns":5.0},{"damage":28.0,"enemies":"Spire Growth","floor":39.0,"turns":3.0},{"damage":7.0,"enemies":"4 Shapes","floor":42.0,"turns":1.0},{"damage":44.0,"enemies":"Transient","floor":46.0,"turns":4.0},{"damage":0.0,"enemies":"Reptomancer","floor":48.0,"turns":1.0},{"damage":73.0,"enemies":"Time Eater","floor":50.0,"turns":12.0},{"damage":68,"enemies":"Shield and Spear","floor":54,"turns":6},{"damage":57,"enemies":"The Heart","floor":55,"turns":2}],"seed_played":"5433739380710869251","potions_obtained":[{"floor":7.0,"key":"LiquidBronze"},{"floor":11.0,"key":"Weak Potion"},{"floor":14.0,"key":"Block Potion"},{"floor":19.0,"key":"Regen Potion"},{"floor":21.0,"key":"Fire Potion"},{"floor":25.0,"key":"Poison Potion"},{"floor":28.0,"key":"SmokeBomb"},{"floor":37.0,"key":"FearPotion"}],"is_trial":false,"path_per_floor":["M","?","M","?","$","R","E","R","T","M","M","E","R","M","R","B",null,"M","M","$","M","?","E","?","M","T","R","E","M","?","$","R","B",null,"M","?","M","M","M","R","$","M","T","R","?","M","R","E","R","B",null,"R","$","E","B"],"character_chosen":"IRONCLAD","items_purchased":["Shrug It Off","Kunai","Lantern","Armaments","LiquidBronze"],"campfire_rested":5,"item_purchase_floors":[5,20,31,41,53],"current_hp_per_floor":[80,80,80,77,77,77,59,59,59,58,55,39,63,69,69,60,80,75,71,71,46,46,42,42,39,39,64,65,55,55,55,89,32,110,94,89,74,54,32,80,80,79,79,79,110,72,110,113,113,46,113,113,113,54,0],"gold":42,"neow_bonus":"RANDOM_COMMON_RELIC","is_prod":false,"is_daily":false,"chose_seed":false,"campfire_upgraded":5,"win_rate":0,"timestamp":1551854986,"path_taken":["M","?","M","?","?","R","E","R","T","?","M","E","R","M","R","BOSS","M","M","$","M","?","E","?","M","T","R","E","M","?","?","R","BOSS","M","?","M","M","M","R","$","M","T","R","?","M","R","E","R","BOSS","R","$","E","BOSS"],"build_version":"2019-01-23","purchased_purges":3,"victory":false,"max_hp_per_floor":[80,80,80,80,80,80,80,80,80,80,80,80,80,80,80,80,80,83,83,83,83,83,83,83,86,86,86,86,89,89,89,89,92,110,110,110,110,110,110,110,110,110,110,110,110,110,110,113,113,113,113,113,113,116,116],"card_choices":[{"not_picked":["Twin Strike","Pummel"],"picked":"Cleave","floor":1.0},{"not_picked":["Warcry","True Grit"],"picked":"Rampage","floor":3.0},{"not_picked":["Havoc","Dual Wield"],"picked":"Headbutt","floor":7.0},{"not_picked":["Feel No Pain","Headbutt"],"picked":"Perfected Strike","floor":10.0},{"not_picked":["Iron Wave","Entrench"],"picked":"Pommel Strike","floor":11.0},{"not_picked":["Carnage","Ghostly Armor"],"picked":"Feed","floor":12.0},{"not_picked":["Wild Strike","Cleave"],"picked":"True Grit","floor":14.0},{"not_picked":["Brutality","Berserk"],"picked":"Impervious","floor":16.0},{"not_picked":[],"picked":"Havoc","floor":18.0},{"not_picked":[],"picked":"Carnage","floor":19.0},{"not_picked":["Iron Wave"],"picked":"SKIP","floor":21.0},{"not_picked":[],"picked":"Rampage","floor":23.0},{"not_picked":["Second Wind"],"picked":"Infernal Blade","floor":25.0},{"not_picked":["Entrench"],"picked":"Spot Weakness","floor":28.0},{"not_picked":["Combust+1"],"picked":"Metallicize+1","floor":29.0},{"not_picked":["Immolate"],"picked":"Limit Break","floor":33.0},{"not_picked":["True Grit","Perfected Strike"],"picked":"SKIP","floor":35.0},{"not_picked":["Jack Of All Trades"],"picked":"Violence","floor":36.0},{"not_picked":["Evolve+1"],"picked":"Whirlwind+1","floor":37.0},{"not_picked":["Fire Breathing+1"],"picked":"Inflame+1","floor":38.0},{"not_picked":["Cleave","Sentinel"],"picked":"SKIP","floor":39.0},{"not_picked":["Pommel Strike"],"picked":"Combust+1","floor":42.0},{"not_picked":["Anger+1"],"picked":"Impervious","floor":48.0},{"not_picked":["Sword Boomerang","Anger"],"picked":"SKIP","floor":54}],"player_experience":76147,"relics_obtained":[{"floor":7.0,"key":"Matryoshka"},{"floor":9.0,"key":"Boot"},{"floor":9.0,"key":"Darkstone Periapt"},{"floor":12.0,"key":"Juzu Bracelet"},{"floor":23.0,"key":"Bag of Marbles"},{"floor":26.0,"key":"Frozen Egg 2"},{"floor":26.0,"key":"Letter Opener"},{"floor":28.0,"key":"Regal Pillow"},{"floor":34.0,"key":"Pen Nib"},{"floor":34.0,"key":"Shuriken"},{"floor":34.0,"key":"Gambling Chip"},{"floor":48.0,"key":"FossilizedHelix"},{"floor":54,"key":"Charon\u0027s Ashes"}],"event_choices":[{"damage_healed":0.0,"max_hp_gain":0.0,"max_hp_loss":0.0,"gold_gain":0.0,"event_name":"Golden Idol","player_choice":"Take Wound","floor":2.0,"gold_loss":0.0,"damage_taken":0.0,"relics_obtained":["Golden Idol"],"cards_obtained":["Injury"]},{"damage_healed":0.0,"max_hp_gain":0.0,"max_hp_loss":0.0,"gold_gain":0.0,"event_name":"Scrap Ooze","player_choice":"Success","floor":4.0,"gold_loss":0.0,"damage_taken":3.0,"relics_obtained":["PreservedInsect"]},{"damage_healed":0.0,"max_hp_gain":0.0,"max_hp_loss":0.0,"gold_gain":0.0,"event_name":"Drug Dealer","player_choice":"Inject Mutagens","floor":22.0,"gold_loss":0.0,"damage_taken":0.0,"relics_obtained":["MutagenicStrength"]},{"damage_healed":0.0,"max_hp_gain":0.0,"max_hp_loss":0.0,"gold_gain":0.0,"event_name":"Addict","player_choice":"Obtained Relic","floor":24.0,"gold_loss":85.0,"damage_taken":0.0,"relics_obtained":["Question Card"]},{"damage_healed":0.0,"max_hp_gain":0.0,"max_hp_loss":0.0,"gold_gain":99.0,"event_name":"Nest","player_choice":"Stole From Cult","floor":30.0,"gold_loss":0.0,"damage_taken":0.0},{"damage_healed":0.0,"max_hp_gain":0.0,"max_hp_loss":0.0,"gold_gain":0.0,"event_name":"SensoryStone","player_choice":"Memory 2","floor":36.0,"gold_loss":0.0,"damage_taken":5.0},{"cards_removed":["Infernal Blade"],"damage_healed":31.0,"max_hp_gain":0.0,"max_hp_loss":0.0,"gold_gain":0.0,"event_name":"Bonfire Elementals","player_choice":"Offered Uncommon","floor":45.0,"gold_loss":0.0,"damage_taken":0.0}],"is_beta":false,"boss_relics":[{"not_picked":["Pandora\u0027s Box","Fusion Hammer"],"picked":"Busted Crown"},{"not_picked":["Runic Dome","Eternal Feather"],"picked":"Calling Bell"}],"items_purged_floors":[5,41,53],"is_endless":false,"potions_floor_spawned":[7,11,14,19,21,25,28,37],"killed_by":"The Heart","ascension_level":3}