{"gold_per_floor":[109,109,122,122,122,147,147,159,184,184,203,238,250,274,286,402,414,414,414,116,41,41,41,41,41,41,41,41,41,41,41,41,41],"floor_reached":33,"playtime":1377,"items_purged":["Strike_G"],"score":464,"play_id":"6518c438-a481-45b5-93c5-66d7a529420f","local_time":"20190520110314","is_ascension_mode":true,"campfire_choices":[{"data":"Glass Knife","floor":7,"key":"SMITH"},{"data":"Neutralize","floor":10,"key":"SMITH"},{"data":"Deadly Poison","floor":13,"key":"SMITH"},{"floor":15,"key":"REST"},{"data":"Envenom","floor":23,"key":"SMITH"},{"floor":25,"key":"REST"},{"floor":30,"key":"REST"},{"data":"Riddle With Holes","floor":32,"key":"SMITH"}],"neow_cost":"NONE","seed_source_timestamp":9881407755286,"circlet_count":0,"master_deck":["Defend_G","Defend_G","Defend_G","Defend_G","Defend_G","Strike_G","Strike_G","Survivor","Neutralize+1","Glass Knife+1","Deadly Poison+1","Die Die Die","Venomology","Cloak And Dagger","Deadly Poison","PiercingWail","After Image","Acrobatics","Envenom+1","Riddle With Holes+1","Deadly Poison","Acrobatics","PiercingWail","Deflect"],"relics":["Ring of the Snake","Vajra","Lantern","Snake Skull","MawBank","Ectoplasm","Blood Vial","Dream Catcher","Oddly Smooth Stone"],"potions_floor_usage":[14,16,16,16,24,24,28,31,33,33,33],"damage_taken":[{"damage":2,"enemies":"Small Slimes","floor":1,"turns":3},{"damage":0,"enemies":"2 Louse","floor":3,"turns":3},{"damage":24,"enemies":"Lagavulin","floor":6,"turns":8},{"damage":0,"enemies":"Cultist","floor":8,"turns":2},{"damage":0,"enemies":"Exordium Wildlife","floor":11,"turns":1},{"damage":0,"enemies":"3 Sentries","floor":12,"turns":4},{"damage":0,"enemies":"Looter","floor":14,"turns":3},{"damage":25,"enemies":"Slime Boss","floor":16,"turns":11},{"damage":0,"enemies":"Chosen","floor":18,"turns":4},{"damage":6,"enemies":"2 Thieves","floor":21,"turns":4},{"damage":0,"enemies":"Centurion and Healer","floor":22,"turns":4},{"damage":36,"enemies":"Book of Stabbing","floor":24,"turns":6},{"damage":3,"enemies":"Chosen and Byrds","floor":27,"turns":5},{"damage":9,"enemies":"Slavers","floor":28,"turns":6},{"damage":0,"enemies":"Snecko","floor":31,"turns":1},{"damage":86,"enemies":"Champ","floor":33,"turns":10}],"seed_played":"-2167623545074573614","potions_obtained":[{"floor":3,"key":"LiquidBronze"},{"floor":6,"key":"SpeedPotion"},{"floor":18,"key":"GhostInAJar"},{"floor":21,"key":"SmokeBomb"},{"floor":28,"key":"Energy Potion"}],"is_trial":false,"path_per_floor":["?","?","?","?","$","M"],"character_chosen":"THE_SILENT","items_purchased":["Envenom","Riddle With Holes"],"campfire_rested":3,"item_purchase_floors":[20,20],"current_hp_per_floor":[61,58,58,58,51,27,27,27,27,27,27,27,27,27,48,23,58,58,58,58,52,52,52,16,37,37,36,29,29,50,52,52,0],"gold":41,"neow_bonus":"ONE_RANDOM_RARE_CARD","is_prod":false,"is_daily":false,"chose_seed":false,"campfire_upgraded":5,"win_rate":0,"timestamp":1558342994,"path_taken":["M","?","M","?","?","E","R","M","T","R","M","E","R","M","R","BOSS","M","?","$","M","M","R","E","R","T","M","E","?","R","?","R","BOSS"],"build_version":"2019-01-23","purchased_purges":1,"victory":false,"max_hp_per_floor":[70,70,70,70,70,70,70,70,70,70,70,70,70,70,70,70,70,70,70,70,70,70,70,70,70,70,70,70,70,70,70,70,70],"card_choices":[{"not_picked":["Dagger Throw","Sucker Punch"],"picked":"Deadly Poison","floor":1},{"not_picked":["Deflect","Bane"],"picked":"Die Die Die","floor":3},{"not_picked":["Choke","Blade Dance"],"picked":"Venomology","floor":6},{"not_picked":["Escape Plan","Catalyst"],"picked":"Cloak And Dagger","floor":8},{"not_picked":["Concentrate","Setup","Heel Hook"],"picked":"SKIP","floor":11},{"not_picked":["Eviscerate","Tactician"],"picked":"Deadly Poison","floor":12},{"not_picked":["Slice","Calculated Gamble"],"picked":"PiercingWail","floor":14},{"not_picked":["A Thousand Cuts","Envenom"],"picked":"After Image","floor":16},{"not_picked":["Blade Dance","Sucker Punch+1"],"picked":"Acrobatics","floor":18},{"not_picked":["Reflex+1","Dagger Throw","Blade Dance"],"picked":"SKIP","floor":21},{"not_picked":["Bane","Flying Knee","Backstab"],"picked":"SKIP","floor":22},{"not_picked":["Quick Slash","Deflect"],"picked":"Deadly Poison","floor":24},{"not_picked":["Calculated Gamble","Skewer+1"],"picked":"Acrobatics","floor":27},{"not_picked":["Masterful Stab","Flechettes"],"picked":"PiercingWail","floor":28},{"not_picked":["Choke","Doppelganger"],"picked":"Deflect","floor":30}],"player_experience":649798,"relics_obtained":[{"floor":6,"key":"Lantern"},{"floor":9,"key":"Snake Skull"},{"floor":12,"key":"MawBank"},{"floor":24,"key":"Blood Vial"},{"floor":26,"key":"Dream Catcher"},{"floor":28,"key":"Oddly Smooth Stone"}],"event_choices":[{"damage_healed":0,"gold_gain":0,"player_choice":"Success","damage_taken":3,"relics_obtained":["Vajra"],"max_hp_gain":0,"max_hp_loss":0,"event_name":"Scrap Ooze","floor":2,"gold_loss":0},{"cards_removed":["Strike_G"],"damage_healed":0,"gold_gain":0,"player_choice":"Forget","damage_taken":0,"max_hp_gain":0,"max_hp_loss":0,"event_name":"Living Wall","floor":4,"gold_loss":0},{"cards_removed":["Strike_G"],"damage_healed":0,"gold_gain":0,"player_choice":"Card Removal","damage_taken":7,"max_hp_gain":0,"max_hp_loss":0,"event_name":"Golden Wing","floor":5,"gold_loss":0},{"damage_healed":0,"gold_gain":0,"player_choice":"Bought 0 Potions","damage_taken":0,"max_hp_gain":0,"max_hp_loss":0,"event_name":"The Woman in Blue","floor":19,"gold_loss":0}],"is_beta":false,"boss_relics":[{"not_picked":["White Beast Statue","Tiny House"],"picked":"Ectoplasm"}],"items_purged_floors":[20],"is_endless":false,"potions_floor_spawned":[3,6,8,18,21,28,31],"killed_by":"Champ","ascension_level":9}