{"gold_per_floor":[113,129,54,66,86,86,86,86,86,119,135,161,9,9,9,104,104,123,133,145,160,160,193,193,218,245,245,245,264,38,54,54,155,155,173,190,204,214,16,30,30,30],"floor_reached":42,"playtime":2457,"items_purged":["Strike_R","Defend_R","Strike_R"],"score":457,"play_id":"74caf9d8-3da8-42bf-8d3a-7a89dbfddb5c","local_time":"20190423013454","is_ascension_mode":false,"campfire_choices":[{"data":"Armaments","floor":6.0,"key":"SMITH"},{"data":"Dual Wield","floor":15.0,"key":"SMITH"},{"data":"1","floor":24.0,"key":"LIFT"},{"data":"Apotheosis","floor":32.0,"key":"SMITH"}],"neow_cost":"NONE","seed_source_timestamp":48113897027241,"circlet_count":0,"master_deck":["Strike_R+1","Defend_R","Defend_R+1","Bash","Dual Wield+1","Armaments+1","Whirlwind","Ghostly Armor","Clothesline","Inflame","Disarm","Feed","Offering","Flex","Pommel Strike+1","Twin Strike+1","Double Tap","Burning Pact","Infernal Blade","Double Tap","Intimidate","Apotheosis+1","Shrug It Off","Berserk","Havoc+1","Sword Boomerang+1","Rampage","Reaper","Decay"],"special_seed":0,"relics":["Burning Blood","Mercury Hourglass","Girya","Dodecahedron","PreservedInsect","Lizard Tail","Bronze Scales","Pantograph","Red Mask","Smiling Mask","Bag of Marbles","Velvet Choker","Pen Nib"],"potions_floor_usage":[33,33,36],"damage_taken":[{"damage":6.0,"enemies":"Cultist","floor":1.0,"turns":3.0},{"damage":10.0,"enemies":"Small Slimes","floor":2.0,"turns":3.0},{"damage":0.0,"enemies":"2 Louse","floor":4.0,"turns":1.0},{"damage":10.0,"enemies":"Looter","floor":5.0,"turns":4.0},{"damage":13.0,"enemies":"3 Sentries","floor":10.0,"turns":4.0},{"damage":0.0,"enemies":"Lots of Slimes","floor":11.0,"turns":2.0},{"damage":14.0,"enemies":"Lagavulin","floor":12.0,"turns":7.0},{"damage":30.0,"enemies":"Hexaghost","floor":16.0,"turns":9.0},{"damage":9.0,"enemies":"3 Byrds","floor":18.0,"turns":3.0},{"damage":25.0,"enemies":"Shell Parasite","floor":19.0,"turns":7.0},{"damage":29.0,"enemies":"Snake Plant","floor":20.0,"turns":5.0},{"damage":14.0,"enemies":"Chosen and Byrds","floor":21.0,"turns":6.0},{"damage":14.0,"enemies":"Gremlin Leader","floor":23.0,"turns":6.0},{"damage":32.0,"enemies":"Masked Bandits","floor":25.0,"turns":5.0},{"damage":22.0,"enemies":"Shelled Parasite and Fungi","floor":29.0,"turns":4.0},{"damage":13.0,"enemies":"Sentry and Sphere","floor":31.0,"turns":3.0},{"damage":53,"enemies":"Collector","floor":33,"turns":8},{"damage":0,"enemies":"3 Shapes","floor":35,"turns":1},{"damage":6,"enemies":"3 Darklings","floor":36,"turns":1},{"damage":36,"enemies":"4 Shapes","floor":37,"turns":4},{"damage":38,"enemies":"Jaw Worm Horde","floor":38,"turns":4},{"damage":20,"enemies":"Transient","floor":40,"turns":5},{"damage":24,"enemies":"Spire Growth","floor":42,"turns":2}],"seed_played":"-9083030795526508715","potions_obtained":[{"floor":2.0,"key":"LiquidBronze"},{"floor":4.0,"key":"LiquidBronze"},{"floor":5.0,"key":"Fire Potion"},{"floor":16.0,"key":"AttackPotion"},{"floor":18.0,"key":"GamblersBrew"},{"floor":29.0,"key":"Strength Potion"},{"floor":31.0,"key":"Weak Potion"},{"floor":33,"key":"Strength Potion"},{"floor":37,"key":"Dexterity Potion"},{"floor":40,"key":"Fire Potion"}],"is_trial":false,"path_per_floor":["M","M","$","M","M","R","?","?","T","E","M","E","$","?","R","B",null,"M","M","M","M","T","E","R","?","T","?","T","M","$","M","R","B",null,"M","M","M","M","$","M","?","M"],"character_chosen":"IRONCLAD","items_purchased":["PreservedInsect","Apotheosis","Pen Nib"],"campfire_rested":0,"item_purchase_floors":[13,30,39],"current_hp_per_floor":[80,76,76,80,76,76,60,60,60,53,59,51,51,51,51,30,83,83,67,44,36,36,31,31,52,52,52,52,36,36,32,32,10,95,95,95,69,37,37,23,23,0],"gold":30,"neow_bonus":"THREE_CARDS","is_prod":false,"is_daily":false,"chose_seed":false,"campfire_upgraded":3,"win_rate":0,"timestamp":1556008494,"path_taken":["M","M","$","M","?","R","?","?","T","E","M","E","$","?","R","BOSS","M","M","?","M","?","E","R","?","T","?","?","?","$","M","R","BOSS","M","M","M","?","$","M","?","M"],"build_version":"2019-04-21","purchased_purges":3,"victory":false,"max_hp_per_floor":[80,80,80,80,80,80,80,80,80,80,80,80,80,80,80,83,83,86,89,89,89,89,92,92,92,92,92,92,92,92,95,95,95,95,95,95,99,99,99,99,99,99],"card_choices":[{"not_picked":["Body Slam","Rage"],"picked":"Dual Wield","floor":0.0},{"not_picked":["Wild Strike","Searing Blow"],"picked":"Armaments","floor":1.0},{"not_picked":["Rage","Inflame"],"picked":"Whirlwind","floor":2.0},{"not_picked":["Wild Strike","Clash"],"picked":"Ghostly Armor","floor":4.0},{"not_picked":["Pommel Strike","Infernal Blade"],"picked":"Clothesline","floor":5.0},{"not_picked":["Dual Wield","Second Wind"],"picked":"Inflame","floor":10.0},{"not_picked":["Shrug It Off","Sword Boomerang"],"picked":"Disarm","floor":11.0},{"not_picked":["Second Wind","Anger"],"picked":"Feed","floor":12.0},{"not_picked":["Fiend Fire","Barricade"],"picked":"Offering","floor":16.0},{"not_picked":["Thunderclap","Perfected Strike"],"picked":"Flex","floor":18.0},{"not_picked":["Iron Wave+1","Havoc+1"],"picked":"Pommel Strike+1","floor":19.0},{"not_picked":["Shrug It Off","Heavy Blade"],"picked":"Twin Strike+1","floor":20.0},{"not_picked":["Entrench","Havoc"],"picked":"Double Tap","floor":21.0},{"not_picked":["Havoc","Perfected Strike+1"],"picked":"Burning Pact","floor":23.0},{"not_picked":["Shrug It Off","Havoc+1"],"picked":"Infernal Blade","floor":25.0},{"not_picked":["Flex","Blood for Blood","Perfected Strike+1"],"picked":"SKIP","floor":29.0},{"not_picked":["Heavy Blade","Thunderclap"],"picked":"Shrug It Off","floor":31.0},{"not_picked":["Juggernaut","Feed"],"picked":"Berserk","floor":33},{"not_picked":["Sever Soul+1","Perfected Strike"],"picked":"Havoc+1","floor":35},{"not_picked":["Shrug It Off+1","Warcry+1"],"picked":"Sword Boomerang+1","floor":36},{"not_picked":["Fire Breathing","Warcry"],"picked":"Rampage","floor":37},{"not_picked":["Pummel","Battle Trance+1"],"picked":"Reaper","floor":38},{"not_picked":["Body Slam+1","Rage+1","Heavy Blade"],"picked":"SKIP","floor":40}],"player_experience":1065925,"relics_obtained":[{"floor":9.0,"key":"Mercury Hourglass"},{"floor":10.0,"key":"Girya"},{"floor":12.0,"key":"Dodecahedron"},{"floor":22.0,"key":"Bronze Scales"},{"floor":23.0,"key":"Pantograph"},{"floor":25.0,"key":"Red Mask"},{"floor":26.0,"key":"Smiling Mask"},{"floor":28.0,"key":"Bag of Marbles"}],"event_choices":[{"damage_healed":0.0,"max_hp_gain":0.0,"max_hp_loss":0.0,"gold_gain":0.0,"event_name":"Shining Light","player_choice":"Entered Light","floor":7.0,"gold_loss":0.0,"damage_taken":16.0,"cards_upgraded":["Defend_R","Strike_R"]},{"cards_removed":["Defend_R"],"damage_healed":0.0,"max_hp_gain":0.0,"max_hp_loss":0.0,"gold_gain":0.0,"event_name":"Living Wall","player_choice":"Forget","floor":8.0,"gold_loss":0.0,"damage_taken":0.0},{"damage_healed":0.0,"max_hp_gain":0.0,"max_hp_loss":0.0,"gold_gain":0.0,"cards_transformed":["Strike_R"],"event_name":"Transmorgrifier","player_choice":"Transformed","floor":14.0,"gold_loss":0.0,"damage_taken":0.0,"cards_obtained":["Bloodletting"]},{"damage_healed":0.0,"max_hp_gain":0.0,"max_hp_loss":0.0,"gold_gain":0.0,"event_name":"Masked Bandits","player_choice":"Fought Bandits","floor":25.0,"gold_loss":0.0,"damage_taken":0.0},{"damage_healed":0.0,"max_hp_gain":0.0,"max_hp_loss":0.0,"gold_gain":0.0,"cards_transformed":["Bloodletting","Strike_R"],"event_name":"Drug Dealer","player_choice":"Became Test Subject","floor":27.0,"gold_loss":0.0,"damage_taken":0.0,"cards_obtained":["Double Tap","Intimidate"]},{"damage_healed":0,"gold_gain":0,"player_choice":"Cursed","damage_taken":0,"max_hp_gain":0,"max_hp_loss":0,"event_name":"Wheel of Change","floor":41,"gold_loss":0,"cards_obtained":["Decay"]}],"is_beta":true,"boss_relics":[{"not_picked":["Runic Pyramid","Tiny House"],"picked":"Lizard Tail"},{"not_picked":["Fusion Hammer","Astrolabe"],"picked":"Velvet Choker"}],"items_purged_floors":[3,30,39],"is_endless":false,"potions_floor_spawned":[2,4,5,16,18,29,31,33,37,40],"killed_by":"Spire Growth","ascension_level":0}