{"gold_per_floor":[117,117,49,61,136,136,63,394,394,421,421,421,421,433,433,530,530,547,547,558,44,61,61,86,99,150,150],"floor_reached":27,"playtime":637,"items_purged":[],"score":277,"play_id":"1df17fad-ab1d-4a3c-8043-dd499b090d51","local_time":"20190708115058","is_ascension_mode":true,"campfire_choices":[{"data":"Inflame","floor":6,"key":"SMITH"},{"data":"Immolate","floor":11,"key":"SMITH"},{"data":"Bash","floor":13,"key":"SMITH"},{"data":"Iron Wave","floor":15,"key":"SMITH"},{"data":"Barricade","floor":23,"key":"SMITH"}],"neow_cost":"NONE","seed_source_timestamp":13593554649805,"circlet_count":0,"master_deck":["Defend_R","Defend_R","Defend_R","Defend_R","Bash+1","Headbutt","Inflame+1","Pommel Strike","Immolate+1","Seeing Red+1","Iron Wave+1","Anger","Barricade+1","Rampage+1","Uppercut+1","Feed+1","Disarm+1","J.A.X.+1","Heavy Blade+1","Swift Strike","Metallicize","Armaments+1","Spot Weakness+1"],"relics":["Burning Blood","Old Coin","Ornamental Fan","Toxic Egg 2","Astrolabe","Brimstone","Happy Flower","Calipers","Smiling Mask"],"potions_floor_usage":[16,18,27],"damage_taken":[{"damage":4,"enemies":"2 Louse","floor":1,"turns":3},{"damage":7,"enemies":"Small Slimes","floor":4,"turns":4},{"damage":14,"enemies":"Gremlin Nob","floor":8,"turns":3},{"damage":12,"enemies":"3 Sentries","floor":10,"turns":3},{"damage":1,"enemies":"Jaw Worm","floor":14,"turns":3},{"damage":35,"enemies":"The Guardian","floor":16,"turns":9},{"damage":5,"enemies":"Spheric Guardian","floor":18,"turns":3},{"damage":20,"enemies":"2 Thieves","floor":20,"turns":2},{"damage":13,"enemies":"Snecko","floor":22,"turns":3},{"damage":17,"enemies":"Gremlin Leader","floor":24,"turns":6},{"damage":25,"enemies":"Centurion and Healer","floor":25,"turns":5},{"damage":41,"enemies":"Slavers","floor":27,"turns":3}],"seed_played":"-4841258360840380669","potions_obtained":[{"floor":8,"key":"LiquidBronze"},{"floor":10,"key":"Poison Potion"},{"floor":16,"key":"AttackPotion"},{"floor":20,"key":"Energy Potion"},{"floor":25,"key":"SpeedPotion"}],"is_trial":false,"path_per_floor":["?","?","$","?","M","?"],"character_chosen":"IRONCLAD","items_purchased":["Inflame","Immolate","Swift Strike","Brimstone","Happy Flower","Metallicize"],"campfire_rested":0,"item_purchase_floors":[3,7,21,21,21,21],"current_hp_per_floor":[88,81,81,80,69,69,69,61,61,55,55,55,55,60,60,31,88,88,88,74,74,67,67,56,41,41,0],"gold":150,"neow_bonus":"TEN_PERCENT_HP_BONUS","is_prod":false,"is_daily":false,"chose_seed":false,"campfire_upgraded":5,"win_rate":0,"timestamp":1562579458,"path_taken":["M","?","$","M","?","R","?","E","T","E","R","?","R","?","R","BOSS","M","?","M","$","M","R","E","M","T","E"],"build_version":"2019-01-23","purchased_purges":0,"victory":false,"max_hp_per_floor":[88,88,88,88,88,88,88,88,88,88,88,88,88,88,88,88,88,88,88,88,88,88,88,88,92,92,92],"card_choices":[{"not_picked":["Warcry","Thunderclap"],"picked":"Headbutt","floor":1},{"not_picked":["Rage","Wild Strike"],"picked":"Pommel Strike","floor":4},{"not_picked":["Cleave","Warcry","Searing Blow"],"picked":"SKIP","floor":8},{"not_picked":["Combust","Rupture"],"picked":"Seeing Red","floor":10},{"not_picked":["Heavy Blade","Searing Blow"],"picked":"Anger","floor":14},{"not_picked":["Bludgeon","Impervious+1"],"picked":"Barricade","floor":16},{"not_picked":["Evolve","Warcry+1"],"picked":"Disarm+1","floor":18},{"not_picked":["Pommel Strike+1","Headbutt"],"picked":"Heavy Blade+1","floor":20},{"not_picked":["Flex+1","Infernal Blade+1","Body Slam"],"picked":"SKIP","floor":22},{"not_picked":["Uppercut","Power Through+1"],"picked":"Armaments+1","floor":24},{"not_picked":["Anger","Dual Wield+1"],"picked":"Spot Weakness+1","floor":25}],"player_experience":982805,"relics_obtained":[{"floor":8,"key":"Old Coin"},{"floor":9,"key":"Ornamental Fan"},{"floor":10,"key":"Toxic Egg 2"},{"floor":24,"key":"Calipers"},{"floor":26,"key":"Smiling Mask"}],"event_choices":[{"cards_removed":["Strike_R"],"damage_healed":0,"gold_gain":0,"player_choice":"Card Removal","damage_taken":7,"max_hp_gain":0,"max_hp_loss":0,"event_name":"Golden Wing","floor":2,"gold_loss":0},{"damage_healed":0,"gold_gain":75,"player_choice":"Gather Gold","damage_taken":11,"max_hp_gain":0,"max_hp_loss":0,"event_name":"World of Goop","floor":5,"gold_loss":0},{"damage_healed":0,"gold_gain":0,"cards_transformed":["Strike_R"],"player_choice":"Transformed","damage_taken":0,"max_hp_gain":0,"max_hp_loss":0,"event_name":"Transmorgrifier","floor":12,"gold_loss":0,"cards_obtained":["Iron Wave"]},{"damage_healed":0,"gold_gain":0,"player_choice":"Obtain J.A.X.","damage_taken":0,"max_hp_gain":0,"max_hp_loss":0,"event_name":"Drug Dealer","floor":19,"gold_loss":0,"cards_obtained":["J.A.X."]}],"is_beta":false,"boss_relics":[{"not_picked":["Tiny House","Eternal Feather"],"picked":"Astrolabe"}],"items_purged_floors":[],"is_endless":false,"potions_floor_spawned":[8,10,16,20,25],"killed_by":"Slavers","ascension_level":1}