{"gold_per_floor":[15,27,27,47,47,47,81,81,149,169,169,204,217,232,232,332,332,345,345,362,381,91,118,118,133,208,208,228,241,241,254,254,356,356,374,394,109,126,146,146,146,165,165,184,184,196,196,210,210,210],"floor_reached":51,"playtime":4231,"items_purged":["Pain","Tactician+1"],"score":637,"play_id":"f03df5d7-073a-417e-9601-abc5f2bf5b06","local_time":"20190719060745","is_ascension_mode":false,"campfire_choices":[{"data":"Footwork","floor":6.0,"key":"SMITH"},{"floor":11.0,"key":"REST"},{"data":"Bouncing Flask","floor":15.0,"key":"SMITH"},{"floor":24.0,"key":"REST"},{"floor":27.0,"key":"REST"},{"data":"Envenom","floor":32.0,"key":"SMITH"},{"floor":40.0,"key":"REST"},{"floor":45.0,"key":"REST"},{"floor":49.0,"key":"REST"}],"neow_cost":"NO_GOLD","seed_source_timestamp":193092880478802,"circlet_count":0,"master_deck":["Strike_G","Strike_G","Strike_G","Defend_G","Defend_G","Defend_G","Defend_G","Survivor","Neutralize","Good Instincts","Deep Breath","Footwork+1","Footwork+1","Dagger Spray","Bouncing Flask+1","Blade Dance","Choke","Envenom+1","Escape Plan+1","Footwork","Cloak And Dagger+1","Sucker Punch+1","Flechettes+1","Burst","All Out Attack+1","Noxious Fumes+1","Cloak And Dagger","Well Laid Plans","Poisoned Stab","Expertise+1","Madness","Blur","Outmaneuver+1"],"special_seed":0,"relics":["Ring of the Snake","Happy Flower","Nunchaku","The Courier","Tough Bandages","Busted Crown","WarpedTongs","Paper Crane","Oddly Smooth Stone","Kunai","Gremlin Horn","Astrolabe","Letter Opener","Pocketwatch"],"potions_floor_usage":[50],"damage_taken":[{"damage":3.0,"enemies":"Jaw Worm","floor":1.0,"turns":4.0},{"damage":4.0,"enemies":"Cultist","floor":2.0,"turns":5.0},{"damage":0.0,"enemies":"Small Slimes","floor":4.0,"turns":4.0},{"damage":18.0,"enemies":"3 Sentries","floor":7.0,"turns":16.0},{"damage":7.0,"enemies":"Gremlin Gang","floor":10.0,"turns":6.0},{"damage":22.0,"enemies":"Lagavulin","floor":12.0,"turns":14.0},{"damage":9.0,"enemies":"2 Fungi Beasts","floor":13.0,"turns":4.0},{"damage":1.0,"enemies":"Looter","floor":14.0,"turns":4.0},{"damage":14.0,"enemies":"The Guardian","floor":16.0,"turns":13.0},{"damage":21.0,"enemies":"3 Byrds","floor":18.0,"turns":6.0},{"damage":5.0,"enemies":"2 Thieves","floor":20.0,"turns":4.0},{"damage":11.0,"enemies":"Centurion and Healer","floor":21.0,"turns":6.0},{"damage":20.0,"enemies":"Slavers","floor":23.0,"turns":6.0},{"damage":6.0,"enemies":"3 Cultists","floor":25.0,"turns":6.0},{"damage":0.0,"enemies":"Snake Plant","floor":28.0,"turns":4.0},{"damage":0.0,"enemies":"Cultist and Chosen","floor":29.0,"turns":5.0},{"damage":7.0,"enemies":"Snecko","floor":31.0,"turns":5.0},{"damage":1.0,"enemies":"Automaton","floor":33.0,"turns":12.0},{"damage":23.0,"enemies":"3 Shapes","floor":35.0,"turns":5.0},{"damage":9.0,"enemies":"3 Darklings","floor":36.0,"turns":5.0},{"damage":28.0,"enemies":"Spire Growth","floor":38.0,"turns":6.0},{"damage":12.0,"enemies":"Jaw Worm Horde","floor":39.0,"turns":4.0},{"damage":5.0,"enemies":"Sphere and 2 Shapes","floor":42.0,"turns":4.0},{"damage":0.0,"enemies":"Spire Growth","floor":44.0,"turns":4.0},{"damage":0.0,"enemies":"Transient","floor":46.0,"turns":5.0},{"damage":7.0,"enemies":"Sphere and 2 Shapes","floor":48.0,"turns":6.0},{"damage":48,"enemies":"Awakened One","floor":50,"turns":15}],"seed_played":"9188791804032662577","potions_obtained":[{"floor":7.0,"key":"Block Potion"},{"floor":12.0,"key":"Strength Potion"},{"floor":16.0,"key":"Explosive Potion"},{"floor":18.0,"key":"PowerPotion"},{"floor":23.0,"key":"PowerPotion"},{"floor":28.0,"key":"Dexterity Potion"},{"floor":31.0,"key":"Regen Potion"},{"floor":35.0,"key":"Explosive Potion"},{"floor":39.0,"key":"Poison Potion"}],"is_trial":false,"path_per_floor":["M","M","?","M","T","R","E","?","T","M","R","E","M","M","R","B",null,"M","?","M","M","$","E","R","M","T","R","M","M","T","M","R","B",null,"M","M","$","M","M","R","?","M","T","M","R","M","?","M","R","B",null],"character_chosen":"THE_SILENT","items_purchased":["Paper Crane","Footwork","Letter Opener"],"campfire_rested":6,"item_purchase_floors":[22,22,37],"current_hp_per_floor":[67,63,63,63,63,63,45,50,50,43,64,42,33,32,32,18,70,49,49,44,33,33,13,34,28,28,49,49,49,49,42,42,41,70,47,38,38,22,10,31,31,26,26,26,47,47,47,40,61,13],"gold":210,"neow_bonus":"RANDOM_COLORLESS_2","is_prod":false,"is_daily":false,"chose_seed":false,"campfire_upgraded":3,"win_rate":0,"timestamp":1563541665,"path_taken":["M","M","?","M","?","R","E","?","T","?","R","E","M","M","R","BOSS","M","?","M","M","$","E","R","?","T","R","M","M","?","M","R","BOSS","M","M","$","M","M","R","?","M","T","?","R","M","?","M","R","BOSS"],"build_version":"2019-07-18","purchased_purges":2,"victory":true,"max_hp_per_floor":[70,70,70,70,70,70,70,70,70,70,70,70,70,70,70,70,70,70,70,70,70,70,70,70,70,70,70,70,70,70,70,70,70,70,70,70,70,70,70,70,70,70,70,70,70,70,70,70,70,70],"card_choices":[{"not_picked":["Sucker Punch","Eviscerate"],"picked":"Deflect","floor":1.0},{"not_picked":["Cloak And Dagger","Catalyst"],"picked":"Footwork","floor":2.0},{"not_picked":["Flying Knee","Riddle With Holes"],"picked":"Footwork","floor":4.0},{"not_picked":["Sucker Punch","Slice"],"picked":"Dagger Spray","floor":7.0},{"not_picked":["Prepared","Bane","Slice"],"picked":"SKIP","floor":10.0},{"not_picked":["Prepared","All Out Attack"],"picked":"Bouncing Flask","floor":12.0},{"not_picked":["Tactician","Dodge and Roll"],"picked":"Blade Dance","floor":13.0},{"not_picked":["Dagger Spray","Underhanded Strike"],"picked":"Choke","floor":14.0},{"not_picked":["Corpse Explosion","Phantasmal Killer"],"picked":"Envenom","floor":16.0},{"not_picked":["Caltrops"],"picked":"SKIP","floor":18.0},{"not_picked":["Outmaneuver"],"picked":"SKIP","floor":20.0},{"not_picked":[],"picked":"Escape Plan+1","floor":21.0},{"not_picked":[],"picked":"Cloak And Dagger+1","floor":23.0},{"not_picked":["Bane"],"picked":"SKIP","floor":25.0},{"not_picked":["Skewer"],"picked":"SKIP","floor":28.0},{"not_picked":[],"picked":"Sucker Punch+1","floor":29.0},{"not_picked":[],"picked":"Flechettes+1","floor":31.0},{"not_picked":[],"picked":"Burst","floor":33.0},{"not_picked":[],"picked":"Cloak And Dagger","floor":35.0},{"not_picked":[],"picked":"Well Laid Plans","floor":36.0},{"not_picked":[],"picked":"Poisoned Stab","floor":38.0},{"not_picked":[],"picked":"Expertise+1","floor":39.0},{"not_picked":[],"picked":"Outmaneuver+1","floor":42.0},{"not_picked":["Slice+1"],"picked":"SKIP","floor":44.0},{"not_picked":["Deadly Poison+1"],"picked":"SKIP","floor":46.0},{"not_picked":["Poisoned Stab"],"picked":"SKIP","floor":48.0}],"player_experience":1133974,"relics_obtained":[{"floor":5.0,"key":"Happy Flower"},{"floor":7.0,"key":"Nunchaku"},{"floor":9.0,"key":"The Courier"},{"floor":12.0,"key":"Tough Bandages"},{"floor":23.0,"key":"Oddly Smooth Stone"},{"floor":26.0,"key":"Kunai"},{"floor":30.0,"key":"Gremlin Horn"},{"floor":43.0,"key":"Pocketwatch"}],"event_choices":[{"damage_healed":0.0,"max_hp_gain":0.0,"max_hp_loss":0.0,"gold_gain":0.0,"event_name":"Living Wall","player_choice":"Grow","floor":3.0,"gold_loss":0.0,"damage_taken":0.0,"cards_upgraded":["Footwork"]},{"cards_removed":["Deflect"],"damage_healed":5.0,"max_hp_gain":0.0,"max_hp_loss":0.0,"gold_gain":0.0,"event_name":"Bonfire Elementals","player_choice":"Offered Common","floor":8.0,"gold_loss":0.0,"damage_taken":0.0},{"cards_removed":["Deflect"],"damage_healed":5.0,"max_hp_gain":0.0,"max_hp_loss":0.0,"gold_gain":0.0,"event_name":"Bonfire Elementals","player_choice":"Offered Special","floor":8.0,"gold_loss":0.0,"damage_taken":0.0},{"damage_healed":0.0,"max_hp_gain":0.0,"max_hp_loss":0.0,"gold_gain":0.0,"event_name":"Accursed Blacksmith","player_choice":"Rummage","floor":19.0,"gold_loss":0.0,"damage_taken":0.0,"relics_obtained":["WarpedTongs"],"cards_obtained":["Pain"]},{"damage_healed":0.0,"max_hp_gain":0.0,"max_hp_loss":0.0,"gold_gain":0.0,"event_name":"Match and Keep!","player_choice":"2 cards matched","floor":41.0,"gold_loss":0.0,"damage_taken":0.0,"cards_obtained":["Madness","Blur"]},{"damage_healed":0.0,"max_hp_gain":0.0,"max_hp_loss":0.0,"gold_gain":0.0,"event_name":"SecretPortal","player_choice":"Ignored","floor":47.0,"gold_loss":0.0,"damage_taken":0.0}],"is_beta":true,"boss_relics":[{"not_picked":["Runic Dome","Orrery"],"picked":"Busted Crown"},{"not_picked":["Cursed Key","Calling Bell"],"picked":"Astrolabe"}],"items_purged_floors":[22,37],"is_endless":false,"potions_floor_spawned":[7,12,16,18,23,28,31,35,39],"ascension_level":0}