{"gold_per_floor":[112,122,122,136,151,186,163,188,267,267,342,342,517,532,532,628,628,648,648,658,583,337,354,384,384,384,396,396,415,431,444,444,444],"floor_reached":33,"playtime":2255,"items_purged":["Doubt","Strike_R"],"score":304,"play_id":"763caa32-9b2d-4675-bf07-c7f79c548e73","local_time":"20190721173041","is_ascension_mode":false,"campfire_choices":[{"data":"True Grit","floor":10,"key":"SMITH"},{"floor":12,"key":"REST"},{"data":"Searing Blow","floor":15,"key":"SMITH"},{"data":"Searing Blow+1","floor":25,"key":"SMITH"},{"data":"Searing Blow+2","floor":32,"key":"SMITH"}],"neow_cost":"NONE","seed_source_timestamp":251332985313243,"circlet_count":0,"master_deck":["Defend_R","Defend_R","Defend_R","Defend_R","Bash","Impervious","True Grit+1","Uppercut","Twin Strike","Shrug It Off","Inflame","Sword Boomerang","Searing Blow+3","Offering","Twin Strike","Carnage","Writhe","Bite","Bite","Bite","Bite","Bite","Spot Weakness"],"special_seed":0,"relics":["Burning Blood","Boot","WingedGreaves","Ancient Tea Set","Gremlin Horn","Cursed Key","PreservedInsect","Singing Bowl","Turnip"],"potions_floor_usage":[16,16,29,29,31],"damage_taken":[{"damage":10.0,"enemies":"Cultist","floor":1.0,"turns":4.0},{"damage":0.0,"enemies":"Small Slimes","floor":2.0,"turns":4.0},{"damage":1.0,"enemies":"2 Louse","floor":4.0,"turns":3.0},{"damage":28.0,"enemies":"2 Fungi Beasts","floor":5.0,"turns":4.0},{"damage":16.0,"enemies":"Gremlin Nob","floor":6.0,"turns":5.0},{"damage":33,"enemies":"3 Sentries","floor":8,"turns":9},{"damage":0,"enemies":"Exordium Wildlife","floor":14,"turns":3},{"damage":22,"enemies":"Slime Boss","floor":16,"turns":9},{"damage":16,"enemies":"Chosen","floor":18,"turns":4},{"damage":14,"enemies":"2 Thieves","floor":20,"turns":4},{"damage":16,"enemies":"Snake Plant","floor":23,"turns":4},{"damage":24,"enemies":"Gremlin Leader","floor":24,"turns":3},{"damage":8,"enemies":"Snecko","floor":27,"turns":4},{"damage":22,"enemies":"Sentry and Sphere","floor":29,"turns":5},{"damage":25,"enemies":"Cultist and Chosen","floor":30,"turns":4},{"damage":16,"enemies":"Shelled Parasite and Fungi","floor":31,"turns":3},{"damage":55,"enemies":"Champ","floor":33,"turns":6}],"seed_played":"241227393462931339","potions_obtained":[{"floor":4.0,"key":"Dexterity Potion"},{"floor":6.0,"key":"Strength Potion"},{"floor":8,"key":"EssenceOfSteel"},{"floor":18,"key":"Regen Potion"},{"floor":23,"key":"Explosive Potion"},{"floor":27,"key":"EssenceOfSteel"},{"floor":30,"key":"SpeedPotion"}],"is_trial":false,"path_per_floor":["M","M","?","M","M","E","$","E","T","R","?","R","?","M","R","B",null,"M","?","M","$","$","M","E","R","T","M","?","M","M","M","R","B"],"character_chosen":"IRONCLAD","items_purchased":["Sword Boomerang","PreservedInsect"],"campfire_rested":1,"item_purchase_floors":[7,22],"current_hp_per_floor":[76,80,77,80,58,48,48,21,21,21,10,34,34,40,40,24,80,70,70,62,62,62,52,36,36,36,36,36,45,38,36,36,0],"gold":444,"neow_bonus":"ONE_RANDOM_RARE_CARD","is_prod":false,"is_daily":false,"chose_seed":false,"campfire_upgraded":4,"win_rate":0,"timestamp":1563755441,"path_taken":["M","M","?","M","M","E","$","E","T","R","?","R","?","M","R","BOSS","M","?","M","$","$","M","E","R","T","M","?","M","M","M","R","BOSS"],"build_version":"2019-07-18","purchased_purges":2,"victory":false,"max_hp_per_floor":[80,80,80,80,80,80,80,80,80,80,80,80,80,80,80,80,80,80,80,80,80,80,80,82,82,82,84,58,60,62,62,62,62],"card_choices":[{"not_picked":["Warcry","Headbutt"],"picked":"True Grit","floor":1.0},{"not_picked":["Cleave","True Grit"],"picked":"Uppercut","floor":2.0},{"not_picked":["Bloodletting","Iron Wave"],"picked":"Twin Strike","floor":4.0},{"not_picked":["Combust","Warcry"],"picked":"Shrug It Off","floor":5.0},{"not_picked":["Bludgeon","Clash"],"picked":"Inflame","floor":6.0},{"not_picked":["Clash","Perfected Strike","Metallicize"],"picked":"SKIP","floor":8},{"not_picked":["Bloodletting","Pummel"],"picked":"Searing Blow","floor":14},{"not_picked":["Dark Embrace","Demon Form"],"picked":"Offering","floor":16},{"not_picked":["Heavy Blade","Intimidate"],"picked":"Twin Strike","floor":18},{"not_picked":["Shockwave","Flame Barrier"],"picked":"Carnage","floor":20},{"not_picked":["Headbutt","Body Slam","Heavy Blade"],"picked":"SKIP","floor":23},{"not_picked":["Entrench","Whirlwind","Dual Wield"],"picked":"Singing Bowl","floor":24},{"not_picked":["Intimidate","Cleave","Sentinel"],"picked":"Singing Bowl","floor":27},{"not_picked":["Second Wind","Evolve+1","Headbutt"],"picked":"Singing Bowl","floor":29},{"not_picked":["Disarm+1","Corruption","Whirlwind"],"picked":"Singing Bowl","floor":30},{"not_picked":["Barricade","Anger"],"picked":"Spot Weakness","floor":31}],"player_experience":1181623,"relics_obtained":[{"floor":6.0,"key":"WingedGreaves"},{"floor":8,"key":"Ancient Tea Set"},{"floor":9,"key":"Gremlin Horn"},{"floor":24,"key":"Singing Bowl"},{"floor":26,"key":"Turnip"}],"event_choices":[{"damage_healed":0.0,"max_hp_gain":0.0,"max_hp_loss":0.0,"gold_gain":0.0,"event_name":"Scrap Ooze","player_choice":"Success","floor":3.0,"gold_loss":0.0,"damage_taken":3.0,"relics_obtained":["Boot"]},{"damage_healed":0,"gold_gain":75,"player_choice":"Gather Gold","damage_taken":11,"max_hp_gain":0,"max_hp_loss":0,"event_name":"World of Goop","floor":11,"gold_loss":0},{"damage_healed":0,"gold_gain":175,"player_choice":"AGREE","damage_taken":0,"max_hp_gain":0,"max_hp_loss":0,"event_name":"Liars Game","floor":13,"gold_loss":0,"cards_obtained":["Doubt"]},{"damage_healed":0,"gold_gain":0,"player_choice":"Ignored","damage_taken":0,"max_hp_gain":0,"max_hp_loss":0,"event_name":"Ghosts","floor":19,"gold_loss":0},{"damage_healed":0,"gold_gain":0,"player_choice":"Became a vampire","damage_taken":0,"max_hp_gain":0,"max_hp_loss":26,"event_name":"Vampires","floor":28,"gold_loss":0,"cards_obtained":["Bite","Bite","Bite","Bite","Bite"]}],"is_beta":true,"boss_relics":[{"not_picked":["Coffee Dripper","Runic Dome"],"picked":"Cursed Key"}],"items_purged_floors":[21,22],"is_endless":false,"potions_floor_spawned":[4,6,8,18,23,27,30],"killed_by":"Champ","ascension_level":0}