{"gold_per_floor":[118,136,155,166,179,179,208,208,255,274,18,18,18,38,38,143,143,159,159,177,33,47,47,78,78],"floor_reached":25,"playtime":1911,"items_purged":[],"score":225,"play_id":"edec5b4a-c408-4b03-a9e9-af6fce880af8","local_time":"20190127204417","is_ascension_mode":false,"campfire_choices":[{"data":"Dagger Spray","floor":6.0,"key":"SMITH"},{"floor":8.0,"key":"REST"},{"data":"Noxious Fumes","floor":13.0,"key":"SMITH"},{"floor":15.0,"key":"REST"},{"floor":23,"key":"REST"}],"neow_cost":"NONE","seed_source_timestamp":0,"circlet_count":0,"master_deck":["Defend_G","Defend_G","Defend_G","Defend_G","Defend_G","Strike_G","Strike_G","Strike_G","Strike_G","Strike_G","Survivor","Neutralize","Dagger Spray+1","Flying Knee","Quick Slash","Phantasmal Killer","Blur","Deadly Poison","Dagger Spray","Apotheosis","Noxious Fumes+1","A Thousand Cuts","Backstab","Poisoned Stab","Dagger Spray"],"special_seed":0,"relics":["Ring of the Snake","NeowsBlessing","Bottled Flame","Omamori","Black Star","FaceOfCleric","Snake Skull","Kunai","Centennial Puzzle"],"potions_floor_usage":[20,24,24],"damage_taken":[{"damage":0.0,"enemies":"Cultist","floor":1.0,"turns":1.0},{"damage":0.0,"enemies":"2 Louse","floor":2.0,"turns":1.0},{"damage":0.0,"enemies":"Jaw Worm","floor":3.0,"turns":1.0},{"damage":12.0,"enemies":"Lots of Slimes","floor":4.0,"turns":4.0},{"damage":0.0,"enemies":"3 Louse","floor":5.0,"turns":2.0},{"damage":34.0,"enemies":"Gremlin Nob","floor":7.0,"turns":5.0},{"damage":0.0,"enemies":"Exordium Wildlife","floor":10.0,"turns":1.0},{"damage":0.0,"enemies":"Blue Slaver","floor":14.0,"turns":2.0},{"damage":30.0,"enemies":"Hexaghost","floor":16.0,"turns":9.0},{"damage":25.0,"enemies":"Chosen","floor":18.0,"turns":5.0},{"damage":20,"enemies":"Spheric Guardian","floor":20,"turns":5},{"damage":13,"enemies":"Centurion and Healer","floor":22,"turns":9},{"damage":21,"enemies":"Gremlin Leader","floor":24,"turns":6},{"damage":16,"enemies":"Snake Plant","floor":25,"turns":1}],"seed_played":"7792293700993121983","potions_obtained":[{"floor":1.0,"key":"EntropicBrew"},{"floor":3.0,"key":"Strength Potion"},{"floor":7.0,"key":"Fire Potion"},{"floor":14.0,"key":"Ancient Potion"}],"is_trial":false,"path_per_floor":["M","M","M","M","M","R","E","R","T","M","$","?","R","M","R","B",null,"M","?","M","$","M","R","E","M"],"character_chosen":"THE_SILENT","items_purchased":["Apotheosis","Noxious Fumes","Snake Skull"],"campfire_rested":3,"item_purchase_floors":[11,11,21],"current_hp_per_floor":[70,70,70,58,58,58,24,45,45,45,45,45,45,45,66,36,70,45,45,26,26,14,35,15,0],"gold":78,"neow_bonus":"THREE_ENEMY_KILL","is_prod":false,"is_daily":false,"chose_seed":false,"campfire_upgraded":2,"win_rate":0.0,"timestamp":1548650657,"path_taken":["M","M","?","M","M","R","E","R","T","M","$","?","R","M","R","BOSS","M","?","M","$","M","R","E","M"],"build_version":"2019-01-23","purchased_purges":0,"victory":false,"max_hp_per_floor":[70,70,70,70,70,70,70,70,70,70,70,70,70,70,70,70,70,70,70,71,71,72,72,73,73],"card_choices":[{"not_picked":["Acrobatics","Underhanded Strike"],"picked":"Dagger Spray","floor":1.0},{"not_picked":["Underhanded Strike","Blade Dance"],"picked":"Flying Knee","floor":2.0},{"not_picked":["Deflect","Skewer"],"picked":"Quick Slash","floor":3.0},{"not_picked":["Quick Slash","Bouncing Flask"],"picked":"Phantasmal Killer","floor":4.0},{"not_picked":["PiercingWail","Deflect"],"picked":"Blur","floor":5.0},{"not_picked":["Endless Agony","Prepared"],"picked":"Deadly Poison","floor":7.0},{"not_picked":["Outmaneuver","Underhanded Strike"],"picked":"Dagger Spray","floor":10.0},{"not_picked":["Expertise","Dodge and Roll","Flying Knee"],"picked":"SKIP","floor":14.0},{"not_picked":["Burst","Wraith Form v2"],"picked":"A Thousand Cuts","floor":16.0},{"not_picked":["Well Laid Plans","Backflip"],"picked":"Backstab","floor":18.0},{"not_picked":["Tactician","Dagger Throw"],"picked":"Poisoned Stab","floor":20},{"not_picked":["Flying Knee","Terror"],"picked":"Dagger Spray","floor":22},{"not_picked":["Sucker Punch+1","Quick Slash","Slice"],"picked":"SKIP","floor":24}],"player_experience":10269,"relics_obtained":[{"floor":7.0,"key":"Bottled Flame"},{"floor":9.0,"key":"Omamori"},{"floor":24,"key":"Kunai"},{"floor":24,"key":"Centennial Puzzle"}],"event_choices":[{"damage_healed":0.0,"max_hp_gain":0.0,"max_hp_loss":0.0,"gold_gain":0.0,"event_name":"The Cleric","player_choice":"Leave","floor":12.0,"gold_loss":0.0,"damage_taken":0.0},{"damage_healed":0.0,"max_hp_gain":0.0,"max_hp_loss":0.0,"gold_gain":0.0,"event_name":"FaceTrader","player_choice":"Trade","floor":19.0,"gold_loss":0.0,"damage_taken":0.0,"relics_obtained":["FaceOfCleric"]}],"is_beta":false,"boss_relics":[{"not_picked":["Cursed Key","Philosopher\u0027s Stone"],"picked":"Black Star"}],"items_purged_floors":[],"is_endless":false,"potions_floor_spawned":[1,3,7,14,18],"killed_by":"Snake Plant","ascension_level":0}