{"gold_per_floor":[111,177,127,1,18,53,53,64,90,90,121,121,121,133,133,230,230,241,72,98,116,135,135,461,474,474,474,504,429,429,449,449,547,597,609,505,505,505,523,523],"floor_reached":40,"playtime":1560,"items_purged":["Strike_G","Decay"],"score":831,"play_id":"57dc233e-8171-419e-afef-6cb8598dda25","local_time":"20190528144313","is_ascension_mode":true,"campfire_choices":[{"floor":7,"key":"REST"},{"data":"Deadly Poison","floor":10,"key":"SMITH"},{"data":"Neutralize","floor":12,"key":"SMITH"},{"floor":15,"key":"REST"},{"floor":23,"key":"REST"},{"floor":30,"key":"REST"},{"data":"Catalyst","floor":32,"key":"SMITH"}],"neow_cost":"NONE","seed_source_timestamp":22677507507202,"circlet_count":0,"master_deck":["AscendersBane","Defend_G","Defend_G","Defend_G","Defend_G","Defend_G","Survivor","Neutralize+1","Dash","Deadly Poison+1","Skewer","Footwork+1","Sucker Punch","Catalyst+1","Night Terror","Deadly Poison","Corpse Explosion","Backflip","Noxious Fumes","Acrobatics","Deadly Poison","Crippling Poison+1","Backflip","Bite+1","Bite+1","Bite+1","Bite+1","Bite+1","Cloak And Dagger+1","Leg Sweep","Envenom","Backstab+1","Backflip","Swift Strike+1","Backflip"],"relics":["Lizard Tail","Smiling Mask","Lantern","Bottled Flame","Cursed Key","Snake Skull","Old Coin","Molten Egg 2","Bottled Lightning","Tiny House"],"potions_floor_usage":[6,24,28],"damage_taken":[{"damage":7,"enemies":"2 Louse","floor":1,"turns":3},{"damage":8,"enemies":"Small Slimes","floor":5,"turns":4},{"damage":39,"enemies":"Lagavulin","floor":6,"turns":11},{"damage":0,"enemies":"Cultist","floor":8,"turns":3},{"damage":13,"enemies":"3 Sentries","floor":11,"turns":14},{"damage":4,"enemies":"Exordium Wildlife","floor":14,"turns":6},{"damage":33,"enemies":"The Guardian","floor":16,"turns":6},{"damage":0,"enemies":"Chosen","floor":18,"turns":4},{"damage":13,"enemies":"2 Thieves","floor":21,"turns":3},{"damage":23,"enemies":"Snake Plant","floor":22,"turns":4},{"damage":47,"enemies":"Gremlin Leader","floor":24,"turns":6},{"damage":6,"enemies":"Centurion and Healer","floor":25,"turns":3},{"damage":30,"enemies":"Slavers","floor":28,"turns":4},{"damage":1,"enemies":"3 Cultists","floor":31,"turns":3},{"damage":33,"enemies":"Automaton","floor":33,"turns":10},{"damage":22,"enemies":"3 Shapes","floor":35,"turns":3},{"damage":8,"enemies":"3 Darklings","floor":39,"turns":3},{"damage":60,"enemies":"Giant Head","floor":40,"turns":6}],"seed_played":"711463334377212334","potions_obtained":[{"floor":5,"key":"AttackPotion"},{"floor":8,"key":"GamblersBrew"},{"floor":16,"key":"Strength Potion"},{"floor":24,"key":"Swift Potion"},{"floor":31,"key":"SmokeBomb"}],"is_trial":false,"path_per_floor":["?","?","?","T","?","?","?","?"],"character_chosen":"THE_SILENT","items_purchased":["Deadly Poison","Skewer","Noxious Fumes","Acrobatics","Backflip"],"campfire_rested":4,"item_purchase_floors":[4,4,19,19,36],"current_hp_per_floor":[56,56,56,56,48,9,30,30,30,30,17,17,17,13,34,1,53,53,53,53,40,17,38,35,29,29,29,8,8,22,30,30,12,45,32,32,32,32,24,0],"gold":523,"neow_bonus":"BOSS_RELIC","is_prod":false,"is_daily":false,"chose_seed":false,"campfire_upgraded":3,"win_rate":0,"timestamp":1559047393,"path_taken":["M","?","?","$","M","E","R","M","T","R","E","R","?","M","R","BOSS","M","$","?","M","M","R","E","M","T","?","E","?","R","M","R","BOSS","M","$","?","?","M","E"],"build_version":"2019-01-23","purchased_purges":2,"victory":false,"max_hp_per_floor":[70,70,70,70,70,70,70,70,70,70,70,70,70,70,70,70,70,70,70,70,70,70,70,70,70,70,49,49,49,49,49,49,49,54,54,54,51,51,51,51],"card_choices":[{"not_picked":["Cloak And Dagger","Blade Dance"],"picked":"Dash","floor":1},{"not_picked":["Infinite Blades","Acrobatics"],"picked":"Footwork","floor":5},{"not_picked":["Backstab","Dodge and Roll"],"picked":"Sucker Punch","floor":6},{"not_picked":["Slice","Calculated Gamble"],"picked":"Catalyst","floor":8},{"not_picked":["Tools of the Trade","Sucker Punch"],"picked":"Night Terror","floor":11},{"not_picked":["Predator","Dodge and Roll"],"picked":"Deadly Poison","floor":14},{"not_picked":["Storm of Steel","Envenom"],"picked":"Corpse Explosion","floor":16},{"not_picked":["Dash","Bane"],"picked":"Backflip","floor":18},{"not_picked":["Backstab","Phantasmal Killer"],"picked":"Deadly Poison","floor":21},{"not_picked":["Dodge and Roll","Blade Dance"],"picked":"Crippling Poison+1","floor":22},{"not_picked":["Storm of Steel","Choke","Dagger Spray"],"picked":"SKIP","floor":24},{"not_picked":["Poisoned Stab+1","Sucker Punch"],"picked":"Backflip","floor":25},{"not_picked":["Grand Finale+1","Endless Agony+1"],"picked":"Cloak And Dagger+1","floor":28},{"not_picked":["Underhanded Strike+1","Cloak And Dagger"],"picked":"Leg Sweep","floor":31},{"not_picked":["Glass Knife+1","Die Die Die+1"],"picked":"Envenom","floor":33},{"not_picked":["Outmaneuver+1","Deflect"],"picked":"Backstab+1","floor":34},{"not_picked":["Underhanded Strike+1","Deflect","Choke+1"],"picked":"SKIP","floor":35},{"not_picked":["Trip","PanicButton"],"picked":"Swift Strike+1","floor":38},{"not_picked":["Poisoned Stab+1","Dagger Throw+1"],"picked":"Backflip","floor":39}],"player_experience":704531,"relics_obtained":[{"floor":6,"key":"Smiling Mask"},{"floor":9,"key":"Lantern"},{"floor":11,"key":"Bottled Flame"},{"floor":20,"key":"Snake Skull"},{"floor":24,"key":"Old Coin"},{"floor":26,"key":"Molten Egg 2"},{"floor":28,"key":"Bottled Lightning"}],"event_choices":[{"damage_healed":0,"gold_gain":66,"player_choice":"Gained Gold","damage_taken":0,"max_hp_gain":0,"max_hp_loss":0,"event_name":"Golden Wing","floor":2,"gold_loss":0},{"cards_removed":["Strike_G"],"damage_healed":0,"gold_gain":0,"player_choice":"Card Removal","damage_taken":0,"max_hp_gain":0,"max_hp_loss":0,"event_name":"The Cleric","floor":3,"gold_loss":50},{"cards_removed":["Strike_G"],"damage_healed":0,"gold_gain":0,"player_choice":"Offered Basic","damage_taken":0,"max_hp_gain":0,"max_hp_loss":0,"event_name":"Bonfire Elementals","floor":13,"gold_loss":0},{"damage_healed":0,"gold_gain":0,"player_choice":"Became a vampire","damage_taken":0,"max_hp_gain":0,"max_hp_loss":21,"event_name":"Vampires","floor":27,"gold_loss":0,"cards_obtained":["Bite","Bite","Bite","Bite","Bite"]},{"cards_removed":["Writhe"],"damage_healed":0,"gold_gain":0,"player_choice":"Gave Gold","damage_taken":0,"max_hp_gain":0,"max_hp_loss":0,"event_name":"Beggar","floor":29,"gold_loss":75},{"damage_healed":0,"gold_gain":0,"player_choice":"Max HP","damage_taken":0,"max_hp_gain":0,"max_hp_loss":3,"event_name":"Winding Halls","floor":37,"gold_loss":0},{"damage_healed":0,"gold_gain":0,"player_choice":"Memory 1","damage_taken":0,"max_hp_gain":0,"max_hp_loss":0,"event_name":"SensoryStone","floor":38,"gold_loss":0}],"is_beta":false,"boss_relics":[{"not_picked":["HoveringKite","Runic Pyramid"],"picked":"Cursed Key"},{"not_picked":["WristBlade","Calling Bell"],"picked":"Tiny House"}],"items_purged_floors":[19,36],"is_endless":false,"potions_floor_spawned":[5,8,16,21,24,25,31,39],"killed_by":"Giant Head","ascension_level":12}