{"gold_per_floor":[116,194,194,212,229,229,260,260,260,291,311,486,119,154,154,275,275,289,289,194,232,274,304,344,404,404,441,215,215,215,256,256,380,380,420,495,506,542,667,717,717,717,717,744,756,775,785,399,399,399],"floor_reached":51,"playtime":9226,"items_purged":["Doubt"],"score":1187,"play_id":"dea0675e-898d-404f-bb2e-275c51b2745a","local_time":"20190520153424","is_ascension_mode":true,"campfire_choices":[{"data":"Dash","floor":6.0,"key":"SMITH"},{"data":"Neutralize","floor":8.0,"key":"SMITH"},{"floor":15.0,"key":"REST"},{"data":"Apotheosis","floor":32,"key":"SMITH"},{"data":"After Image","floor":41,"key":"SMITH"},{"data":"Acrobatics","floor":49,"key":"SMITH"}],"neow_cost":"NONE","seed_source_timestamp":0,"circlet_count":0,"master_deck":["Survivor","Neutralize+1","All Out Attack","Acrobatics+1","Dash+1","Sucker Punch","Footwork","Noxious Fumes","HandOfGreed","Wraith Form v2","After Image+1","Dagger Throw","Well Laid Plans","Prepared","Deadly Poison","Dodge and Roll","Terror","Venomology","Escape Plan","Bane","Burst","Apotheosis+1","Backflip","Leg Sweep","Noxious Fumes","Footwork","Malaise","PiercingWail+1","PiercingWail+1","Burst","Die Die Die","A Thousand Cuts","Sadistic Nature"],"special_seed":0,"relics":["Ring of the Snake","Matryoshka","Meat on the Bone","Singing Bowl","Art of War","Membership Card","Ninja Scroll","Pandora\u0027s Box","Sundial","Bronze Scales","Letter Opener","Happy Flower","Lantern","Potion Belt","Prayer Wheel","MutagenicStrength","Coffee Dripper","Gambling Chip","Du-Vu Doll","Bottled Tornado","Mummified Hand","Bag of Preparation","Boot","Chemical X"],"potions_floor_usage":[23,23,24,25,31,33,33,35,37,38,39,39,44,45,45,46,50,50,50],"damage_taken":[{"damage":2.0,"enemies":"Small Slimes","floor":1.0,"turns":4.0},{"damage":7.0,"enemies":"Jaw Worm","floor":4.0,"turns":5.0},{"damage":1.0,"enemies":"Cultist","floor":5.0,"turns":4.0},{"damage":17.0,"enemies":"Gremlin Nob","floor":7.0,"turns":6.0},{"damage":16.0,"enemies":"3 Sentries","floor":10.0,"turns":8.0},{"damage":4.0,"enemies":"Looter","floor":11.0,"turns":4.0},{"damage":38.0,"enemies":"Gremlin Nob","floor":14.0,"turns":5.0},{"damage":51.0,"enemies":"Slime Boss","floor":16.0,"turns":12.0},{"damage":26.0,"enemies":"Spheric Guardian","floor":18.0,"turns":6.0},{"damage":23.0,"enemies":"3 Byrds","floor":21.0,"turns":7.0},{"damage":0.0,"enemies":"Centurion and Healer","floor":22.0,"turns":8.0},{"damage":9,"enemies":"Book of Stabbing","floor":23,"turns":5},{"damage":12,"enemies":"3 Cultists","floor":24,"turns":6},{"damage":26,"enemies":"Slavers","floor":25,"turns":7},{"damage":0,"enemies":"Sentry and Sphere","floor":27,"turns":7},{"damage":10,"enemies":"Snecko","floor":31,"turns":6},{"damage":5,"enemies":"Collector","floor":33,"turns":8},{"damage":0,"enemies":"3 Shapes","floor":35,"turns":5},{"damage":8,"enemies":"Orb Walker","floor":37,"turns":4},{"damage":9,"enemies":"3 Darklings","floor":38,"turns":4},{"damage":0,"enemies":"Mind Bloom Boss Battle","floor":39,"turns":6},{"damage":2,"enemies":"Reptomancer","floor":40,"turns":6},{"damage":19,"enemies":"Giant Head","floor":44,"turns":10},{"damage":0,"enemies":"Maw","floor":45,"turns":5},{"damage":0,"enemies":"Jaw Worm Horde","floor":46,"turns":2},{"damage":0,"enemies":"4 Shapes","floor":47,"turns":3},{"damage":0,"enemies":"Donu and Deca","floor":50,"turns":8}],"seed_played":"2443896182962432003","potions_obtained":[{"floor":4.0,"key":"GhostInAJar"},{"floor":5.0,"key":"LiquidBronze"},{"floor":11.0,"key":"SkillPotion"},{"floor":14.0,"key":"FearPotion"},{"floor":24,"key":"GamblersBrew"},{"floor":27,"key":"SkillPotion"},{"floor":31,"key":"Swift Potion"},{"floor":33,"key":"Swift Potion"},{"floor":37,"key":"Energy Potion"},{"floor":44,"key":"GhostInAJar"},{"floor":45,"key":"Ancient Potion"}],"is_trial":false,"path_per_floor":["?","?","?","?","T","?","?","M","?","?"],"character_chosen":"THE_SILENT","items_purchased":["Membership Card","Noxious Fumes","HandOfGreed","Apotheosis","Footwork","Lantern","Potion Belt","GhostInAJar","Bag of Preparation","A Thousand Cuts","Boot","Chemical X","Sadistic Nature"],"campfire_rested":1,"item_purchase_floors":[13,13,13,20,28,28,28,28,48,48,48,48,48],"current_hp_per_floor":[68,68,73,66,65,65,48,48,48,44,54,54,54,28,53,14,67,55,55,55,44,44,49,51,52,52,54,54,54,54,60,60,55,86,88,79,73,68,70,68,68,68,68,61,65,69,73,73,73,73],"gold":399,"neow_bonus":"TEN_PERCENT_HP_BONUS","is_prod":false,"is_daily":false,"chose_seed":false,"campfire_upgraded":5,"win_rate":0,"timestamp":1558359264,"path_taken":["M","?","?","M","M","R","E","R","T","E","M","?","$","E","R","BOSS","M","?","$","M","M","E","M","E","T","M","$","?","?","M","R","BOSS","M","?","?","M","?","E","R","?","T","E","M","M","M","$","R","BOSS"],"build_version":"2019-01-23","purchased_purges":1,"victory":true,"max_hp_per_floor":[77,77,82,82,82,82,82,82,82,82,84,84,84,84,84,84,84,86,86,86,86,86,88,90,90,90,92,92,92,92,96,96,96,96,98,98,100,104,106,106,106,106,106,106,110,114,118,118,118,118],"card_choices":[{"not_picked":["Outmaneuver","Underhanded Strike"],"picked":"All Out Attack","floor":1.0},{"not_picked":["Outmaneuver","Predator"],"picked":"Acrobatics","floor":4.0},{"not_picked":["Flying Knee","Deadly Poison"],"picked":"Dash","floor":5.0},{"not_picked":["Slice","Dagger Throw"],"picked":"Sucker Punch","floor":7.0},{"not_picked":["Deadly Poison","Burst"],"picked":"Footwork","floor":10.0},{"not_picked":["Choke","Deadly Poison","Underhanded Strike"],"picked":"Singing Bowl","floor":11.0},{"not_picked":["Sucker Punch","Bane"],"picked":"Wraith Form v2","floor":14.0},{"not_picked":["Storm of Steel","Adrenaline"],"picked":"After Image","floor":16.0},{"not_picked":["Calculated Gamble","Endless Agony","Underhanded Strike"],"picked":"Singing Bowl","floor":18.0},{"not_picked":["Well Laid Plans","Distraction+1"],"picked":"Backflip","floor":21.0},{"not_picked":["Endless Agony","Deflect"],"picked":"Leg Sweep","floor":22.0},{"not_picked":["Infinite Blades","Acrobatics","Tactician"],"picked":"Singing Bowl","floor":23},{"not_picked":["Backstab","Reflex","Escape Plan+1"],"picked":"Singing Bowl","floor":24},{"not_picked":["Infinite Blades","Burst"],"picked":"Noxious Fumes","floor":25},{"not_picked":["Dodge and Roll","Eviscerate+1","Masterful Stab"],"picked":"Singing Bowl","floor":27},{"not_picked":["Slice+1","Backstab+1","Expertise"],"picked":"Singing Bowl","floor":31},{"not_picked":["Backstab","Dagger Throw","Escape Plan"],"picked":"Singing Bowl","floor":31},{"not_picked":["Bullet Time","Glass Knife"],"picked":"Malaise","floor":33},{"not_picked":["Dagger Throw+1","Flying Knee+1"],"picked":"PiercingWail+1","floor":35},{"not_picked":["Flechettes","Tactician+1","Sucker Punch+1"],"picked":"Singing Bowl","floor":35},{"not_picked":["Dagger Throw+1","Dodge and Roll","Underhanded Strike+1"],"picked":"Singing Bowl","floor":37},{"not_picked":["Dagger Throw","Flying Knee"],"picked":"PiercingWail+1","floor":37},{"not_picked":["Deadly Poison","Flying Knee+1","Slice"],"picked":"Singing Bowl","floor":38},{"not_picked":["Calculated Gamble","Terror","Deflect"],"picked":"Singing Bowl","floor":38},{"not_picked":["Deflect+1","Bouncing Flask+1","Slice"],"picked":"Singing Bowl","floor":39},{"not_picked":["Concentrate+1","Blur"],"picked":"Burst","floor":40},{"not_picked":["Underhanded Strike","Choke+1"],"picked":"Die Die Die","floor":44},{"not_picked":["Backflip+1","Acrobatics+1","Flying Knee"],"picked":"Singing Bowl","floor":45},{"not_picked":["Underhanded Strike+1","Finisher+1","Poisoned Stab"],"picked":"Singing Bowl","floor":45},{"not_picked":["Dagger Spray+1","Leg Sweep+1","Underhanded Strike"],"picked":"Singing Bowl","floor":46},{"not_picked":["Accuracy","Cloak And Dagger+1","Reflex+1"],"picked":"Singing Bowl","floor":46},{"not_picked":["Outmaneuver+1","Slice+1","Cloak And Dagger"],"picked":"Singing Bowl","floor":47},{"not_picked":["Deadly Poison+1","PiercingWail","Calculated Gamble"],"picked":"Singing Bowl","floor":47}],"player_experience":656136,"relics_obtained":[{"floor":7.0,"key":"Matryoshka"},{"floor":9.0,"key":"Meat on the Bone"},{"floor":9.0,"key":"Singing Bowl"},{"floor":10.0,"key":"Art of War"},{"floor":14.0,"key":"Ninja Scroll"},{"floor":23,"key":"Sundial"},{"floor":25,"key":"Bronze Scales"},{"floor":26,"key":"Letter Opener"},{"floor":26,"key":"Happy Flower"},{"floor":29,"key":"Prayer Wheel"},{"floor":39,"key":"Gambling Chip"},{"floor":40,"key":"Du-Vu Doll"},{"floor":43,"key":"Bottled Tornado"},{"floor":44,"key":"Mummified Hand"}],"event_choices":[{"damage_healed":0.0,"max_hp_gain":0.0,"max_hp_loss":0.0,"gold_gain":78.0,"event_name":"Golden Wing","player_choice":"Gained Gold","floor":2.0,"gold_loss":0.0,"damage_taken":0.0},{"damage_healed":0.0,"max_hp_gain":5.0,"max_hp_loss":0.0,"gold_gain":0.0,"event_name":"Big Fish","player_choice":"Donut","floor":3.0,"gold_loss":0.0,"damage_taken":0.0},{"damage_healed":0.0,"max_hp_gain":0.0,"max_hp_loss":0.0,"gold_gain":175.0,"event_name":"Liars Game","player_choice":"AGREE","floor":12.0,"gold_loss":0.0,"damage_taken":0.0,"cards_obtained":["Doubt"]},{"damage_healed":0.0,"max_hp_gain":0.0,"max_hp_loss":0.0,"gold_gain":0.0,"cards_transformed":["Choke"],"event_name":"Transmorgrifier","player_choice":"Transformed","floor":19.0,"gold_loss":0.0,"damage_taken":0.0,"cards_obtained":["Burst"]},{"damage_healed":0,"gold_gain":0,"player_choice":"Inject Mutagens","damage_taken":0,"relics_obtained":["MutagenicStrength"],"max_hp_gain":0,"max_hp_loss":0,"event_name":"Drug Dealer","floor":30,"gold_loss":0},{"damage_healed":0,"gold_gain":75,"player_choice":"Touch","damage_taken":9,"max_hp_gain":0,"max_hp_loss":0,"event_name":"FaceTrader","floor":36,"gold_loss":0},{"damage_healed":0,"gold_gain":0,"player_choice":"Fight","damage_taken":0,"max_hp_gain":0,"max_hp_loss":0,"event_name":"MindBloom","floor":39,"gold_loss":0},{"damage_healed":0,"gold_gain":0,"player_choice":"Ignored","damage_taken":0,"max_hp_gain":0,"max_hp_loss":0,"event_name":"Tomb of Lord Red Mask","floor":42,"gold_loss":0}],"is_beta":false,"boss_relics":[{"not_picked":["Snecko Eye","Orrery"],"picked":"Pandora\u0027s Box"},{"not_picked":["HoveringKite","Calling Bell"],"picked":"Coffee Dripper"}],"items_purged_floors":[13],"is_endless":false,"potions_floor_spawned":[4,5,11,14,21,24,27,31,33,35,37,44,45,47],"ascension_level":9}