{"gold_per_floor":[113,63,63,63,79,114,133,133,133,143,143,164,89,89,89,219,219,237,39,64,64,64,64,108,108],"floor_reached":25,"playtime":1209,"items_purged":["Defend_B","Strike_B"],"score":219,"play_id":"bde9f9fd-2a18-4af8-b2c9-fcfa304728ef","local_time":"20190315150518","is_ascension_mode":false,"campfire_choices":[{"data":"Zap","floor":8,"key":"SMITH"},{"floor":15,"key":"REST"},{"data":"Echo Form","floor":23,"key":"SMITH"}],"neow_cost":"CURSE","seed_source_timestamp":23634665698984,"circlet_count":0,"master_deck":["Strike_B","Defend_B","Defend_B","Zap+1","Dualcast","Clumsy","Sunder","Gash","Cold Snap","Cold Snap","Glacier","Injury","Echo Form+1","Dramatic Entrance","Self Repair","Coolheaded"],"relics":["Cracked Core","StoneCalendar","Ornamental Fan","Question Card","Odd Mushroom","Golden Idol","Empty Cage","Orichalcum"],"potions_floor_usage":[6,6,11,16,16,16,24,25],"damage_taken":[{"damage":8,"enemies":"Jaw Worm","floor":1,"turns":3},{"damage":2,"enemies":"2 Louse","floor":5,"turns":2},{"damage":11,"enemies":"Lagavulin","floor":6,"turns":7},{"damage":7,"enemies":"Small Slimes","floor":7,"turns":3},{"damage":9,"enemies":"Exordium Thugs","floor":10,"turns":5},{"damage":0,"enemies":"Gremlin Gang","floor":11,"turns":1},{"damage":16,"enemies":"The Mushroom Lair","floor":12,"turns":4},{"damage":12,"enemies":"Slime Boss","floor":16,"turns":8},{"damage":19,"enemies":"Shell Parasite","floor":18,"turns":5},{"damage":8,"enemies":"Spheric Guardian","floor":20,"turns":5},{"damage":33,"enemies":"Gremlin Leader","floor":24,"turns":8},{"damage":28,"enemies":"Snake Plant","floor":25,"turns":2}],"seed_played":"-48589803133489159","potions_obtained":[{"floor":4,"key":"Energy Potion"},{"floor":4,"key":"Explosive Potion"},{"floor":4,"key":"SmokeBomb"},{"floor":7,"key":"Swift Potion"},{"floor":10,"key":"Dexterity Potion"},{"floor":12,"key":"SteroidPotion"},{"floor":20,"key":"SpeedPotion"},{"floor":24,"key":"LiquidBronze"}],"is_trial":false,"path_per_floor":["?","?","?","M","M","?","?","?"],"character_chosen":"DEFECT","items_purchased":["Dramatic Entrance"],"campfire_rested":1,"item_purchase_floors":[19],"current_hp_per_floor":[67,67,72,72,70,59,52,52,52,43,43,27,27,27,51,39,80,61,61,53,53,53,53,27,0],"gold":108,"neow_bonus":"ONE_RARE_RELIC","is_prod":false,"is_daily":false,"chose_seed":false,"campfire_upgraded":2,"win_rate":0.0,"timestamp":1552658718,"path_taken":["M","?","?","?","?","E","?","R","T","M","M","?","$","?","R","BOSS","M","$","M","$","?","R","E","M"],"build_version":"2019-01-23","purchased_purges":2,"victory":false,"max_hp_per_floor":[75,75,80,80,80,80,80,80,80,80,80,80,80,80,80,80,80,80,80,80,80,80,80,80,80],"card_choices":[{"not_picked":["Turbo","Auto Shields","Beam Cell"],"picked":"SKIP","floor":1},{"not_picked":["Hello World","Steam Power"],"picked":"Sunder","floor":5},{"not_picked":["Rip and Tear","Undo"],"picked":"Gash","floor":6},{"not_picked":["Rebound","Turbo"],"picked":"Cold Snap","floor":7},{"not_picked":["Scrape","Leap","Rebound"],"picked":"Cold Snap","floor":10},{"not_picked":["Barrage","Streamline","Steam"],"picked":"Glacier","floor":12},{"not_picked":["Biased Cognition","Creative AI","Reboot"],"picked":"Echo Form","floor":16},{"not_picked":["Ball Lightning","Beam Cell+1","Rebound","Streamline"],"picked":"SKIP","floor":18},{"not_picked":["Compile Driver","Turbo+1","Ball Lightning"],"picked":"Self Repair","floor":20},{"not_picked":["Hologram","Genetic Algorithm","Blizzard"],"picked":"Coolheaded","floor":24}],"player_experience":165753,"relics_obtained":[{"floor":6,"key":"Ornamental Fan"},{"floor":9,"key":"Question Card"},{"floor":12,"key":"Odd Mushroom"},{"floor":24,"key":"Orichalcum"}],"event_choices":[{"cards_removed":["Strike_B"],"damage_healed":0,"gold_gain":0,"player_choice":"Card Removal","damage_taken":0,"max_hp_gain":0,"max_hp_loss":0,"event_name":"The Cleric","floor":2,"gold_loss":50},{"damage_healed":0,"gold_gain":0,"player_choice":"Donut","damage_taken":0,"max_hp_gain":5,"max_hp_loss":0,"event_name":"Big Fish","floor":3,"gold_loss":0},{"damage_healed":0,"gold_gain":0,"player_choice":"Got Potions","damage_taken":0,"max_hp_gain":0,"max_hp_loss":0,"event_name":"Lab","floor":4,"gold_loss":0},{"damage_healed":0,"gold_gain":0,"player_choice":"Fought Mushrooms","damage_taken":0,"max_hp_gain":0,"max_hp_loss":0,"event_name":"Mushrooms","floor":12,"gold_loss":0},{"damage_healed":0,"gold_gain":0,"player_choice":"Take Wound","damage_taken":0,"relics_obtained":["Golden Idol"],"max_hp_gain":0,"max_hp_loss":0,"event_name":"Golden Idol","floor":14,"gold_loss":0,"cards_obtained":["Injury"]},{"damage_healed":0,"gold_gain":0,"player_choice":"Ignored","damage_taken":0,"max_hp_gain":0,"max_hp_loss":0,"event_name":"Beggar","floor":22,"gold_loss":0}],"is_beta":false,"boss_relics":[{"not_picked":["White Beast Statue","Coffee Dripper"],"picked":"Empty Cage"}],"items_purged_floors":[13,19],"is_endless":false,"potions_floor_spawned":[7,10,12,20,24],"killed_by":"Snake Plant","ascension_level":0}