{"gold_per_floor":[109,120,130,143,22,22,50,66,92,105,105,135,135,135,135,239,239,256,256,268,283,33,65,65,95,95,95,109,109,122,135,135,233,233,245,257,257,272,286,286,315,315,315,315,333,433,433,451,451,451,451,451,29,60,60],"floor_reached":56,"playtime":2655,"items_purged":["Strike_G","Grand Finale","Quick Slash"],"score":1328,"play_id":"3d6c999d-0676-4d1f-8fe6-24eeba92e6ca","local_time":"20190624085213","is_ascension_mode":true,"campfire_choices":[{"data":"Dagger Spray","floor":6.0,"key":"SMITH"},{"data":"Envenom","floor":11.0,"key":"SMITH"},{"data":"Deadly Poison","floor":13.0,"key":"SMITH"},{"data":"Crippling Poison","floor":15.0,"key":"SMITH"},{"floor":24.0,"key":"REST"},{"data":"Wraith Form v2","floor":27.0,"key":"SMITH"},{"data":"Wraith Form v2","floor":29.0,"key":"SMITH"},{"floor":32.0,"key":"REST"},{"data":"Wraith Form v2","floor":40.0,"key":"SMITH"},{"data":"Backflip","floor":42.0,"key":"SMITH"},{"floor":44.0,"key":"RECALL"},{"data":"Backflip","floor":47.0,"key":"SMITH"},{"data":"Well Laid Plans","floor":49.0,"key":"SMITH"},{"data":"Deadly Poison","floor":52.0,"key":"SMITH"}],"neow_cost":"NONE","seed_source_timestamp":0,"circlet_count":0,"master_deck":["Survivor","Neutralize","Dagger Spray","Deadly Poison+1","Dagger Spray+1","Sucker Punch","Backflip+1","PiercingWail","Envenom+1","Crippling Poison+1","Die Die Die","Wraith Form v2+1","Wraith Form v2+1","Backstab","Storm of Steel","Poisoned Stab","Dash","Slice","Outmaneuver","PiercingWail","Wraith Form v2+1","Deadly Poison+1","Prepared+1","Well Laid Plans+1","Deflect+1","Backflip+1","Leg Sweep","Wraith Form v2+1","Calculated Gamble+1","Deadly Poison+1","Quick Slash+1","Noxious Fumes+1","Catalyst"],"special_seed":0,"relics":["Ring of the Snake","Lantern","Oddly Smooth Stone","Ancient Tea Set","Pandora\u0027s Box","PreservedInsect","Blood Vial","Gremlin Horn","Frozen Egg 2","Busted Crown","Tingsha","Happy Flower","Ginger","Bag of Preparation","Strawberry"],"potions_floor_usage":[55,55,55,55,55],"damage_taken":[{"damage":0.0,"enemies":"Small Slimes","floor":1.0,"turns":4.0},{"damage":0.0,"enemies":"Cultist","floor":2.0,"turns":4.0},{"damage":0.0,"enemies":"2 Louse","floor":3.0,"turns":2.0},{"damage":5.0,"enemies":"Looter","floor":4.0,"turns":3.0},{"damage":24.0,"enemies":"Gremlin Nob","floor":7.0,"turns":5.0},{"damage":3.0,"enemies":"Blue Slaver","floor":8.0,"turns":3.0},{"damage":0.0,"enemies":"2 Fungi Beasts","floor":10.0,"turns":3.0},{"damage":3.0,"enemies":"3 Sentries","floor":12.0,"turns":5.0},{"damage":9.0,"enemies":"The Guardian","floor":16.0,"turns":11.0},{"damage":31.0,"enemies":"Spheric Guardian","floor":18.0,"turns":6.0},{"damage":12.0,"enemies":"Shell Parasite","floor":20.0,"turns":5.0},{"damage":10.0,"enemies":"Snake Plant","floor":21.0,"turns":5.0},{"damage":25.0,"enemies":"Book of Stabbing","floor":23.0,"turns":5.0},{"damage":5.0,"enemies":"Gremlin Leader","floor":25.0,"turns":5.0},{"damage":1.0,"enemies":"3 Cultists","floor":28.0,"turns":3.0},{"damage":2.0,"enemies":"Snecko","floor":30.0,"turns":4.0},{"damage":7.0,"enemies":"Snake Plant","floor":31.0,"turns":4.0},{"damage":38.0,"enemies":"Automaton","floor":33.0,"turns":13.0},{"damage":1.0,"enemies":"3 Shapes","floor":35.0,"turns":4.0},{"damage":3.0,"enemies":"3 Darklings","floor":36.0,"turns":5.0},{"damage":6.0,"enemies":"Jaw Worm Horde","floor":38.0,"turns":4.0},{"damage":0.0,"enemies":"Transient","floor":39.0,"turns":5.0},{"damage":9.0,"enemies":"Nemesis","floor":41.0,"turns":8.0},{"damage":0.0,"enemies":"3 Darklings","floor":45.0,"turns":5.0},{"damage":0.0,"enemies":"Mind Bloom Boss Battle","floor":46.0,"turns":6.0},{"damage":3.0,"enemies":"Sphere and 2 Shapes","floor":48.0,"turns":5.0},{"damage":31.0,"enemies":"Donu and Deca","floor":50.0,"turns":14.0},{"damage":9,"enemies":"Shield and Spear","floor":54,"turns":7},{"damage":49,"enemies":"The Heart","floor":55,"turns":11}],"seed_played":"4326352526595437179","potions_obtained":[{"floor":7.0,"key":"LiquidBronze"},{"floor":12.0,"key":"SpeedPotion"},{"floor":16.0,"key":"Fire Potion"},{"floor":25.0,"key":"SpeedPotion"},{"floor":39.0,"key":"Fire Potion"},{"floor":46.0,"key":"EntropicBrew"}],"is_trial":false,"path_per_floor":["?","?","M","T","?"],"character_chosen":"THE_SILENT","items_purchased":["Backflip","PreservedInsect","Noxious Fumes+1","Catalyst","Bag of Preparation"],"campfire_rested":2,"item_purchase_floors":[5,22,53,53,53],"current_hp_per_floor":[77,77,77,72,72,72,48,45,45,45,45,42,42,47,47,38,82,51,51,39,29,29,4,28,25,25,25,26,26,26,21,45,9,82,81,79,79,75,77,77,70,70,70,70,72,74,74,73,73,44,82,82,82,80,33],"gold":60,"neow_bonus":"TEN_PERCENT_HP_BONUS","is_prod":false,"is_daily":false,"chose_seed":false,"campfire_upgraded":11,"win_rate":0,"timestamp":1561359133,"path_taken":["M","M","M","M","$","R","E","M","T","M","R","E","R","?","R","BOSS","M","?","M","?","$","E","R","E","T","R","M","R","M","M","R","BOSS","M","M","?","M","M","R","E","R","T","R","M","?","R","M","R","BOSS","R","$","E","BOSS"],"build_version":"2019-01-23","purchased_purges":3,"victory":true,"max_hp_per_floor":[77,77,77,77,77,77,77,77,77,77,77,77,77,82,82,82,82,82,82,82,82,82,82,82,82,82,82,82,82,82,82,82,82,82,82,82,82,82,82,82,82,82,82,82,82,82,82,82,82,82,82,82,82,89,89],"card_choices":[{"not_picked":["Deflect","Bane"],"picked":"Dagger Spray","floor":1.0},{"not_picked":["Blur","Terror"],"picked":"Deadly Poison","floor":2.0},{"not_picked":["Slice","Blade Dance"],"picked":"Dagger Spray","floor":3.0},{"not_picked":["Slice","Setup"],"picked":"Sucker Punch","floor":4.0},{"not_picked":["Deadly Poison","Prepared"],"picked":"PiercingWail","floor":7.0},{"not_picked":["Infinite Blades","Flying Knee"],"picked":"Envenom","floor":8.0},{"not_picked":["Flying Knee","Dagger Throw"],"picked":"Crippling Poison","floor":10.0},{"not_picked":["Poisoned Stab","Cloak And Dagger"],"picked":"Die Die Die","floor":12.0},{"not_picked":["Venomology","Malaise"],"picked":"Wraith Form v2","floor":16.0},{"not_picked":["Calculated Gamble","Dagger Throw"],"picked":"PiercingWail","floor":18.0},{"not_picked":["Outmaneuver","Storm of Steel"],"picked":"Deadly Poison","floor":20.0},{"not_picked":["Dagger Spray","Sucker Punch"],"picked":"Prepared+1","floor":21.0},{"not_picked":["Deflect","Prepared"],"picked":"Well Laid Plans","floor":23.0},{"not_picked":["Terror","Slice"],"picked":"Deflect+1","floor":25.0},{"not_picked":["Dagger Spray","Underhanded Strike"],"picked":"Backflip","floor":28.0},{"not_picked":["PiercingWail","Slice"],"picked":"Leg Sweep","floor":30.0},{"not_picked":["Choke","Acrobatics","Dagger Throw"],"picked":"SKIP","floor":31.0},{"not_picked":["Glass Knife","Envenom+1"],"picked":"Wraith Form v2+1","floor":33.0},{"not_picked":["Dagger Spray"],"picked":"SKIP","floor":35.0},{"not_picked":[],"picked":"Calculated Gamble+1","floor":36.0},{"not_picked":[],"picked":"Deadly Poison+1","floor":38.0},{"not_picked":["Deflect+1"],"picked":"SKIP","floor":39.0},{"not_picked":["Reflex"],"picked":"SKIP","floor":41.0},{"not_picked":[],"picked":"Quick Slash+1","floor":45.0},{"not_picked":["Deflect+1"],"picked":"SKIP","floor":48.0},{"not_picked":["Deadly Poison"],"picked":"SKIP","floor":54}],"player_experience":858527,"relics_obtained":[{"floor":7.0,"key":"Lantern"},{"floor":9.0,"key":"Oddly Smooth Stone"},{"floor":12.0,"key":"Ancient Tea Set"},{"floor":23.0,"key":"Blood Vial"},{"floor":25.0,"key":"Gremlin Horn"},{"floor":26.0,"key":"Frozen Egg 2"},{"floor":37.0,"key":"Tingsha"},{"floor":41.0,"key":"Happy Flower"},{"floor":46.0,"key":"Ginger"},{"floor":54,"key":"Strawberry"}],"event_choices":[{"damage_healed":0.0,"max_hp_gain":5.0,"max_hp_loss":0.0,"gold_gain":0.0,"event_name":"Big Fish","player_choice":"Donut","floor":14.0,"gold_loss":0.0,"damage_taken":0.0},{"damage_healed":0.0,"max_hp_gain":0.0,"max_hp_loss":0.0,"gold_gain":0.0,"event_name":"Duplicator","player_choice":"Copied","floor":19.0,"gold_loss":0.0,"damage_taken":0.0,"cards_obtained":["Wraith Form v2"]},{"damage_healed":0.0,"max_hp_gain":0.0,"max_hp_loss":0.0,"gold_gain":0.0,"event_name":"MindBloom","player_choice":"Fight","floor":46.0,"gold_loss":0.0,"damage_taken":0.0}],"is_beta":false,"boss_relics":[{"not_picked":["Sozu","Runic Pyramid"],"picked":"Pandora\u0027s Box"},{"not_picked":["Orrery","Astrolabe"],"picked":"Busted Crown"}],"items_purged_floors":[5,22,53],"is_endless":false,"potions_floor_spawned":[7,12,16,21,25,28,30,39,41,45,46,48],"ascension_level":1}