{"gold_per_floor":[213,223,243,243,223,223,258,258,306,325,343,360,360,391,391,494,494,508,522,182,182,182,182,199,228,305,331,251,166,166,55,55,154,154,166,176,176,187,206,206,236,236,236,254,264,264],"floor_reached":46,"playtime":3601,"items_purged":["Strike_R"],"score":709,"play_id":"21a1558c-3ce4-475f-9fd7-d5c94d2b249d","local_time":"20190705204843","is_ascension_mode":true,"campfire_choices":[{"data":"Uppercut","floor":6.0,"key":"SMITH"},{"data":"Bash","floor":8.0,"key":"SMITH"},{"data":"Shockwave","floor":13.0,"key":"SMITH"},{"data":"Reaper","floor":15.0,"key":"SMITH"},{"floor":23.0,"key":"REST"},{"floor":30.0,"key":"REST"},{"data":"Offering","floor":32.0,"key":"SMITH"},{"data":"Double Tap","floor":40,"key":"SMITH"},{"floor":42,"key":"REST"}],"neow_cost":"NONE","seed_source_timestamp":0,"circlet_count":0,"master_deck":["Strike_R","Strike_R","Strike_R","Strike_R","Defend_R","Defend_R","Defend_R","Defend_R","Bash+1","Clothesline","Cleave","Offering+1","Armaments","Iron Wave","Shockwave+1","Reaper+1","Double Tap+1","Inflame+1","Corruption","Shrug It Off","RitualDagger","Cleave+1","Disarm","Seeing Red","Spot Weakness","Flame Barrier","Metallicize","Shrug It Off+1","Armaments+1"],"special_seed":0,"relics":["Burning Blood","Bag of Marbles","Blood Vial","Anchor","Busted Crown","Dream Catcher","Matryoshka","Ancient Tea Set","Potion Belt","Happy Flower","Black Star","Red Skull","Bottled Lightning","Omamori","Sundial"],"potions_floor_usage":[33,33,41,41,44,44,45],"damage_taken":[{"damage":8.0,"enemies":"Jaw Worm","floor":1.0,"turns":4.0},{"damage":4.0,"enemies":"Small Slimes","floor":2.0,"turns":5.0},{"damage":0.0,"enemies":"Cultist","floor":3.0,"turns":3.0},{"damage":25.0,"enemies":"Lagavulin","floor":7.0,"turns":5.0},{"damage":8.0,"enemies":"Looter","floor":10.0,"turns":2.0},{"damage":9.0,"enemies":"Blue Slaver","floor":11.0,"turns":3.0},{"damage":6.0,"enemies":"Exordium Wildlife","floor":12.0,"turns":3.0},{"damage":6.0,"enemies":"Gremlin Nob","floor":14.0,"turns":3.0},{"damage":50.0,"enemies":"The Guardian","floor":16.0,"turns":14.0},{"damage":18.0,"enemies":"Spheric Guardian","floor":18.0,"turns":4.0},{"damage":24.0,"enemies":"2 Thieves","floor":19.0,"turns":5.0},{"damage":14.0,"enemies":"Chosen and Byrds","floor":24.0,"turns":6.0},{"damage":19.0,"enemies":"Book of Stabbing","floor":25.0,"turns":6.0},{"damage":37.0,"enemies":"Gremlin Leader","floor":27.0,"turns":8.0},{"damage":82,"enemies":"Automaton","floor":33,"turns":11},{"damage":13,"enemies":"Orb Walker","floor":35,"turns":4},{"damage":26,"enemies":"3 Darklings","floor":36,"turns":5},{"damage":9,"enemies":"4 Shapes","floor":38,"turns":3},{"damage":38,"enemies":"Sphere and 2 Shapes","floor":39,"turns":6},{"damage":59,"enemies":"Nemesis","floor":41,"turns":9},{"damage":26,"enemies":"Spire Growth","floor":44,"turns":4},{"damage":23,"enemies":"Maw","floor":45,"turns":8},{"damage":52,"enemies":"Giant Head","floor":46,"turns":7}],"seed_played":"4783588111604999711","potions_obtained":[{"floor":1.0,"key":"Weak Potion"},{"floor":3.0,"key":"Explosive Potion"},{"floor":5.0,"key":"Poison Potion"},{"floor":11.0,"key":"Fire Potion"},{"floor":12.0,"key":"Block Potion"},{"floor":19.0,"key":"LiquidBronze"},{"floor":24.0,"key":"GamblersBrew"},{"floor":27.0,"key":"Fire Potion"},{"floor":33,"key":"Dexterity Potion"},{"floor":36,"key":"Fire Potion"},{"floor":39,"key":"AttackPotion"},{"floor":41,"key":"Poison Potion"},{"floor":44,"key":"AttackPotion"}],"is_trial":false,"path_per_floor":["M","M","M","?","?","R","E","R","T","M","M","M","R","E","R","B",null,"M","M","$","?","?","R","M","E","T","E","$","?","R","$","R","B",null,"M","M","?","M","M","R","E","R","T","M","M","E"],"character_chosen":"IRONCLAD","items_purchased":["Corruption","Shrug It Off","Dream Catcher","Spot Weakness","Flame Barrier","Metallicize"],"campfire_rested":3,"item_purchase_floors":[20,20,20,28,31,31],"current_hp_per_floor":[70,72,78,78,78,78,59,59,59,59,58,60,60,62,62,27,67,57,55,55,49,34,59,65,54,54,35,35,35,60,60,60,31,72,67,76,76,85,56,56,17,42,42,45,42,0],"gold":264,"neow_bonus":"HUNDRED_GOLD","is_prod":false,"is_daily":false,"chose_seed":false,"campfire_upgraded":6,"win_rate":0,"timestamp":1562384923,"path_taken":["M","M","M","?","?","R","E","R","T","M","M","M","R","E","R","BOSS","M","M","$","?","?","R","M","E","T","E","$","?","R","$","R","BOSS","M","M","?","M","M","R","E","R","T","M","M","E"],"build_version":"2019-07-05","purchased_purges":1,"victory":false,"max_hp_per_floor":[80,80,80,80,80,80,80,80,80,80,80,80,80,80,80,80,80,80,80,80,80,85,85,85,85,85,85,85,85,85,85,85,85,85,85,85,85,85,85,85,85,85,85,85,85,85],"card_choices":[{"not_picked":["Thunderclap","Flex"],"picked":"Clothesline","floor":1.0},{"not_picked":["Clash","Reckless Charge"],"picked":"Uppercut","floor":2.0},{"not_picked":["Twin Strike","Thunderclap"],"picked":"Cleave","floor":3.0},{"not_picked":["Bloodletting","Searing Blow"],"picked":"Offering","floor":7.0},{"not_picked":["Combust","Headbutt"],"picked":"Armaments","floor":10.0},{"not_picked":["Evolve","Burning Pact"],"picked":"Iron Wave","floor":11.0},{"not_picked":["Anger","Cleave"],"picked":"Shockwave","floor":12.0},{"not_picked":["Dual Wield","Cleave"],"picked":"Reaper","floor":14.0},{"not_picked":["Exhume","Impervious"],"picked":"Double Tap","floor":16.0},{"not_picked":["Searing Blow"],"picked":"SKIP","floor":18.0},{"not_picked":[],"picked":"Inflame+1","floor":19.0},{"not_picked":[],"picked":"Cleave+1","floor":23.0},{"not_picked":[],"picked":"Disarm","floor":24.0},{"not_picked":[],"picked":"Seeing Red","floor":25.0},{"not_picked":["Sword Boomerang"],"picked":"SKIP","floor":27.0},{"not_picked":["Perfected Strike"],"picked":"SKIP","floor":35},{"not_picked":["Clash+1"],"picked":"SKIP","floor":36},{"not_picked":[],"picked":"Shrug It Off+1","floor":38},{"not_picked":["Armaments"],"picked":"SKIP","floor":39},{"not_picked":["Iron Wave"],"picked":"SKIP","floor":41},{"not_picked":[],"picked":"Armaments+1","floor":44},{"not_picked":["True Grit"],"picked":"SKIP","floor":45}],"player_experience":154872,"relics_obtained":[{"floor":7.0,"key":"Bag of Marbles"},{"floor":9.0,"key":"Blood Vial"},{"floor":14.0,"key":"Anchor"},{"floor":25.0,"key":"Matryoshka"},{"floor":26.0,"key":"Ancient Tea Set"},{"floor":27.0,"key":"Potion Belt"},{"floor":41,"key":"Red Skull"},{"floor":41,"key":"Bottled Lightning"},{"floor":43,"key":"Omamori"},{"floor":43,"key":"Sundial"}],"event_choices":[{"damage_healed":0.0,"max_hp_gain":0.0,"max_hp_loss":0.0,"gold_gain":0.0,"event_name":"Liars Game","player_choice":"Ignored","floor":4.0,"gold_loss":0.0,"damage_taken":0.0},{"damage_healed":0.0,"max_hp_gain":0.0,"max_hp_loss":0.0,"gold_gain":0.0,"event_name":"The Woman in Blue","player_choice":"Bought 1 Potion","floor":5.0,"gold_loss":0.0,"damage_taken":0.0},{"damage_healed":0.0,"max_hp_gain":0.0,"max_hp_loss":0.0,"gold_gain":0.0,"event_name":"Nest","player_choice":"Joined the Cult","floor":21.0,"gold_loss":0.0,"damage_taken":6.0,"cards_obtained":["RitualDagger"]},{"damage_healed":0.0,"max_hp_gain":5.0,"max_hp_loss":0.0,"gold_gain":0.0,"event_name":"Forgotten Altar","player_choice":"Shed Blood","floor":22.0,"gold_loss":0.0,"damage_taken":20.0},{"damage_healed":0.0,"max_hp_gain":0.0,"max_hp_loss":0.0,"gold_gain":0.0,"event_name":"Addict","player_choice":"Obtained Relic","floor":29.0,"gold_loss":85.0,"damage_taken":0.0,"relics_obtained":["Happy Flower"]},{"cards_removed":["Uppercut"],"damage_healed":0,"gold_gain":0,"player_choice":"Removed Attack","damage_taken":0,"max_hp_gain":0,"max_hp_loss":0,"event_name":"Falling","floor":37,"gold_loss":0}],"is_beta":false,"boss_relics":[{"not_picked":["Runic Dome","Runic Cube"],"picked":"Busted Crown"},{"not_picked":["Tiny House","White Beast Statue"],"picked":"Black Star"}],"items_purged_floors":[20],"is_endless":false,"potions_floor_spawned":[1,3,11,12,19,24,27,33,36,39,41,44],"killed_by":"Giant Head","ascension_level":7}