{"gold_per_floor":[109,126,126,126,138,165,165,165,165,43,43,23,23,51,51,147,147,165,178,178,178,198,232,232,257,257,282,282,282,282,297,297,398,398,412,423,440,88,88,88],"floor_reached":40,"playtime":3409,"items_purged":[],"score":540,"play_id":"3d16eed0-3010-4a9a-898e-a8e695f8819d","local_time":"20190317184740","is_ascension_mode":true,"campfire_choices":[{"data":"Armaments","floor":7.0,"key":"SMITH"},{"floor":11.0,"key":"REST"},{"data":"Corruption","floor":15.0,"key":"SMITH"},{"data":"Dual Wield","floor":24.0,"key":"SMITH"},{"data":"Whirlwind","floor":30.0,"key":"SMITH"},{"floor":32.0,"key":"REST"}],"neow_cost":"NONE","seed_source_timestamp":0,"circlet_count":0,"master_deck":["Strike_R","Strike_R","Strike_R","Strike_R","Defend_R","Defend_R","Bash+1","Flame Barrier","Thunderclap","Armaments+1","Anger","Corruption+1","Pommel Strike","Combust","Reaper","Shrug It Off+1","Perfected Strike","Dual Wield+1","Body Slam","Flex+1","Whirlwind+1","Rampage+1","Barricade","Metallicize+1","Ghostly Armor+1"],"special_seed":0,"relics":["Burning Blood","Juzu Bracelet","Meat on the Bone","Red Skull","Potion Belt","Orichalcum","Snecko Eye","Enchiridion","Omamori","Ice Cream","Nunchaku","Gremlin Horn","Sozu","Chemical X","Bag of Preparation"],"potions_floor_usage":[33,33,33],"damage_taken":[{"damage":2.0,"enemies":"2 Louse","floor":1.0,"turns":3.0},{"damage":0.0,"enemies":"Small Slimes","floor":2.0,"turns":3.0},{"damage":2.0,"enemies":"Jaw Worm","floor":5.0,"turns":6.0},{"damage":52.0,"enemies":"3 Sentries","floor":6.0,"turns":12.0},{"damage":31.0,"enemies":"Lagavulin","floor":14.0,"turns":6.0},{"damage":31.0,"enemies":"Slime Boss","floor":16.0,"turns":9.0},{"damage":20.0,"enemies":"Chosen","floor":18.0,"turns":5.0},{"damage":7.0,"enemies":"3 Byrds","floor":19.0,"turns":4.0},{"damage":7.0,"enemies":"Cultist and Chosen","floor":22.0,"turns":6.0},{"damage":44.0,"enemies":"Book of Stabbing","floor":23.0,"turns":5.0},{"damage":20.0,"enemies":"Gremlin Leader","floor":25.0,"turns":8.0},{"damage":46.0,"enemies":"Slavers","floor":27.0,"turns":5.0},{"damage":8.0,"enemies":"Centurion and Healer","floor":31.0,"turns":5.0},{"damage":97,"enemies":"Collector","floor":33,"turns":9},{"damage":34,"enemies":"3 Darklings","floor":35,"turns":3},{"damage":5,"enemies":"Orb Walker","floor":36,"turns":3},{"damage":21,"enemies":"Maw","floor":37,"turns":8},{"damage":78,"enemies":"Giant Head","floor":40,"turns":7}],"seed_played":"4039613880911795806","potions_obtained":[{"floor":1.0,"key":"Ancient Potion"},{"floor":14.0,"key":"Weak Potion"},{"floor":18.0,"key":"SpeedPotion"},{"floor":22.0,"key":"Poison Potion"},{"floor":25.0,"key":"SkillPotion"},{"floor":27.0,"key":"EssenceOfSteel"}],"is_trial":false,"path_per_floor":["M","M","?","?","M","E","R","?","T","$","R","?","?","E","R","B",null,"M","M","?","?","M","E","R","E","T","E","?","?","R","M","R","B",null,"M","M","M","$","?","E"],"character_chosen":"IRONCLAD","items_purchased":["Corruption","Pommel Strike","Chemical X","Bag of Preparation"],"campfire_rested":2,"item_purchase_floors":[10,10,38,38],"current_hp_per_floor":[80,80,85,78,82,48,48,41,41,41,66,66,66,53,53,40,85,73,78,62,62,75,55,55,65,65,55,55,55,55,65,85,24,85,61,66,54,54,54,0],"gold":88,"neow_bonus":"RANDOM_COMMON_RELIC","is_prod":false,"is_daily":false,"chose_seed":false,"campfire_upgraded":4,"win_rate":0,"timestamp":1552873660,"path_taken":["M","M","?","?","M","E","R","?","T","?","R","?","?","E","R","BOSS","M","M","?","?","M","E","R","E","T","E","?","?","R","M","R","BOSS","M","M","M","$","?","E"],"build_version":"2019-01-23","purchased_purges":0,"victory":false,"max_hp_per_floor":[80,80,85,85,85,85,85,85,85,85,85,85,85,85,85,85,85,85,85,85,85,85,85,85,85,85,85,85,85,85,85,85,85,85,85,85,85,85,85,85],"card_choices":[{"not_picked":["Seeing Red","Pommel Strike"],"picked":"Flame Barrier","floor":1.0},{"not_picked":["Havoc","Flex"],"picked":"Thunderclap","floor":2.0},{"not_picked":["Bloodletting","Reckless Charge"],"picked":"Armaments","floor":5.0},{"not_picked":["Combust","Fiend Fire"],"picked":"Anger","floor":6.0},{"not_picked":["Fiend Fire","Power Through"],"picked":"Combust","floor":14.0},{"not_picked":["Offering","Brutality"],"picked":"Reaper","floor":16.0},{"not_picked":["Warcry","Pommel Strike+1"],"picked":"Shrug It Off+1","floor":18.0},{"not_picked":["Metallicize","Sword Boomerang"],"picked":"Perfected Strike","floor":19.0},{"not_picked":["Pommel Strike","Infernal Blade+1"],"picked":"Dual Wield","floor":22.0},{"not_picked":["Seeing Red","Burning Pact"],"picked":"Body Slam","floor":23.0},{"not_picked":["Burning Pact+1","Thunderclap"],"picked":"Flex+1","floor":25.0},{"not_picked":["Dropkick","Sword Boomerang+1","Pommel Strike"],"picked":"SKIP","floor":27.0},{"not_picked":["Battle Trance","Dual Wield"],"picked":"Rampage+1","floor":31.0},{"not_picked":["Demon Form","Immolate"],"picked":"Barricade","floor":33},{"not_picked":["Thunderclap","Battle Trance"],"picked":"Metallicize+1","floor":35},{"not_picked":["Anger","Reckless Charge"],"picked":"Ghostly Armor+1","floor":36},{"not_picked":["Wild Strike+1","Sentinel","Dropkick"],"picked":"SKIP","floor":37}],"player_experience":83563,"relics_obtained":[{"floor":6.0,"key":"Red Skull"},{"floor":9.0,"key":"Potion Belt"},{"floor":14.0,"key":"Orichalcum"},{"floor":20.0,"key":"Enchiridion"},{"floor":23.0,"key":"Omamori"},{"floor":25.0,"key":"Ice Cream"},{"floor":26.0,"key":"Nunchaku"},{"floor":27.0,"key":"Gremlin Horn"}],"event_choices":[{"damage_healed":0.0,"max_hp_gain":5.0,"max_hp_loss":0.0,"gold_gain":0.0,"event_name":"Big Fish","player_choice":"Donut","floor":3.0,"gold_loss":0.0,"damage_taken":0.0},{"damage_healed":0.0,"max_hp_gain":0.0,"max_hp_loss":0.0,"gold_gain":0.0,"event_name":"Scrap Ooze","player_choice":"Success","floor":4.0,"gold_loss":0.0,"damage_taken":7.0,"relics_obtained":["Meat on the Bone"]},{"cards_removed":["Strike_R"],"damage_healed":0.0,"max_hp_gain":0.0,"max_hp_loss":0.0,"gold_gain":0.0,"event_name":"Golden Wing","player_choice":"Card Removal","floor":8.0,"gold_loss":0.0,"damage_taken":7.0},{"damage_healed":0.0,"max_hp_gain":0.0,"max_hp_loss":0.0,"gold_gain":0.0,"event_name":"World of Goop","player_choice":"Left Gold","floor":12.0,"gold_loss":20.0,"damage_taken":0.0},{"damage_healed":0.0,"max_hp_gain":0.0,"max_hp_loss":0.0,"gold_gain":0.0,"event_name":"Living Wall","player_choice":"Grow","floor":13.0,"gold_loss":0.0,"damage_taken":0.0,"cards_upgraded":["Bash"]},{"damage_healed":0.0,"max_hp_gain":0.0,"max_hp_loss":0.0,"gold_gain":0.0,"event_name":"Cursed Tome","player_choice":"Obtained Book","floor":20.0,"gold_loss":0.0,"damage_taken":16.0},{"damage_healed":0.0,"max_hp_gain":0.0,"max_hp_loss":0.0,"gold_gain":0.0,"event_name":"Vampires","player_choice":"Ignored","floor":21.0,"gold_loss":0.0,"damage_taken":0.0},{"damage_healed":0.0,"max_hp_gain":0.0,"max_hp_loss":0.0,"gold_gain":0.0,"event_name":"The Library","player_choice":"Read","floor":28.0,"gold_loss":0.0,"damage_taken":0.0,"cards_obtained":["Whirlwind"]},{"cards_removed":["Defend_R"],"damage_healed":0.0,"max_hp_gain":0.0,"max_hp_loss":0.0,"gold_gain":0.0,"event_name":"Purifier","player_choice":"Purged","floor":29.0,"gold_loss":0.0,"damage_taken":0.0},{"cards_removed":["Defend_R"],"damage_healed":0,"gold_gain":0,"player_choice":"Purged","damage_taken":0,"max_hp_gain":0,"max_hp_loss":0,"event_name":"Purifier","floor":39,"gold_loss":0}],"is_beta":false,"boss_relics":[{"not_picked":["Eternal Feather","Lizard Tail"],"picked":"Snecko Eye"},{"not_picked":["Black Star","Busted Crown"],"picked":"Sozu"}],"items_purged_floors":[],"is_endless":false,"potions_floor_spawned":[1,14,18,22,25,27,35,36],"killed_by":"Giant Head","ascension_level":4}