{"gold_per_floor":[110,110,124,141,158,158,174,204,204,204,231,243,243,223,223,321,321,332,346,357,357,373,373,408,408,433,433,449,477,281,296,296,391,391,407,427,440,440,459,494,494,527,599,123,123,142,52,72,72,72],"floor_reached":51,"playtime":6786,"items_purged":["Strike_G","Defend_G"],"score":824,"play_id":"b9270bec-f716-45ba-b42c-679758529d01","local_time":"20190328122901","is_ascension_mode":true,"campfire_choices":[{"data":"After Image","floor":6.0,"key":"SMITH"},{"floor":10.0,"key":"REST"},{"floor":13.0,"key":"REST"},{"data":"Noxious Fumes","floor":15.0,"key":"SMITH"},{"data":"Neutralize","floor":23,"key":"SMITH"},{"data":"Adrenaline","floor":27,"key":"SMITH"},{"data":"Mayhem","floor":32,"key":"SMITH"},{"data":"Wraith Form v2","floor":41,"key":"SMITH"},{"floor":45,"key":"REST"},{"floor":49,"key":"REST"}],"neow_cost":"NONE","seed_source_timestamp":0,"circlet_count":0,"master_deck":["Defend_G","Defend_G","Survivor","Neutralize+1","PiercingWail","Backflip+1","Escape Plan","After Image+1","Noxious Fumes+1","Infinite Blades","Escape Plan","Adrenaline+1","Escape Plan+1","Dodge and Roll+1","Venomology+1","All Out Attack","PiercingWail+1","Noxious Fumes+1","Well Laid Plans","Blade Dance","Corpse Explosion","Choke","Sucker Punch+1","Mayhem+1","Wraith Form v2+1","Deflect","Caltrops","Terror+1","Deadly Poison+1","Crippling Poison","Master of Strategy","Dodge and Roll+1","Escape Plan+1"],"special_seed":0,"relics":["Ring of the Snake","Oddly Smooth Stone","The Courier","Turnip","Astrolabe","Letter Opener","Pear","Lantern","Mummified Hand","Black Star","Question Card","Ginger","Bottled Tornado","Boot","Gremlin Horn","The Specimen"],"potions_floor_usage":[18,20,22,24,28,29,31,33,33,36,37,37,37,37,40,40,42,42,42,48,50,50],"damage_taken":[{"damage":2.0,"enemies":"2 Louse","floor":1.0,"turns":3.0},{"damage":2.0,"enemies":"Cultist","floor":3.0,"turns":5.0},{"damage":3.0,"enemies":"Jaw Worm","floor":4.0,"turns":6.0},{"damage":2.0,"enemies":"Gremlin Gang","floor":5.0,"turns":8.0},{"damage":3.0,"enemies":"Exordium Thugs","floor":7.0,"turns":6.0},{"damage":70.0,"enemies":"Gremlin Nob","floor":8.0,"turns":7.0},{"damage":11.0,"enemies":"Lagavulin","floor":11.0,"turns":9.0},{"damage":3.0,"enemies":"3 Louse","floor":12.0,"turns":4.0},{"damage":22.0,"enemies":"The Guardian","floor":16.0,"turns":15.0},{"damage":0,"enemies":"3 Byrds","floor":18,"turns":4},{"damage":0,"enemies":"Spheric Guardian","floor":19,"turns":7},{"damage":4,"enemies":"Centurion and Healer","floor":20,"turns":8},{"damage":0,"enemies":"Snake Plant","floor":22,"turns":6},{"damage":0,"enemies":"Slavers","floor":24,"turns":5},{"damage":0,"enemies":"Cultist and Chosen","floor":28,"turns":3},{"damage":1,"enemies":"Gremlin Leader","floor":29,"turns":7},{"damage":0,"enemies":"Shelled Parasite and Fungi","floor":31,"turns":4},{"damage":2,"enemies":"Collector","floor":33,"turns":8},{"damage":0,"enemies":"3 Shapes","floor":35,"turns":3},{"damage":0,"enemies":"3 Darklings","floor":36,"turns":4},{"damage":0,"enemies":"Spire Growth","floor":37,"turns":5},{"damage":0,"enemies":"Sphere and 2 Shapes","floor":39,"turns":3},{"damage":0,"enemies":"Reptomancer","floor":40,"turns":5},{"damage":44,"enemies":"Nemesis","floor":42,"turns":7},{"damage":1,"enemies":"Writhing Mass","floor":46,"turns":6},{"damage":0,"enemies":"Maw","floor":48,"turns":6},{"damage":17,"enemies":"Awakened One","floor":50,"turns":11}],"seed_played":"7550947212729086404","potions_obtained":[{"floor":0.0,"key":"FairyPotion"},{"floor":0.0,"key":"FearPotion"},{"floor":0.0,"key":"Regen Potion"},{"floor":12.0,"key":"Block Potion"},{"floor":14.0,"key":"LiquidBronze"},{"floor":16.0,"key":"Fire Potion"},{"floor":20,"key":"AttackPotion"},{"floor":22,"key":"SpeedPotion"},{"floor":29,"key":"Poison Potion"},{"floor":36,"key":"EntropicBrew"},{"floor":46,"key":"Explosive Potion"}],"is_trial":false,"path_per_floor":["?","M","?","M","?","?","M","?","?"],"character_chosen":"THE_SILENT","items_purchased":["Mayhem","The Specimen","Master of Strategy"],"campfire_rested":4,"item_purchase_floors":[30,44,44],"current_hp_per_floor":[68,68,66,63,61,61,58,7,7,28,32,29,50,50,50,28,70,70,70,66,66,66,66,76,76,76,76,76,75,75,75,75,73,80,80,80,80,80,80,80,80,36,36,36,60,59,59,59,80,63],"gold":72,"neow_bonus":"THREE_SMALL_POTIONS","is_prod":false,"is_daily":false,"chose_seed":false,"campfire_upgraded":6,"win_rate":0,"timestamp":1553772541,"path_taken":["M","?","M","?","M","R","M","E","T","R","E","M","R","?","R","BOSS","M","?","M","?","M","R","E","?","T","R","?","E","$","M","R","BOSS","M","M","M","?","M","E","R","E","T","$","R","M","?","M","R","BOSS"],"build_version":"2019-01-23","purchased_purges":2,"victory":true,"max_hp_per_floor":[70,70,70,70,70,70,70,70,70,70,70,70,70,70,70,70,70,70,70,70,70,70,70,80,80,80,80,80,80,80,80,80,80,80,80,80,80,80,80,80,80,80,80,80,80,80,80,80,80,80],"card_choices":[{"not_picked":["Acrobatics","Eviscerate"],"picked":"PiercingWail","floor":1.0},{"not_picked":["Sucker Punch","Tactician"],"picked":"Backflip","floor":3.0},{"not_picked":["Bane","Deflect"],"picked":"Escape Plan","floor":4.0},{"not_picked":["Dodge and Roll","Quick Slash"],"picked":"After Image","floor":5.0},{"not_picked":["Riddle With Holes","Quick Slash","Bullet Time"],"picked":"SKIP","floor":7.0},{"not_picked":["Blade Dance","Caltrops"],"picked":"Noxious Fumes","floor":8.0},{"not_picked":["Tactician","Setup"],"picked":"Infinite Blades","floor":11.0},{"not_picked":["Heel Hook","Expertise"],"picked":"Escape Plan","floor":12.0},{"not_picked":["Venomology","Burst"],"picked":"Adrenaline","floor":16.0},{"not_picked":["Dagger Throw","Terror"],"picked":"All Out Attack","floor":18},{"not_picked":["Choke+1","Masterful Stab"],"picked":"PiercingWail+1","floor":19},{"not_picked":["Dagger Spray","PiercingWail"],"picked":"Noxious Fumes+1","floor":20},{"not_picked":["Endless Agony+1","Reflex+1"],"picked":"Well Laid Plans","floor":22},{"not_picked":["Acrobatics","Predator"],"picked":"Blade Dance","floor":24},{"not_picked":["Sucker Punch+1","Deflect"],"picked":"Choke","floor":28},{"not_picked":["Phantasmal Killer","Dagger Throw"],"picked":"Sucker Punch+1","floor":29},{"not_picked":["Flying Knee+1","Dagger Throw","Outmaneuver+1"],"picked":"SKIP","floor":31},{"not_picked":["Doppelganger","Storm of Steel"],"picked":"Wraith Form v2","floor":33},{"not_picked":["Predator","Well Laid Plans+1"],"picked":"Deflect","floor":35},{"not_picked":["PiercingWail+1","Tactician"],"picked":"Caltrops","floor":36},{"not_picked":["Deflect","Reflex"],"picked":"Terror+1","floor":37},{"not_picked":["Outmaneuver+1","PiercingWail"],"picked":"Deadly Poison+1","floor":39},{"not_picked":["Phantasmal Killer","Outmaneuver+1","Quick Slash+1"],"picked":"SKIP","floor":40},{"not_picked":["Dash+1","Infinite Blades+1","Predator+1"],"picked":"Crippling Poison","floor":42},{"not_picked":["Setup+1","Dagger Throw","Deflect"],"picked":"Dodge and Roll+1","floor":46},{"not_picked":["Underhanded Strike","Eviscerate+1","Tactician"],"picked":"Escape Plan+1","floor":48}],"player_experience":307763,"relics_obtained":[{"floor":8.0,"key":"Oddly Smooth Stone"},{"floor":9.0,"key":"The Courier"},{"floor":11.0,"key":"Turnip"},{"floor":24,"key":"Pear"},{"floor":26,"key":"Lantern"},{"floor":29,"key":"Mummified Hand"},{"floor":40,"key":"Question Card"},{"floor":40,"key":"Ginger"},{"floor":42,"key":"Bottled Tornado"},{"floor":42,"key":"Boot"},{"floor":43,"key":"Gremlin Horn"}],"event_choices":[{"cards_removed":["Strike_G"],"damage_healed":0.0,"max_hp_gain":0.0,"max_hp_loss":0.0,"gold_gain":0.0,"event_name":"Purifier","player_choice":"Purged","floor":2.0,"gold_loss":0.0,"damage_taken":0.0},{"damage_healed":0.0,"max_hp_gain":0.0,"max_hp_loss":0.0,"gold_gain":0.0,"event_name":"The Woman in Blue","player_choice":"Bought 1 Potion","floor":14.0,"gold_loss":0.0,"damage_taken":0.0},{"damage_healed":0,"gold_gain":0,"player_choice":"Opened","damage_taken":0,"relics_obtained":["Letter Opener"],"max_hp_gain":0,"max_hp_loss":0,"event_name":"The Mausoleum","floor":21,"gold_loss":0},{"damage_healed":0,"gold_gain":0,"cards_transformed":["Defend_G"],"player_choice":"Transformed","damage_taken":0,"max_hp_gain":0,"max_hp_loss":0,"event_name":"Transmorgrifier","floor":25,"gold_loss":0,"cards_obtained":["Corpse Explosion"]},{"damage_healed":0,"gold_gain":0,"player_choice":"Ignored","damage_taken":0,"max_hp_gain":0,"max_hp_loss":0,"event_name":"Tomb of Lord Red Mask","floor":38,"gold_loss":0},{"cards_removed":["Defend_G"],"damage_healed":0,"gold_gain":0,"player_choice":"Upgrade and Remove","damage_taken":0,"max_hp_gain":0,"max_hp_loss":0,"event_name":"Designer","floor":47,"gold_loss":90,"cards_upgraded":["Backflip"]}],"is_beta":false,"boss_relics":[{"not_picked":["Coffee Dripper","Velvet Choker"],"picked":"Astrolabe"},{"not_picked":["Fusion Hammer","Orrery"],"picked":"Black Star"}],"items_purged_floors":[30,44],"is_endless":false,"potions_floor_spawned":[1,12,16,20,22,24,29,31,36,37,40,46],"ascension_level":1}