{"gold_per_floor":[126,149,161,123,135,177,189,212,224,265,294,306,347,359,371,488,500,524,523,535,547,589,601,613],"floor_reached":24,"playtime":1207,"items_purged":[],"score":268,"play_id":"a701b210-e56e-4b4e-bd2d-66f23e14b72d","local_time":"20190410105059","is_ascension_mode":true,"campfire_choices":[{"data":"Zap","floor":7,"key":"SMITH"},{"floor":12,"key":"REST"},{"floor":15,"key":"REST"},{"floor":23,"key":"REST"}],"neow_cost":"NONE","seed_source_timestamp":8577933479487,"circlet_count":0,"master_deck":["Strike_B","Defend_B","Defend_B","Defend_B","Defend_B","Zap+1","Dualcast","Ball Lightning","Melter","Echo Form","Cold Snap","Genetic Algorithm+1","Turbo+1","Glacier+1","Buffer","Self Repair","Leap+1"],"relics":["Cracked Core","MawBank","The Courier","Toxic Egg 2","Bottled Flame","Dodecahedron","Empty Cage","Red Mask"],"potions_floor_usage":[6,10,10,13,14,22,22,24],"damage_taken":[{"damage":0,"enemies":"Cultist","floor":1,"turns":3},{"damage":9,"enemies":"Jaw Worm","floor":2,"turns":3},{"damage":20,"enemies":"3 Sentries","floor":6,"turns":5},{"damage":6,"enemies":"Small Slimes","floor":8,"turns":3},{"damage":16,"enemies":"Gremlin Nob","floor":10,"turns":3},{"damage":1,"enemies":"2 Fungi Beasts","floor":11,"turns":3},{"damage":13,"enemies":"3 Sentries","floor":13,"turns":8},{"damage":0,"enemies":"Gremlin Gang","floor":14,"turns":1},{"damage":11,"enemies":"The Guardian","floor":16,"turns":12},{"damage":9,"enemies":"Chosen","floor":18,"turns":6},{"damage":32,"enemies":"2 Thieves","floor":19,"turns":4},{"damage":24,"enemies":"Masked Bandits","floor":22,"turns":5},{"damage":49,"enemies":"Book of Stabbing","floor":24,"turns":7}],"seed_played":"-7925730087462163724","potions_obtained":[{"floor":2,"key":"AttackPotion"},{"floor":6,"key":"EntropicBrew"},{"floor":11,"key":"SteroidPotion"},{"floor":18,"key":"FocusPotion"},{"floor":19,"key":"Ancient Potion"},{"floor":22,"key":"Swift Potion"}],"is_trial":false,"path_per_floor":["M","?","?","?","?","?"],"character_chosen":"DEFECT","items_purchased":[],"campfire_rested":3,"item_purchase_floors":[],"current_hp_per_floor":[75,66,66,66,66,46,46,40,40,24,23,45,32,32,54,43,67,58,26,12,38,21,45,0],"gold":613,"neow_bonus":"RANDOM_COMMON_RELIC","is_prod":false,"is_daily":false,"chose_seed":false,"campfire_upgraded":1,"win_rate":0,"timestamp":1554886259,"path_taken":["M","?","?","?","$","E","R","M","T","E","M","R","E","M","R","BOSS","M","M","?","?","?","R","E"],"build_version":"2019-01-23","purchased_purges":0,"victory":false,"max_hp_per_floor":[75,75,75,75,75,75,75,75,75,75,75,75,75,75,75,75,75,75,75,80,80,80,80,80],"card_choices":[{"not_picked":["Leap","White Noise"],"picked":"Ball Lightning","floor":1},{"not_picked":["Leap","Rip and Tear"],"picked":"Melter","floor":2},{"not_picked":["Gash","Beam Cell"],"picked":"Echo Form","floor":6},{"not_picked":["Stack","Aggregate"],"picked":"Cold Snap","floor":8},{"not_picked":["Doom and Gloom","Cold Snap"],"picked":"Genetic Algorithm+1","floor":10},{"not_picked":["Cold Snap","Redo+1"],"picked":"Turbo+1","floor":11},{"not_picked":["Turbo+1","Skim+1"],"picked":"Glacier+1","floor":13},{"not_picked":["Echo Form","All For One"],"picked":"Buffer","floor":16},{"not_picked":["Turbo+1","Sweeping Beam+1"],"picked":"Self Repair","floor":18},{"not_picked":["Lockon","Streamline","Reprogram+1"],"picked":"SKIP","floor":19},{"not_picked":["Barrage","Compile Driver+1"],"picked":"Leap+1","floor":22}],"player_experience":434940,"relics_obtained":[{"floor":6,"key":"The Courier"},{"floor":9,"key":"Toxic Egg 2"},{"floor":10,"key":"Bottled Flame"},{"floor":13,"key":"Dodecahedron"},{"floor":22,"key":"Red Mask"}],"event_choices":[{"damage_healed":0,"gold_gain":0,"player_choice":"Ignored","damage_taken":0,"max_hp_gain":0,"max_hp_loss":0,"event_name":"Liars Game","floor":3,"gold_loss":0},{"cards_removed":["Strike_B"],"damage_healed":0,"gold_gain":0,"player_choice":"Card Removal","damage_taken":0,"max_hp_gain":0,"max_hp_loss":0,"event_name":"The Cleric","floor":4,"gold_loss":50},{"damage_healed":0,"gold_gain":0,"player_choice":"Shed Blood","damage_taken":19,"max_hp_gain":5,"max_hp_loss":0,"event_name":"Forgotten Altar","floor":20,"gold_loss":0},{"damage_healed":26,"gold_gain":0,"player_choice":"Heal","damage_taken":0,"max_hp_gain":0,"max_hp_loss":0,"event_name":"The Library","floor":21,"gold_loss":0},{"damage_healed":0,"gold_gain":0,"player_choice":"Fought Bandits","damage_taken":0,"max_hp_gain":0,"max_hp_loss":0,"event_name":"Masked Bandits","floor":22,"gold_loss":0}],"is_beta":false,"boss_relics":[{"not_picked":["FrozenCore","Coffee Dripper"],"picked":"Empty Cage"}],"items_purged_floors":[],"is_endless":false,"potions_floor_spawned":[2,6,11,18,19,22],"killed_by":"Book of Stabbing","ascension_level":5}