{"gold_per_floor":[110,110,128,128,139,165,165,165,165,175,202,202,214,231,231,231],"floor_reached":16,"playtime":1191,"items_purged":[],"score":102,"play_id":"bfb30b1d-7f9f-4261-90d3-86c43943f34c","local_time":"20190125200042","is_ascension_mode":false,"campfire_choices":[{"data":"Ball Lightning","floor":7,"key":"SMITH"},{"floor":15,"key":"REST"}],"neow_cost":"NONE","seed_source_timestamp":697739358525012,"circlet_count":0,"master_deck":["Strike_B","Strike_B","Strike_B","Strike_B","Defend_B","Defend_B","Defend_B","Defend_B","Zap","Dualcast","Chill","Leap","Multi-Cast","Iron Wave","Beam Cell","Doom and Gloom"],"relics":["Cracked Core","NeowsBlessing","NlothsMask","Ginger","Regal Pillow"],"potions_floor_usage":[16,16],"damage_taken":[{"damage":0,"enemies":"Small Slimes","floor":1,"turns":1},{"damage":0,"enemies":"Cultist","floor":3,"turns":1},{"damage":0,"enemies":"Jaw Worm","floor":5,"turns":1},{"damage":18,"enemies":"Gremlin Nob","floor":6,"turns":4},{"damage":0,"enemies":"Exordium Wildlife","floor":10,"turns":5},{"damage":10,"enemies":"Lots of Slimes","floor":13,"turns":4},{"damage":7,"enemies":"Exordium Thugs","floor":14,"turns":5},{"damage":80,"enemies":"Hexaghost","floor":16,"turns":14}],"seed_played":"-5866429423846742349","potions_obtained":[{"floor":5,"key":"Fire Potion"},{"floor":6,"key":"FearPotion"}],"is_trial":false,"path_per_floor":["M","?","M","$","M","E","R","?","T","M","T","?","M","M","R","B"],"character_chosen":"DEFECT","items_purchased":[],"campfire_rested":1,"item_purchase_floors":[],"current_hp_per_floor":[75,75,75,75,75,57,57,57,57,57,57,62,52,45,80,0],"gold":231,"neow_bonus":"THREE_ENEMY_KILL","is_prod":false,"is_daily":false,"chose_seed":false,"campfire_upgraded":1,"win_rate":0.0,"timestamp":1548475242,"path_taken":["M","?","M","?","?","E","R","?","T","?","?","?","M","M","R","BOSS"],"build_version":"2019-01-23","purchased_purges":0,"victory":false,"max_hp_per_floor":[75,75,75,75,75,75,75,75,75,75,75,80,80,80,80,80],"card_choices":[{"not_picked":["Hologram","Hello World"],"picked":"Ball Lightning","floor":1},{"not_picked":["Hello World","Steam Power"],"picked":"Chill","floor":3},{"not_picked":["Hologram","Coolheaded"],"picked":"Leap","floor":5},{"not_picked":["Steam","Self Repair"],"picked":"Multi-Cast","floor":6},{"not_picked":["Go for the Eyes","Lockon"],"picked":"Beam Cell","floor":10},{"not_picked":["Compile Driver","Heatsinks"],"picked":"Doom and Gloom","floor":13},{"not_picked":["Beam Cell","Stack","Barrage"],"picked":"SKIP","floor":14}],"player_experience":7134,"relics_obtained":[{"floor":6,"key":"Ginger"},{"floor":11,"key":"Regal Pillow"}],"event_choices":[{"damage_healed":0,"gold_gain":0,"player_choice":"Trade","damage_taken":0,"relics_obtained":["NlothsMask"],"max_hp_gain":0,"max_hp_loss":0,"event_name":"FaceTrader","floor":2,"gold_loss":0},{"cards_removed":["Ball Lightning"],"damage_healed":0,"gold_gain":0,"player_choice":"Took Card","damage_taken":0,"max_hp_gain":0,"max_hp_loss":0,"event_name":"NoteForYourself","floor":8,"gold_loss":0,"cards_obtained":["Iron Wave"]},{"damage_healed":0,"gold_gain":0,"player_choice":"Donut","damage_taken":0,"max_hp_gain":5,"max_hp_loss":0,"event_name":"Big Fish","floor":12,"gold_loss":0}],"is_beta":false,"boss_relics":[],"items_purged_floors":[],"is_endless":false,"potions_floor_spawned":[5,6],"killed_by":"Hexaghost","ascension_level":0}