{"gold_per_floor":[114,127,202,202,114,114,133,133,182,182,182,206,52,87,87,206,206,224,260,175,198,216,216,249,249,302,338,338],"floor_reached":28,"playtime":2466,"items_purged":[],"score":244,"play_id":"77798aa7-49e5-4bd3-9cb0-ffde7d80bb74","local_time":"20190128195132","is_ascension_mode":false,"campfire_choices":[{"data":"Capacitor","floor":6,"key":"SMITH"},{"floor":8,"key":"REST"},{"floor":15,"key":"REST"},{"floor":23,"key":"REST"},{"floor":25,"key":"REST"}],"neow_cost":"NONE","seed_source_timestamp":955114758968827,"circlet_count":0,"master_deck":["Strike_B","Strike_B","Strike_B","Strike_B","Defend_B","Defend_B+1","Defend_B","Defend_B","Zap","Dualcast","Rainbow+1","Capacitor+1","Streamline","FTL","Cold Snap","Barrage","Barrage","Gash","Electrodynamics","Leap","Steam+1","Leap+1","Chill+1","Buffer","Cold Snap+1"],"relics":["Cracked Core","Lantern","Anchor","War Paint","Golden Idol","Bag of Preparation","Odd Mushroom","Lizard Tail","Red Mask","Smiling Mask","Molten Egg 2","Boot","Toxic Egg 2"],"potions_floor_usage":[14,16,19,22],"damage_taken":[{"damage":5,"enemies":"2 Louse","floor":1,"turns":2},{"damage":3,"enemies":"Jaw Worm","floor":2,"turns":4},{"damage":0,"enemies":"Small Slimes","floor":7,"turns":2},{"damage":5,"enemies":"Exordium Wildlife","floor":12,"turns":4},{"damage":11,"enemies":"The Mushroom Lair","floor":14,"turns":4},{"damage":24,"enemies":"Hexaghost","floor":16,"turns":8},{"damage":16,"enemies":"Spheric Guardian","floor":18,"turns":4},{"damage":68,"enemies":"Masked Bandits","floor":19,"turns":7},{"damage":16,"enemies":"Shell Parasite","floor":21,"turns":5},{"damage":17,"enemies":"Centurion and Healer","floor":22,"turns":7},{"damage":23,"enemies":"Slavers","floor":24,"turns":10},{"damage":27,"enemies":"Book of Stabbing","floor":27,"turns":7},{"damage":7,"enemies":"Snake Plant","floor":28,"turns":2}],"seed_played":"8832100687856121854","potions_obtained":[{"floor":2,"key":"Explosive Potion"},{"floor":14,"key":"LiquidBronze"},{"floor":16,"key":"Fruit Juice"},{"floor":19,"key":"Explosive Potion"},{"floor":24,"key":"Ancient Potion"}],"is_trial":false,"path_per_floor":["M","M","?","?","$","R","M","R","T","T","?","M","$","?","R","B",null,"M","?","?","M","M","R","E","R","T","E","M"],"character_chosen":"DEFECT","items_purchased":["FTL","Cold Snap","Bag of Preparation"],"campfire_rested":4,"item_purchase_floors":[5,5,13],"current_hp_per_floor":[70,67,56,38,38,38,38,60,60,60,42,37,37,26,48,24,75,59,40,40,24,7,31,8,32,32,5,0],"gold":338,"neow_bonus":"ONE_RANDOM_RARE_CARD","is_prod":false,"is_daily":false,"chose_seed":false,"campfire_upgraded":1,"win_rate":0.0,"timestamp":1548733892,"path_taken":["M","M","?","?","$","R","M","R","T","?","?","M","$","?","R","BOSS","M","?","?","M","M","R","E","R","T","E","M"],"build_version":"2019-01-23","purchased_purges":0,"victory":false,"max_hp_per_floor":[75,75,75,75,75,75,75,75,75,75,75,75,75,75,75,75,75,75,80,80,80,80,80,80,80,80,80,80],"card_choices":[{"not_picked":["Conserve Battery","Hello World"],"picked":"Capacitor","floor":1},{"not_picked":["Hologram","Conserve Battery"],"picked":"Streamline","floor":2},{"not_picked":["Cold Snap","Hello World"],"picked":"Barrage","floor":7},{"not_picked":["Coolheaded","Scrape"],"picked":"Barrage","floor":12},{"not_picked":["Go for the Eyes","Rip and Tear"],"picked":"Gash","floor":14},{"not_picked":["Creative AI","Amplify"],"picked":"Electrodynamics","floor":16},{"not_picked":["Scrape","Beam Cell"],"picked":"Leap","floor":18},{"not_picked":["Skim","Darkness"],"picked":"Steam+1","floor":19},{"not_picked":["Conserve Battery","Self Repair"],"picked":"Leap+1","floor":21},{"not_picked":["Stack","BootSequence"],"picked":"Chill+1","floor":22},{"not_picked":["Hologram","Darkness"],"picked":"Buffer","floor":24},{"not_picked":["Melter+1","Hologram"],"picked":"Cold Snap+1","floor":27}],"player_experience":17835,"relics_obtained":[{"floor":9,"key":"Anchor"},{"floor":10,"key":"War Paint"},{"floor":14,"key":"Odd Mushroom"},{"floor":19,"key":"Red Mask"},{"floor":24,"key":"Molten Egg 2"},{"floor":26,"key":"Boot"},{"floor":27,"key":"Toxic Egg 2"}],"event_choices":[{"damage_healed":0,"gold_gain":75,"player_choice":"Gather Gold","damage_taken":11,"max_hp_gain":0,"max_hp_loss":0,"event_name":"World of Goop","floor":3,"gold_loss":0},{"damage_healed":0,"gold_gain":0,"player_choice":"Success","damage_taken":18,"relics_obtained":["Lantern"],"max_hp_gain":0,"max_hp_loss":0,"event_name":"Scrap Ooze","floor":4,"gold_loss":0},{"damage_healed":0,"gold_gain":0,"player_choice":"Take Damage","damage_taken":18,"relics_obtained":["Golden Idol"],"max_hp_gain":0,"max_hp_loss":0,"event_name":"Golden Idol","floor":11,"gold_loss":0},{"damage_healed":0,"gold_gain":0,"player_choice":"Fought Mushrooms","damage_taken":0,"max_hp_gain":0,"max_hp_loss":0,"event_name":"Mushrooms","floor":14,"gold_loss":0},{"damage_healed":0,"gold_gain":0,"player_choice":"Fought Bandits","damage_taken":0,"max_hp_gain":0,"max_hp_loss":0,"event_name":"Masked Bandits","floor":19,"gold_loss":0},{"damage_healed":0,"gold_gain":0,"player_choice":"Obtained Relic","damage_taken":0,"relics_obtained":["Smiling Mask"],"max_hp_gain":0,"max_hp_loss":0,"event_name":"Addict","floor":20,"gold_loss":85}],"is_beta":false,"boss_relics":[{"not_picked":["Astrolabe","Cursed Key"],"picked":"Lizard Tail"}],"items_purged_floors":[],"is_endless":false,"potions_floor_spawned":[2,14,16,19,24],"killed_by":"Snake Plant","ascension_level":0}