{"gold_per_floor":[111,121,121,133,152,185,204,204,204,228,228,238,238,13,13,13],"floor_reached":16,"playtime":1257,"items_purged":["Strike_B"],"score":117,"play_id":"a86bbb87-3d5f-4edc-aaf0-f0fae10b576d","local_time":"20190320151747","is_ascension_mode":true,"campfire_choices":[{"floor":8,"key":"REST"},{"floor":11,"key":"REST"},{"data":"Zap","floor":13,"key":"SMITH"},{"data":"Dualcast","floor":15,"key":"SMITH"}],"neow_cost":"NONE","seed_source_timestamp":21998483387499,"circlet_count":0,"master_deck":["Strike_B","Strike_B","Strike_B","Defend_B","Defend_B","Defend_B","Defend_B","Zap+1","Dualcast+1","Glacier","BootSequence","Turbo","Sweeping Beam","Hologram","Hologram"],"relics":["Cracked Core","Regal Pillow","Pen Nib","Meat on the Bone","Odd Mushroom","Happy Flower"],"potions_floor_usage":[1,16,16],"damage_taken":[{"damage":9,"enemies":"2 Louse","floor":1,"turns":2},{"damage":0,"enemies":"Cultist","floor":2,"turns":3},{"damage":7,"enemies":"Jaw Worm","floor":4,"turns":3},{"damage":8,"enemies":"3 Louse","floor":5,"turns":3},{"damage":39,"enemies":"Lagavulin","floor":6,"turns":12},{"damage":13,"enemies":"Blue Slaver","floor":7,"turns":3},{"damage":23,"enemies":"The Mushroom Lair","floor":10,"turns":4},{"damage":1,"enemies":"Looter","floor":12,"turns":3},{"damage":83,"enemies":"Hexaghost","floor":16,"turns":16}],"seed_played":"-3532699338025001165","potions_obtained":[{"floor":1,"key":"Fruit Juice"},{"floor":2,"key":"SteroidPotion"},{"floor":6,"key":"FearPotion"},{"floor":7,"key":"Poison Potion"},{"floor":12,"key":"SkillPotion"}],"is_trial":false,"path_per_floor":["?","M","?"],"character_chosen":"DEFECT","items_purchased":["Happy Flower"],"campfire_rested":2,"item_purchase_floors":[14],"current_hp_per_floor":[78,78,78,71,63,24,11,52,52,41,82,81,81,81,81,0],"gold":13,"neow_bonus":"TEN_PERCENT_HP_BONUS","is_prod":false,"is_daily":false,"chose_seed":false,"campfire_upgraded":2,"win_rate":0,"timestamp":1553091467,"path_taken":["M","M","?","M","?","E","M","R","T","?","R","M","R","$","R","BOSS"],"build_version":"2019-01-23","purchased_purges":1,"victory":false,"max_hp_per_floor":[87,87,87,87,87,87,87,87,87,87,87,87,87,87,87,87],"card_choices":[{"not_picked":["Coolheaded","Sunder"],"picked":"Glacier","floor":1},{"not_picked":["Rip and Tear","Tempest","Chaos"],"picked":"SKIP","floor":2},{"not_picked":["Glacier","Compile Driver"],"picked":"BootSequence","floor":4},{"not_picked":["Coolheaded","Reprogram"],"picked":"Turbo","floor":5},{"not_picked":["Lockon","Beam Cell"],"picked":"Sweeping Beam","floor":6},{"not_picked":["Steam","Rebound"],"picked":"Hologram","floor":7},{"not_picked":["Fusion","Rebound"],"picked":"Hologram","floor":12}],"player_experience":222407,"relics_obtained":[{"floor":6,"key":"Pen Nib"},{"floor":9,"key":"Meat on the Bone"},{"floor":10,"key":"Odd Mushroom"}],"event_choices":[{"damage_healed":0,"gold_gain":0,"player_choice":"Gave Potion","damage_taken":0,"relics_obtained":["Regal Pillow"],"max_hp_gain":0,"max_hp_loss":0,"event_name":"WeMeetAgain","floor":3,"gold_loss":0},{"damage_healed":0,"gold_gain":0,"player_choice":"Fought Mushrooms","damage_taken":0,"max_hp_gain":0,"max_hp_loss":0,"event_name":"Mushrooms","floor":10,"gold_loss":0}],"is_beta":false,"boss_relics":[],"items_purged_floors":[14],"is_endless":false,"potions_floor_spawned":[1,2,6,7,12],"killed_by":"Hexaghost","ascension_level":3}