{"gold_per_floor":[123,135,159,187,199,236,266,278],"floor_reached":8,"playtime":323,"items_purged":[],"score":67,"play_id":"470a57a5-f8cb-4964-b9be-08f777407e5e","local_time":"20190403141902","is_ascension_mode":true,"campfire_choices":[],"neow_cost":"NONE","seed_source_timestamp":278054390698,"circlet_count":0,"master_deck":["Strike_B","Strike_B","Strike_B","Defend_B","Defend_B","Defend_B","Defend_B","Zap","Dualcast","Static Discharge","Sunder","Redo","Doom and Gloom"],"relics":["Cracked Core","MawBank","Shuriken"],"potions_floor_usage":[6,8],"damage_taken":[{"damage":2,"enemies":"2 Louse","floor":1,"turns":2},{"damage":6,"enemies":"Cultist","floor":3,"turns":4},{"damage":4,"enemies":"Jaw Worm","floor":4,"turns":4},{"damage":51,"enemies":"Lagavulin","floor":6,"turns":7},{"damage":0,"enemies":"Large Slime","floor":7,"turns":4},{"damage":18,"enemies":"3 Sentries","floor":8,"turns":4}],"seed_played":"6703129277603050351","potions_obtained":[{"floor":1,"key":"Block Potion"},{"floor":6,"key":"Block Potion"}],"is_trial":false,"path_per_floor":["?","M","?"],"character_chosen":"DEFECT","items_purchased":[],"campfire_rested":0,"item_purchase_floors":[],"current_hp_per_floor":[73,73,67,63,68,17,17,0],"gold":278,"neow_bonus":"RANDOM_COMMON_RELIC","is_prod":false,"is_daily":false,"chose_seed":false,"campfire_upgraded":0,"win_rate":0,"timestamp":1554293942,"path_taken":["M","?","M","?","?","E","M","E"],"build_version":"2019-01-23","purchased_purges":0,"victory":false,"max_hp_per_floor":[75,75,75,75,80,80,80,80],"card_choices":[{"not_picked":["Redo","Rebound"],"picked":"Static Discharge","floor":1},{"not_picked":["Streamline","Consume"],"picked":"Sunder","floor":3},{"not_picked":["Rip and Tear","Reprogram","Blizzard"],"picked":"SKIP","floor":4},{"not_picked":["Heatsinks","Steam"],"picked":"Redo","floor":6},{"not_picked":["Barrage","Rebound"],"picked":"Doom and Gloom","floor":7}],"player_experience":371488,"relics_obtained":[{"floor":6,"key":"Shuriken"}],"event_choices":[{"cards_removed":["Strike_B"],"damage_healed":0,"gold_gain":0,"player_choice":"Offered Basic","damage_taken":0,"max_hp_gain":0,"max_hp_loss":0,"event_name":"Bonfire Elementals","floor":2,"gold_loss":0},{"damage_healed":0,"gold_gain":0,"player_choice":"Donut","damage_taken":0,"max_hp_gain":5,"max_hp_loss":0,"event_name":"Big Fish","floor":5,"gold_loss":0}],"is_beta":false,"boss_relics":[],"items_purged_floors":[],"is_endless":false,"potions_floor_spawned":[1,6],"killed_by":"3 Sentries","ascension_level":3}