{"gold_per_floor":[110,110,42,42,62,97,97,111,111,129,129],"floor_reached":11,"playtime":539,"items_purged":[],"score":73,"play_id":"e71dabee-887c-4073-82dd-225ef52dc320","local_time":"20190714180857","is_ascension_mode":false,"campfire_choices":[{"floor":7.0,"key":"REST"}],"neow_cost":"TEN_PERCENT_HP_LOSS","seed_source_timestamp":138542077672658,"circlet_count":0,"master_deck":["Strike_G","Strike_G","Strike_G","Defend_G","Defend_G","Defend_G","Defend_G","Defend_G","Survivor","Neutralize","Storm of Steel+1","Outmaneuver","Footwork","Well Laid Plans","Acrobatics","Deflect"],"special_seed":0,"relics":["Ring of the Snake","Omamori","Snake Skull","Mummified Hand"],"potions_floor_usage":[11],"damage_taken":[{"damage":11.0,"enemies":"2 Louse","floor":1.0,"turns":3.0},{"damage":0.0,"enemies":"Cultist","floor":5.0,"turns":3.0},{"damage":43.0,"enemies":"Gremlin Nob","floor":6.0,"turns":6.0},{"damage":10.0,"enemies":"Small Slimes","floor":8.0,"turns":2.0},{"damage":5.0,"enemies":"3 Louse","floor":10.0,"turns":3.0},{"damage":13,"enemies":"Gremlin Gang","floor":11,"turns":1}],"seed_played":"-2810289447342131051","potions_obtained":[{"floor":1.0,"key":"Explosive Potion"},{"floor":6.0,"key":"PowerPotion"}],"is_trial":false,"path_per_floor":["M","?","$","T","M","E","R","M","T","M","M"],"character_chosen":"THE_SILENT","items_purchased":["Well Laid Plans"],"campfire_rested":1,"item_purchase_floors":[3],"current_hp_per_floor":[52,52,52,52,52,9,27,17,17,12,0],"gold":129,"neow_bonus":"TRANSFORM_TWO_CARDS","is_prod":false,"is_daily":false,"chose_seed":false,"campfire_upgraded":0,"win_rate":0,"timestamp":1563152937,"path_taken":["M","?","$","?","M","E","R","M","T","M","M"],"build_version":"2019-07-10","purchased_purges":0,"victory":false,"max_hp_per_floor":[63,63,63,63,63,63,63,63,63,63,63],"card_choices":[{"not_picked":["Sucker Punch","Backflip"],"picked":"Footwork","floor":1.0},{"not_picked":["Bane","Caltrops"],"picked":"Acrobatics","floor":5.0},{"not_picked":["Backflip","Deadly Poison"],"picked":"Deflect","floor":6.0},{"not_picked":["All Out Attack","Outmaneuver","Dagger Throw"],"picked":"SKIP","floor":8.0},{"not_picked":["All Out Attack","Concentrate","Skewer"],"picked":"SKIP","floor":10.0}],"player_experience":1099435,"relics_obtained":[{"floor":4.0,"key":"Omamori"},{"floor":6.0,"key":"Snake Skull"},{"floor":9.0,"key":"Mummified Hand"}],"event_choices":[{"damage_healed":0.0,"max_hp_gain":0.0,"max_hp_loss":0.0,"gold_gain":0.0,"event_name":"Upgrade Shrine","player_choice":"Upgraded","floor":2.0,"gold_loss":0.0,"damage_taken":0.0,"cards_upgraded":["Storm of Steel"]}],"is_beta":true,"boss_relics":[],"items_purged_floors":[],"is_endless":false,"potions_floor_spawned":[1,6],"killed_by":"Gremlin Gang","ascension_level":0}