{"gold_per_floor":[217,227,244,254,267,293,293,319,344,344,354,354,364,442,442,442],"floor_reached":16,"playtime":967,"items_purged":[],"score":154,"play_id":"47c3a970-40d1-4e62-bc8b-8629ddda93b3","local_time":"20190409121408","is_ascension_mode":true,"campfire_choices":[{"data":"Adrenaline","floor":7,"key":"SMITH"},{"floor":10,"key":"REST"},{"data":"Neutralize","floor":15,"key":"SMITH"}],"neow_cost":"NONE","seed_source_timestamp":13066169615200,"circlet_count":0,"master_deck":["Defend_G","Defend_G","Defend_G","Defend_G","Defend_G","Strike_G","Strike_G","Strike_G","Strike_G","Strike_G","Survivor","Neutralize+1","Backflip+1","Dash","Slice","Deflect+1","Quick Slash","Adrenaline+1","Dash","Dodge and Roll"],"relics":["Ring of the Snake","Juzu Bracelet","War Paint","Orichalcum"],"potions_floor_usage":[6,6,6,16],"damage_taken":[{"damage":1,"enemies":"Cultist","floor":1,"turns":5},{"damage":4,"enemies":"2 Louse","floor":2,"turns":3},{"damage":0,"enemies":"Small Slimes","floor":3,"turns":3},{"damage":13,"enemies":"Exordium Thugs","floor":4,"turns":5},{"damage":0,"enemies":"Blue Slaver","floor":5,"turns":5},{"damage":21,"enemies":"Lagavulin","floor":6,"turns":7},{"damage":36,"enemies":"Gremlin Nob","floor":8,"turns":5},{"damage":1,"enemies":"Looter","floor":11,"turns":4},{"damage":8,"enemies":"Red Slaver","floor":13,"turns":4},{"damage":41,"enemies":"Slime Boss","floor":16,"turns":11}],"seed_played":"3622394585277545009","potions_obtained":[{"floor":2,"key":"Weak Potion"},{"floor":4,"key":"Strength Potion"},{"floor":5,"key":"Regen Potion"},{"floor":11,"key":"AttackPotion"}],"is_trial":false,"path_per_floor":["M","?","?"],"character_chosen":"THE_SILENT","items_purchased":[],"campfire_rested":1,"item_purchase_floors":[],"current_hp_per_floor":[62,58,58,45,45,39,39,3,3,24,23,46,38,38,38,0],"gold":442,"neow_bonus":"HUNDRED_GOLD","is_prod":false,"is_daily":false,"chose_seed":false,"campfire_upgraded":2,"win_rate":0,"timestamp":1554804848,"path_taken":["M","M","M","M","?","E","R","E","T","R","M","?","M","?","R","BOSS"],"build_version":"2019-01-23","purchased_purges":0,"victory":false,"max_hp_per_floor":[70,70,70,70,70,70,70,70,70,70,70,70,70,70,70,70],"card_choices":[{"not_picked":["Dagger Spray","Prepared"],"picked":"Backflip","floor":1},{"not_picked":["Deadly Poison","Flying Knee"],"picked":"Dash","floor":2},{"not_picked":["Flying Knee","Prepared"],"picked":"Slice","floor":3},{"not_picked":["Masterful Stab","Underhanded Strike"],"picked":"Deflect","floor":4},{"not_picked":["Prepared","Choke"],"picked":"Quick Slash","floor":5},{"not_picked":["Cloak And Dagger","Backflip"],"picked":"Adrenaline","floor":6},{"not_picked":["Dagger Throw","Quick Slash","Catalyst"],"picked":"SKIP","floor":8},{"not_picked":["Bane","Prepared"],"picked":"Dash","floor":11},{"not_picked":["Distraction","Predator"],"picked":"Dodge and Roll","floor":13}],"player_experience":415563,"relics_obtained":[{"floor":6,"key":"Juzu Bracelet"},{"floor":8,"key":"War Paint"},{"floor":9,"key":"Orichalcum"}],"event_choices":[{"damage_healed":23,"gold_gain":0,"player_choice":"Banana","damage_taken":0,"max_hp_gain":0,"max_hp_loss":0,"event_name":"Big Fish","floor":12,"gold_loss":0},{"damage_healed":0,"gold_gain":78,"player_choice":"Gained Gold","damage_taken":0,"max_hp_gain":0,"max_hp_loss":0,"event_name":"Golden Wing","floor":14,"gold_loss":0}],"is_beta":false,"boss_relics":[],"items_purged_floors":[],"is_endless":false,"potions_floor_spawned":[2,4,5,11],"killed_by":"Slime Boss","ascension_level":7}