{"gold_per_floor":[111,58,75,75,75,103,103,119,119,119,129,129,156,173,173,268,268,285,299,299,299,150,150,169,169,169,198,217,237,269,281,281,379,379,389,389,403,417,430,430,430,430,454,492,520,548,560,582,594,606,618,630,75,102,102],"floor_reached":56,"playtime":2880,"items_purged":["Strike_G","Shame"],"score":1279,"play_id":"e341a116-06e9-4483-8927-51527225c552","local_time":"20190604091755","is_ascension_mode":true,"campfire_choices":[{"floor":7.0,"key":"REST"},{"data":"Footwork","floor":10.0,"key":"SMITH"},{"data":"Neutralize","floor":12.0,"key":"SMITH"},{"data":"Footwork","floor":15.0,"key":"SMITH"},{"data":"Skewer","floor":23.0,"key":"SMITH"},{"data":"Noxious Fumes","floor":25.0,"key":"SMITH"},{"floor":32.0,"key":"REST"},{"floor":40.0,"key":"RECALL"},{"floor":42.0,"key":"REST"},{"floor":49,"key":"REST"},{"data":"Catalyst","floor":52,"key":"SMITH"}],"neow_cost":"NONE","seed_source_timestamp":0,"circlet_count":0,"master_deck":["Defend_G","Defend_G","Defend_G","Defend_G","Defend_G","Survivor","Neutralize+1","PiercingWail","Sucker Punch","All Out Attack","Backstab","Footwork+1","Leg Sweep","Footwork+1","Die Die Die","Blade Dance+1","Skewer+1","Noxious Fumes+1","Blur","Catalyst+1","Dodge and Roll+1","All Out Attack+1","Night Terror","After Image+1","Leg Sweep+1","Calculated Gamble","Panacea","PiercingWail+1","Noxious Fumes+1","Noxious Fumes+1","Catalyst+1","Footwork+1","Envenom+1"],"special_seed":0,"relics":["Sozu","Turnip","Pocketwatch","Pear","Empty Cage","Bronze Scales","Question Card","Frozen Egg 2","Lantern","Cursed Key","MawBank","Torii","Sundial","Blood Vial","Art of War"],"potions_floor_usage":[],"damage_taken":[{"damage":1.0,"enemies":"2 Louse","floor":1.0,"turns":2.0},{"damage":0.0,"enemies":"Small Slimes","floor":3.0,"turns":4.0},{"damage":41.0,"enemies":"Gremlin Nob","floor":6.0,"turns":6.0},{"damage":0.0,"enemies":"Cultist","floor":8.0,"turns":4.0},{"damage":4.0,"enemies":"Gremlin Gang","floor":11.0,"turns":5.0},{"damage":0.0,"enemies":"Lagavulin","floor":13.0,"turns":8.0},{"damage":3.0,"enemies":"Large Slime","floor":14.0,"turns":7.0},{"damage":16.0,"enemies":"Hexaghost","floor":16.0,"turns":20.0},{"damage":1.0,"enemies":"Chosen","floor":18.0,"turns":9.0},{"damage":0.0,"enemies":"Spheric Guardian","floor":19.0,"turns":6.0},{"damage":12.0,"enemies":"Shelled Parasite and Fungi","floor":24.0,"turns":6.0},{"damage":16.0,"enemies":"Gremlin Leader","floor":27.0,"turns":6.0},{"damage":5.0,"enemies":"Snake Plant","floor":28.0,"turns":5.0},{"damage":9.0,"enemies":"Sentry and Sphere","floor":29.0,"turns":7.0},{"damage":36.0,"enemies":"Slavers","floor":30.0,"turns":5.0},{"damage":0.0,"enemies":"Snecko","floor":31.0,"turns":5.0},{"damage":13.0,"enemies":"Automaton","floor":33.0,"turns":13.0},{"damage":1.0,"enemies":"Orb Walker","floor":35.0,"turns":4.0},{"damage":10.0,"enemies":"3 Darklings","floor":37.0,"turns":6.0},{"damage":4.0,"enemies":"Spire Growth","floor":38.0,"turns":8.0},{"damage":24.0,"enemies":"Jaw Worm Horde","floor":39.0,"turns":5.0},{"damage":34,"enemies":"Reptomancer","floor":44,"turns":11},{"damage":8,"enemies":"4 Shapes","floor":45,"turns":8},{"damage":15,"enemies":"3 Darklings","floor":46,"turns":5},{"damage":0,"enemies":"Maw","floor":48,"turns":9},{"damage":18,"enemies":"Time Eater","floor":50,"turns":8},{"damage":7,"enemies":"Shield and Spear","floor":54,"turns":6},{"damage":49,"enemies":"The Heart","floor":55,"turns":10}],"seed_played":"-7810095542825322931","potions_obtained":[],"is_trial":false,"path_per_floor":["?","?","M","M","?","?","M","?","?","M","?"],"character_chosen":"THE_SILENT","items_purchased":["Sucker Punch","Skewer","Footwork+1","Sundial","Blood Vial"],"campfire_rested":4,"item_purchase_floors":[2,22,53,53,53],"current_hp_per_floor":[69,69,69,62,62,21,42,42,42,42,38,38,48,45,45,29,80,79,79,79,79,79,79,67,67,67,51,46,37,1,1,25,12,80,79,76,66,62,38,38,38,60,60,26,18,3,3,3,25,7,76,76,76,69,22],"gold":102,"neow_bonus":"BOSS_RELIC","is_prod":false,"is_daily":false,"chose_seed":false,"campfire_upgraded":6,"win_rate":0,"timestamp":1559632675,"path_taken":["M","$","M","?","?","E","R","M","T","R","?","R","E","M","R","BOSS","M","?","?","?","$","R","M","R","T","E","M","M","E","?","R","BOSS","M","?","M","M","M","R","?","R","T","E","?","M","?","M","R","BOSS","R","$","E","BOSS"],"build_version":"2019-01-23","purchased_purges":2,"victory":true,"max_hp_per_floor":[70,70,70,70,70,70,70,70,70,70,70,70,80,80,80,80,80,80,80,80,80,80,80,80,80,80,80,80,80,80,80,80,80,80,80,76,76,76,76,76,76,76,76,76,76,76,76,76,76,76,76,76,76,76,76],"card_choices":[{"not_picked":["Cloak And Dagger","Caltrops"],"picked":"PiercingWail","floor":1.0},{"not_picked":["Finisher","Bane"],"picked":"All Out Attack","floor":3.0},{"not_picked":["Sucker Punch","Acrobatics"],"picked":"Backstab","floor":6.0},{"not_picked":["Acrobatics","Distraction"],"picked":"Footwork","floor":8.0},{"not_picked":["Backflip","Caltrops"],"picked":"Leg Sweep","floor":11.0},{"not_picked":["Deflect","Distraction"],"picked":"Footwork","floor":13.0},{"not_picked":["Flying Knee","Heel Hook","Dagger Throw"],"picked":"SKIP","floor":14.0},{"not_picked":["Adrenaline","After Image"],"picked":"Die Die Die","floor":16.0},{"not_picked":["Outmaneuver","Slice"],"picked":"Riddle With Holes","floor":18.0},{"not_picked":["Expertise","Dagger Throw"],"picked":"Blade Dance+1","floor":19.0},{"not_picked":["Blade Dance+1","Underhanded Strike","Catalyst"],"picked":"Noxious Fumes","floor":24.0},{"not_picked":["Burst","Underhanded Strike","Tactician"],"picked":"Blur","floor":27.0},{"not_picked":["Flying Knee","Setup","Caltrops+1"],"picked":"Catalyst+1","floor":28.0},{"not_picked":["Blade Dance","Endless Agony","Accuracy+1"],"picked":"Dodge and Roll+1","floor":29.0},{"not_picked":["Finisher","Outmaneuver","Cloak And Dagger"],"picked":"All Out Attack+1","floor":30.0},{"not_picked":["Flying Knee+1","Slice","Dagger Spray"],"picked":"Night Terror","floor":31.0},{"not_picked":["Doppelganger","Night Terror","Glass Knife"],"picked":"After Image+1","floor":33.0},{"not_picked":["Slice+1","Dodge and Roll+1","Accuracy+1","Deadly Poison"],"picked":"SKIP","floor":35.0},{"not_picked":["Masterful Stab+1","Escape Plan+1","Finisher+1","Dodge and Roll+1"],"picked":"SKIP","floor":37.0},{"not_picked":["Heel Hook","Choke+1","Predator+1"],"picked":"Leg Sweep+1","floor":38.0},{"not_picked":["Riddle With Holes","Dodge and Roll","Deflect"],"picked":"Calculated Gamble","floor":39.0},{"not_picked":["Secret Technique","Trip","Finesse"],"picked":"Panacea","floor":41.0},{"not_picked":["Riddle With Holes","Dagger Spray+1","Grand Finale"],"picked":"PiercingWail+1","floor":44},{"not_picked":["All Out Attack","Slice","Setup"],"picked":"Noxious Fumes+1","floor":45},{"not_picked":["Catalyst+1","Distraction+1","Quick Slash+1"],"picked":"Noxious Fumes+1","floor":46},{"not_picked":["Deadly Poison","Poisoned Stab","Outmaneuver+1"],"picked":"Catalyst","floor":48},{"not_picked":["Infinite Blades+1","Poisoned Stab+1","Blade Dance"],"picked":"Envenom+1","floor":54}],"player_experience":768255,"relics_obtained":[{"floor":6.0,"key":"Turnip"},{"floor":9.0,"key":"Pocketwatch"},{"floor":13.0,"key":"Pear"},{"floor":21.0,"key":"Question Card"},{"floor":27.0,"key":"Frozen Egg 2"},{"floor":30.0,"key":"Lantern"},{"floor":43.0,"key":"MawBank"},{"floor":44,"key":"Torii"},{"floor":54,"key":"Art of War"}],"event_choices":[{"cards_removed":["Strike_G"],"damage_healed":0.0,"max_hp_gain":0.0,"max_hp_loss":0.0,"gold_gain":0.0,"event_name":"Golden Wing","player_choice":"Card Removal","floor":4.0,"gold_loss":0.0,"damage_taken":7.0},{"cards_removed":["Strike_G"],"damage_healed":0.0,"max_hp_gain":0.0,"max_hp_loss":0.0,"gold_gain":0.0,"event_name":"Bonfire Elementals","player_choice":"Offered Basic","floor":5.0,"gold_loss":0.0,"damage_taken":0.0},{"damage_healed":0.0,"max_hp_gain":0.0,"max_hp_loss":0.0,"gold_gain":0.0,"event_name":"The Mausoleum","player_choice":"Opened","floor":20.0,"gold_loss":0.0,"damage_taken":0.0,"relics_obtained":["Bronze Scales"]},{"damage_healed":0.0,"max_hp_gain":0.0,"max_hp_loss":0.0,"gold_gain":0.0,"event_name":"Wheel of Change","player_choice":"Relic","floor":21.0,"gold_loss":0.0,"damage_taken":0.0},{"damage_healed":0.0,"max_hp_gain":0.0,"max_hp_loss":4.0,"gold_gain":0.0,"event_name":"Winding Halls","player_choice":"Max HP","floor":36.0,"gold_loss":0.0,"damage_taken":0.0},{"damage_healed":0.0,"max_hp_gain":0.0,"max_hp_loss":0.0,"gold_gain":0.0,"event_name":"SensoryStone","player_choice":"Memory 1","floor":41.0,"gold_loss":0.0,"damage_taken":0.0},{"cards_removed":["Riddle With Holes"],"damage_healed":0,"gold_gain":0,"player_choice":"Removed Attack","damage_taken":0,"max_hp_gain":0,"max_hp_loss":0,"event_name":"Falling","floor":47,"gold_loss":0}],"is_beta":false,"boss_relics":[{"not_picked":["White Beast Statue","Ectoplasm"],"picked":"Empty Cage"},{"not_picked":["Lizard Tail","Philosopher\u0027s Stone"],"picked":"Cursed Key"}],"items_purged_floors":[22,53],"is_endless":false,"potions_floor_spawned":[6,8,11,16,24,27,30,31,33,37,46,48],"ascension_level":1}