{"gold_per_floor":[115,135,149,162,162,162,188,261,339,350,350,365,385,402,402,506,506,416,416,34,34,34,34,34,34,34,34,34,34,34,34,34,34,34,34,0,0,0,0,0,0,0,0,0,0,0,0,0,0,0],"floor_reached":51,"playtime":3136,"items_purged":["Strike_B"],"score":960,"play_id":"d3dd4ca8-3bb8-4908-afe9-030a00017304","local_time":"20190410130328","is_ascension_mode":true,"campfire_choices":[{"data":"Zap","floor":6.0,"key":"SMITH"},{"data":"Dualcast","floor":11.0,"key":"SMITH"},{"data":"Buffer","floor":15.0,"key":"SMITH"},{"data":"Loop","floor":23.0,"key":"SMITH"},{"data":"Self Repair","floor":30.0,"key":"SMITH"},{"data":"Static Discharge","floor":32.0,"key":"SMITH"},{"data":"Consume","floor":40.0,"key":"SMITH"},{"data":"Go for the Eyes","floor":46.0,"key":"SMITH"},{"data":"Undo","floor":49,"key":"SMITH"}],"neow_cost":"PERCENT_DAMAGE","seed_source_timestamp":0,"circlet_count":0,"master_deck":["Defend_B","Defend_B","Defend_B","Defend_B","Zap+1","Dualcast+1","Go for the Eyes+1","BootSequence","Static Discharge+1","Conserve Battery","Conserve Battery","Buffer+1","Go for the Eyes+1","Undo+1","Self Repair+1","Echo Form","FTL+1","Tempest+1","Capacitor+1","Loop+1","FTL+1","Redo+1","Storm+1","Meteor Strike+1","Thunder Strike+1","Recycle+1","Redo+1","Consume+1","Coolheaded+1","Core Surge+1","Core Surge+1","Parasite"],"special_seed":0,"relics":["Cracked Core","Dead Branch","Bird Faced Urn","Molten Egg 2","Sundial","Ectoplasm","PreservedInsect","Anchor","Gremlin Horn","Potion Belt","DataDisk","Regal Pillow","Pocketwatch","Astrolabe","Red Mask","Vajra","Ancient Tea Set","Bottled Flame","Whetstone"],"potions_floor_usage":[50],"damage_taken":[{"damage":0.0,"enemies":"Small Slimes","floor":1.0,"turns":2.0},{"damage":7.0,"enemies":"Jaw Worm","floor":2.0,"turns":3.0},{"damage":0.0,"enemies":"Cultist","floor":3.0,"turns":2.0},{"damage":23.0,"enemies":"Exordium Thugs","floor":4.0,"turns":4.0},{"damage":18.0,"enemies":"3 Sentries","floor":7.0,"turns":5.0},{"damage":6.0,"enemies":"Looter","floor":10.0,"turns":3.0},{"damage":0.0,"enemies":"Large Slime","floor":12.0,"turns":6.0},{"damage":9.0,"enemies":"3 Louse","floor":13.0,"turns":3.0},{"damage":0.0,"enemies":"Blue Slaver","floor":14.0,"turns":4.0},{"damage":3.0,"enemies":"The Guardian","floor":16.0,"turns":15.0},{"damage":22.0,"enemies":"2 Thieves","floor":18.0,"turns":4.0},{"damage":20.0,"enemies":"Spheric Guardian","floor":19.0,"turns":6.0},{"damage":12.0,"enemies":"Snake Plant","floor":21.0,"turns":4.0},{"damage":17.0,"enemies":"Centurion and Healer","floor":22.0,"turns":10.0},{"damage":29.0,"enemies":"Gremlin Leader","floor":25.0,"turns":4.0},{"damage":5.0,"enemies":"Book of Stabbing","floor":27.0,"turns":4.0},{"damage":0.0,"enemies":"Snecko","floor":28.0,"turns":2.0},{"damage":17.0,"enemies":"Gremlin Leader","floor":31.0,"turns":4.0},{"damage":16.0,"enemies":"Automaton","floor":33.0,"turns":9.0},{"damage":0.0,"enemies":"3 Shapes","floor":35.0,"turns":3.0},{"damage":16.0,"enemies":"3 Darklings","floor":37.0,"turns":4.0},{"damage":0.0,"enemies":"Sphere and 2 Shapes","floor":39.0,"turns":3.0},{"damage":0.0,"enemies":"Giant Head","floor":41.0,"turns":8.0},{"damage":0.0,"enemies":"Jaw Worm Horde","floor":42.0,"turns":4.0},{"damage":21.0,"enemies":"3 Darklings","floor":45.0,"turns":3.0},{"damage":15.0,"enemies":"Nemesis","floor":47.0,"turns":3.0},{"damage":9,"enemies":"Writhing Mass","floor":48,"turns":5},{"damage":40,"enemies":"Awakened One","floor":50,"turns":6}],"seed_played":"4205014986782487201","potions_obtained":[{"floor":2.0,"key":"Regen Potion"},{"floor":7.0,"key":"Energy Potion"},{"floor":12.0,"key":"Poison Potion"},{"floor":14.0,"key":"Regen Potion"},{"floor":16.0,"key":"Dexterity Potion"},{"floor":21.0,"key":"Explosive Potion"},{"floor":27.0,"key":"SmokeBomb"},{"floor":31.0,"key":"Strength Potion"},{"floor":33.0,"key":"Weak Potion"},{"floor":35.0,"key":"Block Potion"},{"floor":47.0,"key":"Fruit Juice"},{"floor":48,"key":"Weak Potion"}],"is_trial":false,"path_per_floor":["?","T","M","T","?","?","?","T"],"character_chosen":"DEFECT","items_purchased":["PreservedInsect","Anchor"],"campfire_rested":0,"item_purchase_floors":[20,20],"current_hp_per_floor":[54,47,47,24,49,49,40,40,40,36,36,44,39,43,43,70,74,60,66,66,58,75,75,75,59,59,67,71,71,71,60,60,72,74,75,75,75,71,71,71,71,71,71,71,50,50,67,71,71,38],"gold":0,"neow_bonus":"ONE_RARE_RELIC","is_prod":false,"is_daily":false,"chose_seed":false,"campfire_upgraded":9,"win_rate":0,"timestamp":1554894208,"path_taken":["M","M","M","M","?","R","E","?","T","M","R","M","M","M","R","BOSS","M","?","$","M","M","R","?","E","T","E","M","?","R","E","R","BOSS","M","?","M","?","M","R","E","M","T","?","M","R","E","M","R","BOSS"],"build_version":"2019-01-23","purchased_purges":1,"victory":true,"max_hp_per_floor":[75,75,75,75,75,75,75,75,75,75,75,75,75,75,75,75,75,75,75,75,75,75,75,75,75,75,75,75,75,75,75,75,75,75,75,75,75,71,71,71,71,71,71,71,71,71,71,71,71,76],"card_choices":[{"not_picked":["Redo","Stack"],"picked":"Go for the Eyes","floor":1.0},{"not_picked":["Heatsinks","Compile Driver"],"picked":"BootSequence","floor":2.0},{"not_picked":["Force Field","Barrage"],"picked":"Static Discharge","floor":3.0},{"not_picked":["Leap","Coolheaded"],"picked":"Conserve Battery","floor":4.0},{"not_picked":["Redo","Streamline"],"picked":"Conserve Battery","floor":7.0},{"not_picked":["Ball Lightning+1","Redo"],"picked":"Buffer","floor":10.0},{"not_picked":["Gash+1","Conserve Battery"],"picked":"Go for the Eyes+1","floor":12.0},{"not_picked":["Beam Cell+1","Compile Driver+1"],"picked":"Undo","floor":13.0},{"not_picked":["Go for the Eyes+1","Gash+1"],"picked":"Self Repair","floor":14.0},{"not_picked":["Seek","Amplify"],"picked":"Echo Form","floor":16.0},{"not_picked":["Conserve Battery","Chill"],"picked":"FTL+1","floor":18.0},{"not_picked":["Hologram","Go for the Eyes+1"],"picked":"Tempest+1","floor":19.0},{"not_picked":["Skim","Conserve Battery+1"],"picked":"Capacitor+1","floor":21.0},{"not_picked":["Streamline+1","Rebound+1"],"picked":"Loop","floor":22.0},{"not_picked":["Rebound+1","Sunder+1"],"picked":"FTL+1","floor":25.0},{"not_picked":["Chill","Rip and Tear+1"],"picked":"Redo+1","floor":27.0},{"not_picked":["Conserve Battery","Capacitor+1"],"picked":"Storm+1","floor":31.0},{"not_picked":["Machine Learning","Amplify"],"picked":"Meteor Strike+1","floor":33.0},{"not_picked":["FTL+1","Hologram"],"picked":"Consume","floor":35.0},{"not_picked":["Blizzard+1","Reprogram+1"],"picked":"Coolheaded+1","floor":37.0},{"not_picked":["Go for the Eyes+1","Auto Shields","Hologram"],"picked":"SKIP","floor":39.0},{"not_picked":["Compile Driver+1","Conserve Battery"],"picked":"Core Surge+1","floor":41.0},{"not_picked":["Rip and Tear+1","Hologram+1","Blizzard+1"],"picked":"SKIP","floor":42.0},{"not_picked":["Chaos","Scrape+1","Streamline+1"],"picked":"SKIP","floor":45.0},{"not_picked":["Genetic Algorithm+1","Coolheaded+1"],"picked":"Core Surge+1","floor":47.0},{"not_picked":["Coolheaded","Cold Snap+1","Steam"],"picked":"SKIP","floor":48}],"player_experience":439404,"relics_obtained":[{"floor":7.0,"key":"Bird Faced Urn"},{"floor":8.0,"key":"Molten Egg 2"},{"floor":9.0,"key":"Sundial"},{"floor":24.0,"key":"Gremlin Horn"},{"floor":25.0,"key":"Potion Belt"},{"floor":26.0,"key":"DataDisk"},{"floor":27.0,"key":"Regal Pillow"},{"floor":31.0,"key":"Pocketwatch"},{"floor":41.0,"key":"Vajra"},{"floor":43.0,"key":"Ancient Tea Set"},{"floor":44.0,"key":"Bottled Flame"},{"floor":47.0,"key":"Whetstone"}],"event_choices":[{"damage_healed":25.0,"max_hp_gain":0.0,"max_hp_loss":0.0,"gold_gain":0.0,"event_name":"Big Fish","player_choice":"Banana","floor":5.0,"gold_loss":0.0,"damage_taken":0.0},{"damage_healed":0.0,"max_hp_gain":0.0,"max_hp_loss":0.0,"gold_gain":0.0,"event_name":"Ghosts","player_choice":"Ignored","floor":29.0,"gold_loss":0.0,"damage_taken":0.0},{"damage_healed":0.0,"max_hp_gain":0.0,"max_hp_loss":0.0,"gold_gain":0.0,"event_name":"Tomb of Lord Red Mask","player_choice":"Paid","floor":36.0,"gold_loss":34.0,"damage_taken":0.0,"relics_obtained":["Red Mask"]},{"damage_healed":0.0,"max_hp_gain":0.0,"max_hp_loss":4.0,"gold_gain":0.0,"event_name":"Winding Halls","player_choice":"Max HP","floor":38.0,"gold_loss":0.0,"damage_taken":0.0}],"is_beta":false,"boss_relics":[{"not_picked":["Busted Crown","Black Star"],"picked":"Ectoplasm"},{"not_picked":["Velvet Choker","Snecko Eye"],"picked":"Astrolabe"}],"items_purged_floors":[20],"is_endless":false,"potions_floor_spawned":[2,7,12,14,16,21,27,28,31,33,35,47,48],"ascension_level":5}