{"gold_per_floor":[114,64,64,83,96,96,124,138,138,153,153,153,182,142,142,240,240,255,180,197,42,42,42,42,73,100,100,129,129,129,148,148,252,252,269,369,369,389,409,409,424,424,448,448,468,493,503,513,513,513],"floor_reached":50,"playtime":2048,"items_purged":["Strike_G"],"score":597,"play_id":"6f9504e4-6a00-4800-934f-9bbc2e02db83","local_time":"20190708133534","is_ascension_mode":true,"campfire_choices":[{"data":"Neutralize","floor":6,"key":"SMITH"},{"floor":12,"key":"REST"},{"floor":15,"key":"REST"},{"data":"Noxious Fumes","floor":23,"key":"SMITH"},{"data":"Cloak And Dagger","floor":27,"key":"SMITH"},{"data":"Noxious Fumes","floor":30,"key":"SMITH"},{"data":"Adrenaline","floor":32,"key":"SMITH"},{"floor":40,"key":"RECALL"},{"data":"Prepared","floor":42,"key":"SMITH"},{"data":"Bullet Time","floor":44,"key":"SMITH"},{"floor":49,"key":"REST"}],"neow_cost":"NONE","seed_source_timestamp":18453961210820,"circlet_count":0,"master_deck":["Defend_G","Defend_G","Defend_G","Defend_G","Defend_G","Survivor","Neutralize+1","Dagger Spray","Crippling Poison","Dodge and Roll","Backflip","PiercingWail","Noxious Fumes+1","Dash","Adrenaline+1","PiercingWail","Noxious Fumes+1","Cloak And Dagger+1","Cloak And Dagger+1","Backstab+1","Poisoned Stab+1","Bullet Time+1","Adrenaline+1","Die Die Die+1","Doubt","Prepared+1","Deadly Poison+1","Backstab+1"],"relics":["Ring of the Snake","Anchor","Darkstone Periapt","Shuriken","Pear","Tingsha","Busted Crown","Orichalcum","Dodecahedron","Centennial Puzzle","Molten Egg 2","Astrolabe","Tough Bandages","Potion Belt","Art of War"],"potions_floor_usage":[13,13,16,16,28,33,46,50,50,50,50],"damage_taken":[{"damage":0,"enemies":"2 Louse","floor":1,"turns":3},{"damage":5,"enemies":"Cultist","floor":4,"turns":4},{"damage":1,"enemies":"Jaw Worm","floor":5,"turns":4},{"damage":46,"enemies":"Lagavulin","floor":7,"turns":12},{"damage":9,"enemies":"3 Louse","floor":8,"turns":3},{"damage":2,"enemies":"Red Slaver","floor":10,"turns":5},{"damage":44,"enemies":"Gremlin Nob","floor":13,"turns":6},{"damage":29,"enemies":"Slime Boss","floor":16,"turns":16},{"damage":6,"enemies":"2 Thieves","floor":18,"turns":4},{"damage":1,"enemies":"Shell Parasite","floor":20,"turns":8},{"damage":32,"enemies":"Slavers","floor":25,"turns":6},{"damage":0,"enemies":"Gremlin Leader","floor":28,"turns":6},{"damage":0,"enemies":"Snake Plant","floor":31,"turns":5},{"damage":28,"enemies":"Collector","floor":33,"turns":9},{"damage":0,"enemies":"3 Shapes","floor":35,"turns":4},{"damage":21,"enemies":"Mind Bloom Boss Battle","floor":36,"turns":7},{"damage":0,"enemies":"3 Darklings","floor":38,"turns":3},{"damage":0,"enemies":"4 Shapes","floor":39,"turns":2},{"damage":4,"enemies":"Transient","floor":41,"turns":5},{"damage":24,"enemies":"Spire Growth","floor":45,"turns":6},{"damage":38,"enemies":"Nemesis","floor":46,"turns":7},{"damage":1,"enemies":"3 Darklings","floor":47,"turns":3},{"damage":2,"enemies":"Maw","floor":48,"turns":7},{"damage":32,"enemies":"Donu and Deca","floor":50,"turns":7}],"seed_played":"3829422245456999967","potions_obtained":[{"floor":4,"key":"LiquidBronze"},{"floor":8,"key":"Regen Potion"},{"floor":14,"key":"SteroidPotion"},{"floor":14,"key":"GhostInAJar"},{"floor":14,"key":"PowerPotion"},{"floor":16,"key":"FearPotion"},{"floor":20,"key":"LiquidBronze"},{"floor":25,"key":"Explosive Potion"},{"floor":28,"key":"SpeedPotion"},{"floor":36,"key":"SpeedPotion"},{"floor":38,"key":"Explosive Potion"},{"floor":45,"key":"SkillPotion"},{"floor":46,"key":"GamblersBrew"},{"floor":47,"key":"EssenceOfSteel"}],"is_trial":false,"path_per_floor":["?","?","M","T","?","?","?","?","?","M","?","?","M"],"character_chosen":"THE_SILENT","items_purchased":["Noxious Fumes"],"campfire_rested":3,"item_purchase_floors":[21],"current_hp_per_floor":[70,70,70,65,64,64,18,9,9,7,17,41,12,12,36,7,80,74,74,73,73,73,73,79,47,47,47,47,47,47,47,47,19,92,92,71,71,71,71,71,67,67,67,67,43,5,4,2,29,0],"gold":513,"neow_bonus":"RANDOM_COMMON_RELIC","is_prod":false,"is_daily":false,"chose_seed":false,"campfire_upgraded":7,"win_rate":0,"timestamp":1562585734,"path_taken":["M","?","?","M","?","R","E","M","T","M","?","R","E","?","R","BOSS","M","?","M","$","?","R","?","E","T","R","E","?","R","?","R","BOSS","M","?","?","M","M","R","M","R","T","R","M","E","?","M","R","BOSS"],"build_version":"2019-01-23","purchased_purges":1,"victory":false,"max_hp_per_floor":[70,70,70,70,70,70,70,70,70,70,80,80,80,80,80,80,80,80,80,80,80,80,80,86,86,86,86,86,86,86,86,86,86,92,92,92,92,92,92,92,92,92,92,92,92,92,92,92,92,92],"card_choices":[{"not_picked":["Dagger Throw","Backstab"],"picked":"Dagger Spray","floor":1},{"not_picked":["Sucker Punch","Slice"],"picked":"Crippling Poison","floor":4},{"not_picked":["Blur","Slice"],"picked":"Dodge and Roll","floor":5},{"not_picked":["Dagger Throw","Accuracy"],"picked":"Backflip","floor":7},{"not_picked":["Backflip","Concentrate"],"picked":"PiercingWail","floor":8},{"not_picked":["Backflip","Deadly Poison"],"picked":"Noxious Fumes","floor":10},{"not_picked":["Bane","Burst"],"picked":"Dash","floor":13},{"not_picked":["A Thousand Cuts","Wraith Form v2"],"picked":"Adrenaline","floor":16},{"not_picked":[],"picked":"PiercingWail","floor":18},{"not_picked":["Accuracy"],"picked":"SKIP","floor":20},{"not_picked":[],"picked":"Cloak And Dagger","floor":25},{"not_picked":[],"picked":"Backstab","floor":28},{"not_picked":[],"picked":"Poisoned Stab+1","floor":31},{"not_picked":[],"picked":"Bullet Time","floor":33},{"not_picked":["Tactician"],"picked":"SKIP","floor":35},{"not_picked":[],"picked":"Prepared","floor":36},{"not_picked":["Deflect"],"picked":"SKIP","floor":38},{"not_picked":["Choke+1"],"picked":"SKIP","floor":39},{"not_picked":["Flying Knee+1"],"picked":"SKIP","floor":41},{"not_picked":[],"picked":"Deadly Poison+1","floor":45},{"not_picked":["Outmaneuver+1"],"picked":"SKIP","floor":46},{"not_picked":["Concentrate"],"picked":"SKIP","floor":47},{"not_picked":[],"picked":"Backstab+1","floor":48}],"player_experience":986243,"relics_obtained":[{"floor":7,"key":"Darkstone Periapt"},{"floor":9,"key":"Shuriken"},{"floor":11,"key":"Pear"},{"floor":13,"key":"Tingsha"},{"floor":25,"key":"Dodecahedron"},{"floor":26,"key":"Centennial Puzzle"},{"floor":28,"key":"Molten Egg 2"},{"floor":36,"key":"Tough Bandages"},{"floor":46,"key":"Art of War"}],"event_choices":[{"cards_removed":["Strike_G"],"damage_healed":0,"gold_gain":0,"player_choice":"Card Removal","damage_taken":0,"max_hp_gain":0,"max_hp_loss":0,"event_name":"The Cleric","floor":2,"gold_loss":50},{"damage_healed":0,"gold_gain":0,"player_choice":"Ignored","damage_taken":0,"max_hp_gain":0,"max_hp_loss":0,"event_name":"NoteForYourself","floor":3,"gold_loss":0},{"damage_healed":0,"gold_gain":0,"player_choice":"Bought 3 Potions","damage_taken":0,"max_hp_gain":0,"max_hp_loss":0,"event_name":"The Woman in Blue","floor":14,"gold_loss":0},{"cards_removed":["Strike_G"],"damage_healed":0,"gold_gain":0,"player_choice":"Gave Gold","damage_taken":0,"max_hp_gain":0,"max_hp_loss":0,"event_name":"Beggar","floor":19,"gold_loss":75},{"damage_healed":0,"gold_gain":0,"player_choice":"Read","damage_taken":0,"max_hp_gain":0,"max_hp_loss":0,"event_name":"The Library","floor":22,"gold_loss":0,"cards_obtained":["Cloak And Dagger"]},{"damage_healed":0,"gold_gain":0,"player_choice":"Opened","damage_taken":0,"relics_obtained":["Orichalcum"],"max_hp_gain":0,"max_hp_loss":0,"event_name":"The Mausoleum","floor":24,"gold_loss":0,"cards_obtained":["Writhe"]},{"damage_healed":0,"gold_gain":0,"player_choice":"Upgraded","damage_taken":0,"max_hp_gain":0,"max_hp_loss":0,"event_name":"Upgrade Shrine","floor":29,"gold_loss":0,"cards_upgraded":["Cloak And Dagger"]},{"damage_healed":0,"gold_gain":0,"player_choice":"Fight","damage_taken":0,"max_hp_gain":0,"max_hp_loss":0,"event_name":"MindBloom","floor":36,"gold_loss":0},{"damage_healed":0,"gold_gain":0,"player_choice":"Gave Potion","damage_taken":0,"relics_obtained":["Potion Belt"],"max_hp_gain":0,"max_hp_loss":0,"event_name":"WeMeetAgain","floor":37,"gold_loss":0}],"is_beta":false,"boss_relics":[{"not_picked":["Ectoplasm","Philosopher\u0027s Stone"],"picked":"Busted Crown"},{"not_picked":["Orrery","WristBlade"],"picked":"Astrolabe"}],"items_purged_floors":[21],"is_endless":false,"potions_floor_spawned":[4,8,16,20,25,28,36,38,45,46,47],"killed_by":"Donu and Deca","ascension_level":1}