{"gold_per_floor":[119,119,119,134,154,180,207,246,258,284,314,326,71,86,86,86],"floor_reached":16,"playtime":861,"items_purged":["Strike_B"],"score":114,"play_id":"481cbc06-c3f2-4503-8fff-8ffb0b508972","local_time":"20190723225026","is_ascension_mode":false,"campfire_choices":[{"floor":12,"key":"REST"},{"data":"Zap","floor":15,"key":"SMITH"}],"neow_cost":"NONE","seed_source_timestamp":2938020960782900,"circlet_count":0,"master_deck":["Strike_B","Strike_B","Defend_B","Defend_B","Defend_B","Defend_B","Zap+1","Dualcast","Sweeping Beam","Barrage","Go for the Eyes","Gash","Go for the Eyes","Skim","Sweeping Beam","Go for the Eyes","Ball Lightning","Leap"],"relics":["Cracked Core","NeowsBlessing","MawBank","Dodecahedron","Darkstone Periapt","Anchor"],"potions_floor_usage":[8,8,16,16,16],"damage_taken":[{"damage":0,"enemies":"Cultist","floor":1,"turns":1},{"damage":0,"enemies":"Small Slimes","floor":4,"turns":1},{"damage":0,"enemies":"2 Louse","floor":5,"turns":1},{"damage":41,"enemies":"Gremlin Nob","floor":6,"turns":5},{"damage":14,"enemies":"Exordium Thugs","floor":7,"turns":4},{"damage":11,"enemies":"Lagavulin","floor":8,"turns":5},{"damage":9,"enemies":"2 Fungi Beasts","floor":10,"turns":3},{"damage":4,"enemies":"Blue Slaver","floor":11,"turns":3},{"damage":0,"enemies":"3 Louse","floor":14,"turns":2},{"damage":27,"enemies":"Hexaghost","floor":16,"turns":9}],"seed_played":"-1632411385136155983","potions_obtained":[{"floor":1,"key":"Swift Potion"},{"floor":5,"key":"FearPotion"},{"floor":6,"key":"Poison Potion"},{"floor":11,"key":"Dexterity Potion"},{"floor":14,"key":"GamblersBrew"}],"is_trial":false,"path_per_floor":["M","?","?","M","M","E","M","E","T","M","M","R","$","M","R","B"],"character_chosen":"DEFECT","items_purchased":["Anchor","Ball Lightning"],"campfire_rested":1,"item_purchase_floors":[13,13],"current_hp_per_floor":[75,80,80,80,80,39,25,14,14,5,1,25,25,25,25,0],"gold":86,"neow_bonus":"THREE_ENEMY_KILL","is_prod":false,"is_daily":false,"chose_seed":false,"campfire_upgraded":1,"win_rate":0,"timestamp":1563947426,"path_taken":["M","?","?","M","M","E","M","E","T","?","?","R","$","M","R","BOSS"],"build_version":"2019-07-17","purchased_purges":1,"victory":false,"max_hp_per_floor":[75,80,80,80,80,80,80,80,80,80,80,80,80,80,80,80],"card_choices":[{"not_picked":["Heatsinks","Coolheaded"],"picked":"Sweeping Beam","floor":1},{"not_picked":["Force Field","Streamline"],"picked":"Barrage","floor":4},{"not_picked":["Cold Snap","Steam"],"picked":"Go for the Eyes","floor":5},{"not_picked":["Turbo","FTL"],"picked":"Gash","floor":6},{"not_picked":["Reprogram","Self Repair"],"picked":"Go for the Eyes","floor":7},{"not_picked":["Thunder Strike","Turbo"],"picked":"Skim","floor":8},{"not_picked":["Sunder","Turbo"],"picked":"Sweeping Beam","floor":10},{"not_picked":["Genetic Algorithm","Tempest"],"picked":"Go for the Eyes","floor":11},{"not_picked":["Reprogram","Genetic Algorithm"],"picked":"Leap","floor":14}],"player_experience":65678,"relics_obtained":[{"floor":6,"key":"MawBank"},{"floor":8,"key":"Dodecahedron"},{"floor":9,"key":"Darkstone Periapt"}],"event_choices":[{"damage_healed":0,"gold_gain":0,"player_choice":"Donut","damage_taken":0,"max_hp_gain":5,"max_hp_loss":0,"event_name":"Big Fish","floor":2,"gold_loss":0},{"cards_removed":["Strike_B"],"damage_healed":0,"gold_gain":0,"player_choice":"Offered Basic","damage_taken":0,"max_hp_gain":0,"max_hp_loss":0,"event_name":"Bonfire Elementals","floor":3,"gold_loss":0}],"is_beta":false,"boss_relics":[],"items_purged_floors":[13],"is_endless":false,"potions_floor_spawned":[1,5,6,11,14],"killed_by":"Hexaghost","ascension_level":0}