{"gold_per_floor":[115,131,145,145,145,145,173,173,173,173,190,265,300,319,319,415,415,429,277,246,262,177,177,276,276,276,292,302,302,302,322,322,420,420,433,433,282,282,296,296,314,314,339,339,352,367,287,306,306,306],"floor_reached":51,"playtime":5155,"items_purged":[],"score":659,"play_id":"e5551311-3d4f-43d7-99e7-bb78efb38cb1","local_time":"20190125002753","is_ascension_mode":false,"campfire_choices":[{"data":"Armaments","floor":6.0,"key":"SMITH"},{"floor":15.0,"key":"REST"},{"floor":23.0,"key":"REST"},{"floor":25.0,"key":"REST"},{"floor":30.0,"key":"REST"},{"floor":32.0,"key":"REST"},{"floor":40,"key":"REST"},{"data":"Demon Form","floor":42,"key":"SMITH"},{"floor":44,"key":"REST"},{"floor":49,"key":"REST"}],"neow_cost":"","seed_source_timestamp":0,"circlet_count":0,"master_deck":["Strike_R","Strike_R","Strike_R","Strike_R","Strike_R","Defend_R","Defend_R","Defend_R","Defend_R","Bash","Armaments+1","Armaments+1","Dropkick","Uppercut","Combust","Juggernaut","Pommel Strike+1","Rage","Perfected Strike+1","Writhe","Demon Form+1","Armaments+1","Clothesline+1","Uppercut+1","Demon Form","Metallicize+1"],"special_seed":0,"relics":["Burning Blood","Ginger","Paper Frog","Mango","Shuriken","Lizard Tail","Bag of Preparation","Thread and Needle","Mercury Hourglass","Pear","Snecko Eye","Oddly Smooth Stone","Bronze Scales"],"potions_floor_usage":[48,50,50],"damage_taken":[{"damage":1.0,"enemies":"Cultist","floor":1.0,"turns":3.0},{"damage":4.0,"enemies":"Jaw Worm","floor":2.0,"turns":5.0},{"damage":0.0,"enemies":"Small Slimes","floor":3.0,"turns":3.0},{"damage":28.0,"enemies":"Lagavulin","floor":7.0,"turns":10.0},{"damage":3.0,"enemies":"Red Slaver","floor":11.0,"turns":5.0},{"damage":31.0,"enemies":"Gremlin Nob","floor":13.0,"turns":5.0},{"damage":16.0,"enemies":"Exordium Wildlife","floor":14.0,"turns":4.0},{"damage":54.0,"enemies":"The Guardian","floor":16.0,"turns":9.0},{"damage":31.0,"enemies":"Chosen","floor":18.0,"turns":6.0},{"damage":25.0,"enemies":"2 Thieves","floor":20.0,"turns":5.0},{"damage":35.0,"enemies":"Centurion and Healer","floor":21.0,"turns":11.0},{"damage":7.0,"enemies":"Chosen and Byrds","floor":27.0,"turns":5.0},{"damage":54.0,"enemies":"Sentry and Sphere","floor":28.0,"turns":7.0},{"damage":30.0,"enemies":"Snake Plant","floor":31.0,"turns":4.0},{"damage":122.0,"enemies":"Champ","floor":33.0,"turns":15.0},{"damage":5.0,"enemies":"3 Shapes","floor":35.0,"turns":4.0},{"damage":50,"enemies":"3 Darklings","floor":39,"turns":6},{"damage":46,"enemies":"Jaw Worm Horde","floor":41,"turns":4},{"damage":26,"enemies":"Spire Growth","floor":45,"turns":5},{"damage":27,"enemies":"Sphere and 2 Shapes","floor":46,"turns":4},{"damage":23,"enemies":"Jaw Worm Horde","floor":48,"turns":4},{"damage":37,"enemies":"Awakened One","floor":50,"turns":7}],"seed_played":"3726010077549295169","potions_obtained":[{"floor":1.0,"key":"Energy Potion"},{"floor":3.0,"key":"BloodPotion"},{"floor":7.0,"key":"SpeedPotion"},{"floor":10.0,"key":"Ancient Potion"},{"floor":18.0,"key":"PowerPotion"},{"floor":27.0,"key":"Ancient Potion"},{"floor":28.0,"key":"Weak Potion"},{"floor":31.0,"key":"Weak Potion"},{"floor":33.0,"key":"EssenceOfSteel"},{"floor":35.0,"key":"Swift Potion"},{"floor":41,"key":"SpeedPotion"},{"floor":46,"key":"BloodPotion"}],"is_trial":false,"path_per_floor":["M","M","M","?","?","R","E","T","T","?","M","?","E","M","R","B",null,"M","$","M","M","?","R","?","R","T","M","M","?","R","M","R","B",null,"M","?","$","?","M","R","M","R","T","R","M","M","$","M","R","B",null],"character_chosen":"IRONCLAD","items_purchased":["Bag of Preparation","Oddly Smooth Stone","Demon Form"],"campfire_rested":8,"item_purchase_floors":[19,37,47],"current_hp_per_floor":[80,80,80,80,80,80,58,58,72,72,75,64,39,29,57,18,94,69,69,50,21,21,49,49,77,77,76,28,38,69,45,76,24,104,104,99,99,99,55,84,44,44,44,73,53,32,32,24,53,22],"gold":306,"neow_bonus":"","is_prod":false,"is_daily":false,"chose_seed":false,"campfire_upgraded":2,"win_rate":0.0,"timestamp":1548404873,"path_taken":["M","M","M","?","?","R","E","?","T","?","?","?","E","M","R","BOSS","M","$","M","M","?","R","?","R","T","M","M","?","R","M","R","BOSS","M","?","$","?","M","R","M","R","T","R","M","M","$","M","R","BOSS"],"build_version":"2019-01-23","purchased_purges":0,"victory":true,"max_hp_per_floor":[80,80,80,80,80,80,80,80,94,94,94,94,94,94,94,94,94,94,94,94,94,94,94,94,94,94,94,94,104,104,104,104,104,104,104,99,99,99,99,99,99,99,99,99,99,99,99,99,99,99],"card_choices":[{"not_picked":["Seeing Red","Shrug It Off"],"picked":"Armaments","floor":1.0},{"not_picked":["Ghostly Armor","Sword Boomerang"],"picked":"Armaments","floor":2.0},{"not_picked":["Twin Strike","True Grit","Sever Soul"],"picked":"SKIP","floor":3.0},{"not_picked":["Whirlwind","Twin Strike"],"picked":"Dropkick","floor":7.0},{"not_picked":["Entrench","Thunderclap"],"picked":"Uppercut","floor":11.0},{"not_picked":["Thunderclap","Sever Soul"],"picked":"Combust","floor":13.0},{"not_picked":["Dropkick","Feel No Pain","Intimidate"],"picked":"SKIP","floor":14.0},{"not_picked":["Dark Embrace","Double Tap"],"picked":"Juggernaut","floor":16.0},{"not_picked":["Second Wind","Rage"],"picked":"Pommel Strike+1","floor":18.0},{"not_picked":["Twin Strike","Sword Boomerang+1","Warcry+1"],"picked":"SKIP","floor":20.0},{"not_picked":["Inflame","Warcry+1"],"picked":"Rage","floor":21.0},{"not_picked":["Rampage","Iron Wave","Clothesline"],"picked":"SKIP","floor":27.0},{"not_picked":["Sword Boomerang","Body Slam+1"],"picked":"Perfected Strike+1","floor":28.0},{"not_picked":["Second Wind","Pommel Strike"],"picked":"Infernal Blade+1","floor":31.0},{"not_picked":["Fiend Fire","Reaper"],"picked":"Demon Form","floor":33.0},{"not_picked":["Anger+1","Rupture+1"],"picked":"Armaments+1","floor":35.0},{"not_picked":["Hemokinesis","Dropkick","Rupture+1"],"picked":"SKIP","floor":39},{"not_picked":["Second Wind","Warcry"],"picked":"Clothesline+1","floor":41},{"not_picked":["Reckless Charge","Pommel Strike+1"],"picked":"Uppercut+1","floor":45},{"not_picked":["Feel No Pain+1","Sword Boomerang","Twin Strike"],"picked":"SKIP","floor":46},{"not_picked":["Headbutt","Armaments"],"picked":"Metallicize+1","floor":48}],"player_experience":0,"relics_obtained":[{"floor":7.0,"key":"Ginger"},{"floor":8.0,"key":"Paper Frog"},{"floor":9.0,"key":"Mango"},{"floor":13.0,"key":"Shuriken"},{"floor":26.0,"key":"Mercury Hourglass"},{"floor":43,"key":"Bronze Scales"}],"event_choices":[{"damage_healed":0.0,"max_hp_gain":0.0,"max_hp_loss":0.0,"gold_gain":0.0,"event_name":"Golden Wing","player_choice":"Ignored","floor":4.0,"gold_loss":0.0,"damage_taken":0.0},{"damage_healed":0.0,"max_hp_gain":0.0,"max_hp_loss":0.0,"gold_gain":0.0,"event_name":"Living Wall","player_choice":"Grow","floor":5.0,"gold_loss":0.0,"damage_taken":0.0,"cards_upgraded":["Armaments"]},{"damage_healed":0.0,"max_hp_gain":0.0,"max_hp_loss":0.0,"gold_gain":0.0,"event_name":"Lab","player_choice":"Got Potions","floor":10.0,"gold_loss":0.0,"damage_taken":0.0},{"damage_healed":0.0,"max_hp_gain":0.0,"max_hp_loss":0.0,"gold_gain":75.0,"event_name":"World of Goop","player_choice":"Gather Gold","floor":12.0,"gold_loss":0.0,"damage_taken":11.0},{"damage_healed":0.0,"max_hp_gain":0.0,"max_hp_loss":0.0,"gold_gain":0.0,"event_name":"Addict","player_choice":"Obtained Relic","floor":22.0,"gold_loss":85.0,"damage_taken":0.0,"relics_obtained":["Thread and Needle"]},{"damage_healed":0.0,"max_hp_gain":0.0,"max_hp_loss":0.0,"gold_gain":99.0,"event_name":"Nest","player_choice":"Stole From Cult","floor":24.0,"gold_loss":0.0,"damage_taken":0.0},{"damage_healed":0.0,"max_hp_gain":0.0,"max_hp_loss":0.0,"gold_gain":0.0,"event_name":"The Mausoleum","player_choice":"Opened","floor":29.0,"gold_loss":0.0,"damage_taken":0.0,"relics_obtained":["Pear"],"cards_obtained":["Writhe"]},{"damage_healed":0.0,"max_hp_gain":0.0,"max_hp_loss":5.0,"gold_gain":0.0,"event_name":"Winding Halls","player_choice":"Max HP","floor":36.0,"gold_loss":0.0,"damage_taken":0.0},{"cards_removed":["Infernal Blade"],"damage_healed":0,"gold_gain":0,"player_choice":"Removed Skill","damage_taken":0,"max_hp_gain":0,"max_hp_loss":0,"event_name":"Falling","floor":38,"gold_loss":0}],"is_beta":false,"boss_relics":[{"not_picked":["Ectoplasm","Empty Cage"],"picked":"Lizard Tail"},{"not_picked":["Velvet Choker","White Beast Statue"],"picked":"Snecko Eye"}],"items_purged_floors":[],"is_endless":false,"potions_floor_spawned":[1,3,7,14,18,27,28,31,33,35,41,46],"ascension_level":0}