{"gold_per_floor":[209,209,134,40,65,65,104,104,104,142,142,180,216,239,239,330,330,355,199,249,249,273,304,304,343,343,343,323,323,323,344,344,439,439,460,479,1478,658,681,717,717,717,717,751,751,772,772,795,795,795,795,795,795,90,90],"floor_reached":55,"playtime":3299,"items_purged":["Strike_B","Defend_B","Defend_B"],"score":2029,"play_id":"9a356d4a-8986-4c37-9bb7-86ba5cdc38b4","local_time":"20190724102657","is_ascension_mode":true,"campfire_choices":[{"floor":6.0,"key":"REST"},{"floor":8.0,"key":"REST"},{"floor":11.0,"key":"REST"},{"floor":15.0,"key":"REST"},{"data":"Double Energy","floor":24.0,"key":"SMITH"},{"data":"Defragment","floor":27.0,"key":"SMITH"},{"data":"Ghostly","floor":30.0,"key":"SMITH"},{"data":"Ghostly","floor":32.0,"key":"SMITH"},{"data":"Ghostly","floor":42.0,"key":"SMITH"},{"floor":45.0,"key":"RECALL"},{"data":"Defragment","floor":49.0,"key":"SMITH"},{"data":"Capacitor","floor":53,"key":"SMITH"}],"neow_cost":"NONE","seed_source_timestamp":0,"circlet_count":0,"master_deck":["AscendersBane","Dualcast+1","Beam Cell","Ball Lightning","FTL","Ball Lightning","Conserve Battery+1","Electrodynamics","Capacitor+1","Defragment+1","Glacier","Defragment+1","Thunder Strike","Conserve Battery","Double Energy+1","Tempest+1","Auto Shields+1","Ghostly+1","Ghostly+1","Ghostly+1","Core Surge","Capacitor","Go for the Eyes+1","Madness+1","Madness+1","Redo+1","Double Energy+1","Static Discharge","Coolheaded+1"],"special_seed":0,"relics":["Cracked Core","Golden Idol","Juzu Bracelet","Bird Faced Urn","Boot","Oddly Smooth Stone","Odd Mushroom","Runic Pyramid","Omamori","Lantern","Matryoshka","Empty Cage","Bottled Lightning","Lee\u0027s Waffle","Blood Vial","Gremlin Horn","Shuriken","Toxic Egg 2","War Paint","Anchor"],"potions_floor_usage":[51,55],"damage_taken":[{"damage":4.0,"enemies":"Jaw Worm","floor":1.0,"turns":4.0},{"damage":0.0,"enemies":"2 Louse","floor":5.0,"turns":2.0},{"damage":31.0,"enemies":"Gremlin Nob","floor":7.0,"turns":4.0},{"damage":23.0,"enemies":"Lagavulin","floor":10.0,"turns":6.0},{"damage":31.0,"enemies":"Gremlin Nob","floor":12.0,"turns":4.0},{"damage":0.0,"enemies":"The Mushroom Lair","floor":13.0,"turns":2.0},{"damage":0.0,"enemies":"Cultist","floor":14.0,"turns":3.0},{"damage":0.0,"enemies":"Slime Boss","floor":16.0,"turns":5.0},{"damage":13.0,"enemies":"Spheric Guardian","floor":18.0,"turns":5.0},{"damage":0.0,"enemies":"3 Byrds","floor":22.0,"turns":2.0},{"damage":22.0,"enemies":"Gremlin Leader","floor":23.0,"turns":6.0},{"damage":21.0,"enemies":"Book of Stabbing","floor":25.0,"turns":4.0},{"damage":4.0,"enemies":"Snake Plant","floor":31.0,"turns":4.0},{"damage":2.0,"enemies":"Champ","floor":33.0,"turns":11.0},{"damage":5.0,"enemies":"3 Shapes","floor":35.0,"turns":5.0},{"damage":3.0,"enemies":"Orb Walker","floor":36.0,"turns":4.0},{"damage":0.0,"enemies":"Spire Growth","floor":39.0,"turns":4.0},{"damage":0.0,"enemies":"Nemesis","floor":40.0,"turns":7.0},{"damage":2.0,"enemies":"Reptomancer","floor":44.0,"turns":4.0},{"damage":1.0,"enemies":"Maw","floor":46.0,"turns":7.0},{"damage":2.0,"enemies":"Jaw Worm Horde","floor":48.0,"turns":4.0},{"damage":12.0,"enemies":"Time Eater","floor":50.0,"turns":11.0},{"damage":41,"enemies":"Donu and Deca","floor":51,"turns":12},{"damage":55,"enemies":"Shield and Spear","floor":55,"turns":5}],"seed_played":"-5870707952367476791","potions_obtained":[{"floor":5.0,"key":"SteroidPotion"},{"floor":12.0,"key":"Ancient Potion"},{"floor":16.0,"key":"Explosive Potion"},{"floor":28.0,"key":"EssenceOfSteel"},{"floor":33.0,"key":"AttackPotion"},{"floor":40.0,"key":"Energy Potion"}],"is_trial":false,"path_per_floor":["M","?","?","$","M","R","E","R","T","E","R","E","?","M","R","B",null,"M","$","?","?","M","E","R","E","T","R","?","?","R","M","R","B",null,"M","M","?","$","M","E","?","R","T","E","R","M","?","M","R","B","B",null,"R","$","E"],"character_chosen":"DEFECT","items_purchased":["Ball Lightning","FTL","Defragment","Bottled Lightning","Lee\u0027s Waffle","Blood Vial","Capacitor","War Paint","Anchor","Double Energy+1","Static Discharge","Regen Potion","Coolheaded+1"],"campfire_rested":4,"item_purchase_floors":[4,4,19,38,38,38,38,54,54,54,54,54,54],"current_hp_per_floor":[60,36,36,36,36,57,26,47,47,24,45,14,16,18,39,45,65,58,58,58,58,62,48,48,33,33,33,33,33,33,35,35,35,35,35,35,35,42,42,42,42,42,42,42,42,42,34,42,42,38,7,33,33,33,0],"gold":90,"neow_bonus":"HUNDRED_GOLD","is_prod":false,"is_daily":false,"chose_seed":false,"campfire_upgraded":7,"win_rate":0,"timestamp":1563989217,"path_taken":["M","?","?","?","?","R","E","R","T","E","R","E","?","M","R","BOSS","M","$","?","?","M","E","R","E","T","R","?","?","R","M","R","BOSS","M","M","?","$","M","E","?","R","T","E","R","M","?","M","R","BOSS","BOSS","R","$","E"],"build_version":"2019-07-17","purchased_purges":3,"victory":false,"max_hp_per_floor":[71,71,71,71,71,71,71,71,71,71,71,71,71,71,71,71,71,71,71,71,71,71,71,71,71,71,71,71,35,35,35,35,35,35,35,35,35,42,42,42,42,42,42,42,42,42,42,42,42,42,42,42,42,42,42],"card_choices":[{"not_picked":["Coolheaded","Go for the Eyes"],"picked":"Beam Cell","floor":1.0},{"not_picked":["Conserve Battery","Coolheaded"],"picked":"Ball Lightning","floor":5.0},{"not_picked":["Fusion","Stack"],"picked":"Conserve Battery","floor":7.0},{"not_picked":["Steam Power","Skim"],"picked":"Electrodynamics","floor":10.0},{"not_picked":["Conserve Battery","Go for the Eyes"],"picked":"Capacitor","floor":12.0},{"not_picked":["Rebound","Turbo"],"picked":"Defragment","floor":13.0},{"not_picked":["Turbo","Force Field","Beam Cell"],"picked":"SKIP","floor":14.0},{"not_picked":["Reinforced Body","Consume"],"picked":"Glacier","floor":18.0},{"not_picked":["Redo","Darkness+1"],"picked":"Double Energy","floor":22.0},{"not_picked":["Steam","Force Field"],"picked":"Tempest+1","floor":23.0},{"not_picked":["Ball Lightning","Undo"],"picked":"Auto Shields+1","floor":25.0},{"not_picked":["Gash","Compile Driver","Cold Snap"],"picked":"SKIP","floor":31.0},{"not_picked":["Electrodynamics","Amplify"],"picked":"Core Surge","floor":33.0},{"not_picked":["Fusion","Scrape+1","Conserve Battery"],"picked":"SKIP","floor":35.0},{"not_picked":["Leap","Compile Driver","Beam Cell"],"picked":"SKIP","floor":36.0},{"not_picked":["Hologram","Barrage","Turbo"],"picked":"SKIP","floor":39.0},{"not_picked":["Redo","Reboot"],"picked":"Go for the Eyes+1","floor":40.0},{"not_picked":["Skim","Undo+1","Lockon"],"picked":"SKIP","floor":44.0},{"not_picked":["Skim","Undo+1","Lockon"],"picked":"SKIP","floor":44.0},{"not_picked":["Beam Cell+1","Barrage+1","Stack+1"],"picked":"SKIP","floor":46.0},{"not_picked":["Gash","Leap+1"],"picked":"Redo+1","floor":48.0}],"player_experience":1024000,"relics_obtained":[{"floor":7.0,"key":"Juzu Bracelet"},{"floor":9.0,"key":"Bird Faced Urn"},{"floor":10.0,"key":"Boot"},{"floor":12.0,"key":"Oddly Smooth Stone"},{"floor":13.0,"key":"Odd Mushroom"},{"floor":23.0,"key":"Omamori"},{"floor":25.0,"key":"Lantern"},{"floor":26.0,"key":"Matryoshka"},{"floor":40.0,"key":"Gremlin Horn"},{"floor":43.0,"key":"Shuriken"},{"floor":44.0,"key":"Toxic Egg 2"}],"event_choices":[{"damage_healed":0.0,"max_hp_gain":0.0,"max_hp_loss":0.0,"gold_gain":0.0,"event_name":"Golden Idol","player_choice":"Take Damage","floor":2.0,"gold_loss":0.0,"damage_taken":24.0,"relics_obtained":["Golden Idol"]},{"cards_removed":["Strike_B"],"damage_healed":0.0,"max_hp_gain":0.0,"max_hp_loss":0.0,"gold_gain":0.0,"event_name":"The Cleric","player_choice":"Card Removal","floor":3.0,"gold_loss":75.0,"damage_taken":0.0},{"damage_healed":0.0,"max_hp_gain":0.0,"max_hp_loss":0.0,"gold_gain":0.0,"event_name":"Mushrooms","player_choice":"Fought Mushrooms","floor":13.0,"gold_loss":0.0,"damage_taken":0.0},{"damage_healed":0.0,"max_hp_gain":0.0,"max_hp_loss":0.0,"gold_gain":50.0,"event_name":"Golden Shrine","player_choice":"Pray","floor":20.0,"gold_loss":0.0,"damage_taken":0.0},{"damage_healed":0.0,"max_hp_gain":0.0,"max_hp_loss":0.0,"gold_gain":0.0,"cards_transformed":["Strike_B","Strike_B"],"event_name":"Drug Dealer","player_choice":"Became Test Subject","floor":21.0,"gold_loss":0.0,"damage_taken":0.0,"cards_obtained":["Thunder Strike","Conserve Battery"]},{"damage_healed":0.0,"max_hp_gain":0.0,"max_hp_loss":0.0,"gold_gain":0.0,"event_name":"The Woman in Blue","player_choice":"Bought 1 Potion","floor":28.0,"gold_loss":0.0,"damage_taken":0.0},{"damage_healed":0.0,"max_hp_gain":0.0,"max_hp_loss":36.0,"gold_gain":0.0,"event_name":"Ghosts","player_choice":"Became a Ghost","floor":29.0,"gold_loss":0.0,"damage_taken":0.0,"cards_obtained":["Ghostly","Ghostly","Ghostly"]},{"damage_healed":0.0,"max_hp_gain":0.0,"max_hp_loss":0.0,"gold_gain":999.0,"event_name":"MindBloom","player_choice":"Gold","floor":37.0,"gold_loss":0.0,"damage_taken":0.0,"cards_obtained":["Normality","Normality"]},{"cards_removed":["Zap"],"damage_healed":0.0,"max_hp_gain":0.0,"max_hp_loss":0.0,"gold_gain":0.0,"event_name":"Falling","player_choice":"Removed Skill","floor":41.0,"gold_loss":0.0,"damage_taken":0.0},{"damage_healed":0.0,"max_hp_gain":0.0,"max_hp_loss":0.0,"gold_gain":0.0,"event_name":"Winding Halls","player_choice":"Embrace Madness","floor":47.0,"gold_loss":0.0,"damage_taken":8.0,"cards_obtained":["Madness","Madness"]}],"is_beta":false,"boss_relics":[{"not_picked":["Snecko Eye","Astrolabe"],"picked":"Runic Pyramid"},{"not_picked":["Fusion Hammer","Tiny House"],"picked":"Empty Cage"}],"items_purged_floors":[19,38,54],"is_endless":false,"potions_floor_spawned":[5,12,16,18,23,33,40,44,48],"killed_by":"Shield and Spear","ascension_level":20}