{"gold_per_floor":[109,178,178,15,29,29,47,75,75,75,86,86,113,128,128,224,224,240,260,284,298,314,314,346,357,384,384,316,351,367,467,467,563,563,575,300,315,60,60,91,107,107,131,131,141,152,152],"floor_reached":47,"playtime":3327,"items_purged":["Strike_R"],"score":557,"play_id":"82c2b940-062e-496b-a30c-c703392603bd","local_time":"20190721012204","is_ascension_mode":false,"campfire_choices":[{"data":"Apotheosis","floor":6.0,"key":"SMITH"},{"data":"1","floor":10.0,"key":"LIFT"},{"data":"2","floor":12.0,"key":"LIFT"},{"floor":15.0,"key":"REST"},{"floor":23.0,"key":"REST"},{"floor":32,"key":"REST"},{"floor":42,"key":"REST"}],"neow_cost":"TEN_PERCENT_HP_LOSS","seed_source_timestamp":217839222979698,"circlet_count":0,"master_deck":["Strike_R","Strike_R","Strike_R","Strike_R","Strike_R","Defend_R","Defend_R","Defend_R+1","Defend_R","Bash","Apotheosis+1","Shrug It Off","Secret Technique","Shockwave","Dropkick","Spot Weakness","Dual Wield","Demon Form","Feed","Limit Break","Sword Boomerang+1","Limit Break","Intimidate+1","Sword Boomerang+1","Heavy Blade+1"],"special_seed":0,"relics":["Burning Blood","Question Card","Girya","Shuriken","Pen Nib","Lizard Tail","Strawberry","Self Forming Clay","Omamori","Bronze Scales","Tiny House","MealTicket","Molten Egg 2","Pear","Vajra"],"potions_floor_usage":[30,45,46],"damage_taken":[{"damage":1.0,"enemies":"Cultist","floor":1.0,"turns":4.0},{"damage":0.0,"enemies":"2 Louse","floor":5.0,"turns":3.0},{"damage":0.0,"enemies":"Small Slimes","floor":7.0,"turns":3.0},{"damage":10.0,"enemies":"Lagavulin","floor":8.0,"turns":7.0},{"damage":5.0,"enemies":"Gremlin Gang","floor":11.0,"turns":6.0},{"damage":29.0,"enemies":"Gremlin Nob","floor":13.0,"turns":4.0},{"damage":13.0,"enemies":"Red Slaver","floor":14.0,"turns":2.0},{"damage":35.0,"enemies":"Slime Boss","floor":16.0,"turns":5.0},{"damage":22.0,"enemies":"Chosen","floor":18.0,"turns":6.0},{"damage":23.0,"enemies":"3 Byrds","floor":19.0,"turns":6.0},{"damage":23.0,"enemies":"Shelled Parasite and Fungi","floor":21.0,"turns":5.0},{"damage":15.0,"enemies":"Snecko","floor":22.0,"turns":5.0},{"damage":40.0,"enemies":"Book of Stabbing","floor":24.0,"turns":6.0},{"damage":19.0,"enemies":"Chosen and Byrds","floor":25.0,"turns":6.0},{"damage":23,"enemies":"Gremlin Leader","floor":29,"turns":7},{"damage":25,"enemies":"Shelled Parasite and Fungi","floor":30,"turns":4},{"damage":13,"enemies":"Champ","floor":33,"turns":7},{"damage":27,"enemies":"Orb Walker","floor":35,"turns":3},{"damage":18,"enemies":"3 Shapes","floor":37,"turns":4},{"damage":58,"enemies":"Nemesis","floor":40,"turns":7},{"damage":15,"enemies":"Maw","floor":41,"turns":6},{"damage":55,"enemies":"Writhing Mass","floor":45,"turns":5},{"damage":28,"enemies":"Jaw Worm Horde","floor":46,"turns":6},{"damage":37,"enemies":"Giant Head","floor":47,"turns":5}],"seed_played":"6470536150848127341","potions_obtained":[{"floor":1.0,"key":"Regen Potion"},{"floor":8.0,"key":"SpeedPotion"},{"floor":13.0,"key":"FearPotion"},{"floor":16.0,"key":"SpeedPotion"},{"floor":18.0,"key":"Fire Potion"},{"floor":22.0,"key":"LiquidBronze"},{"floor":29,"key":"SkillPotion"},{"floor":33,"key":"Poison Potion"},{"floor":40,"key":"Weak Potion"},{"floor":41,"key":"Ancient Potion"},{"floor":45,"key":"GamblersBrew"}],"is_trial":false,"path_per_floor":["M","T","?","$","M","R","M","E","T","R","M","R","E","M","R","B",null,"M","M","T","M","M","R","E","M","T","?","$","E","M","?","R","B",null,"M","$","M","$","$","E","M","R","T","$","M","M","E"],"character_chosen":"IRONCLAD","items_purchased":["Secret Technique","Limit Break","MealTicket","Molten Egg 2"],"campfire_rested":4,"item_purchase_floors":[4,28,36,38],"current_hp_per_floor":[72,72,72,72,72,72,72,68,68,68,69,69,46,39,60,31,72,56,39,46,29,20,43,24,15,15,15,15,41,22,22,46,39,88,67,67,55,70,85,43,38,68,68,83,34,16,0],"gold":152,"neow_bonus":"RANDOM_COLORLESS_2","is_prod":false,"is_daily":false,"chose_seed":false,"campfire_upgraded":1,"win_rate":0,"timestamp":1563697324,"path_taken":["M","?","?","$","M","R","?","E","T","R","M","R","E","M","R","BOSS","M","M","?","M","M","R","E","M","T","?","$","E","M","?","R","BOSS","M","$","?","?","$","E","M","R","T","$","M","M","E"],"build_version":"2019-07-18","purchased_purges":1,"victory":false,"max_hp_per_floor":[72,72,72,72,72,72,72,72,72,72,72,72,72,72,72,72,72,72,72,79,79,79,79,79,83,83,83,83,83,83,83,83,83,88,88,88,88,88,88,98,102,102,102,102,102,106,106],"card_choices":[{"not_picked":["Havoc","Rampage"],"picked":"Shrug It Off","floor":1.0},{"not_picked":["Havoc","Rupture","Body Slam"],"picked":"Shockwave","floor":5.0},{"not_picked":["Twin Strike","Body Slam","True Grit"],"picked":"Dropkick","floor":7.0},{"not_picked":["Corruption","Iron Wave","Sentinel"],"picked":"Barricade","floor":8.0},{"not_picked":["Pommel Strike","Clothesline","Wild Strike"],"picked":"Spot Weakness","floor":11.0},{"not_picked":["Shockwave","Spot Weakness","Twin Strike","Wild Strike"],"picked":"SKIP","floor":13.0},{"not_picked":["Fire Breathing","Headbutt","Shrug It Off"],"picked":"Dual Wield","floor":14.0},{"not_picked":["Dark Embrace","Juggernaut","Double Tap"],"picked":"Demon Form","floor":16.0},{"not_picked":["Iron Wave","Second Wind","Shrug It Off","Corruption"],"picked":"SKIP","floor":18.0},{"not_picked":["Intimidate","Whirlwind","Perfected Strike","Twin Strike"],"picked":"SKIP","floor":19.0},{"not_picked":["True Grit","Feel No Pain+1","Sentinel","Pummel"],"picked":"SKIP","floor":21.0},{"not_picked":["Wild Strike+1","Infernal Blade","Bloodletting","Perfected Strike"],"picked":"SKIP","floor":22.0},{"not_picked":["Iron Wave+1","Body Slam","Wild Strike"],"picked":"Feed","floor":24.0},{"not_picked":["Sword Boomerang","Cleave+1","Shrug It Off","Bloodletting+1"],"picked":"SKIP","floor":25.0},{"not_picked":["Perfected Strike+1","Power Through","Corruption","Rampage"],"picked":"SKIP","floor":29},{"not_picked":["Sever Soul","Clothesline","Ghostly Armor"],"picked":"Sword Boomerang+1","floor":30},{"not_picked":["Feed","Impervious","Fiend Fire"],"picked":"Limit Break","floor":33},{"not_picked":["Sentinel","Armaments+1","Perfected Strike","Dual Wield"],"picked":"SKIP","floor":35},{"not_picked":["Thunderclap","Feel No Pain+1","Cleave+1"],"picked":"Intimidate+1","floor":37},{"not_picked":["Reckless Charge+1","Carnage+1","Fire Breathing+1","Body Slam+1"],"picked":"SKIP","floor":40},{"not_picked":["Infernal Blade+1","Carnage+1","Hemokinesis+1"],"picked":"Sword Boomerang+1","floor":41},{"not_picked":["Twin Strike+1","Bloodletting+1","Sentinel+1","Burning Pact+1"],"picked":"SKIP","floor":45},{"not_picked":["Pummel+1","Seeing Red+1","Intimidate+1"],"picked":"Heavy Blade+1","floor":46}],"player_experience":1152646,"relics_obtained":[{"floor":2.0,"key":"Question Card"},{"floor":8.0,"key":"Girya"},{"floor":9.0,"key":"Shuriken"},{"floor":13.0,"key":"Pen Nib"},{"floor":20.0,"key":"Strawberry"},{"floor":24.0,"key":"Self Forming Clay"},{"floor":26.0,"key":"Omamori"},{"floor":29,"key":"Bronze Scales"},{"floor":40,"key":"Pear"},{"floor":43,"key":"Vajra"}],"event_choices":[{"cards_removed":["Thinking Ahead"],"damage_healed":0.0,"max_hp_gain":0.0,"max_hp_loss":0.0,"gold_gain":0.0,"event_name":"NoteForYourself","player_choice":"Took Card","floor":3.0,"gold_loss":0.0,"damage_taken":0.0,"cards_obtained":["Strike_R"]},{"cards_removed":["Barricade"],"damage_healed":0.0,"max_hp_gain":0.0,"max_hp_loss":0.0,"gold_gain":0.0,"event_name":"Back to Basics","player_choice":"Elegance","floor":27.0,"gold_loss":0.0,"damage_taken":0.0},{"damage_healed":0,"gold_gain":100,"player_choice":"Pray","damage_taken":0,"max_hp_gain":0,"max_hp_loss":0,"event_name":"Golden Shrine","floor":31,"gold_loss":0}],"is_beta":true,"boss_relics":[{"not_picked":["Pandora\u0027s Box","Fusion Hammer"],"picked":"Lizard Tail"},{"not_picked":["Runic Dome","Runic Cube"],"picked":"Tiny House"}],"items_purged_floors":[36],"is_endless":false,"potions_floor_spawned":[1,8,13,14,16,18,19,22,29,33,40,41,45],"killed_by":"Giant Head","ascension_level":0}