{"gold_per_floor":[363,363,373,21,36,36,65,65,91,91,91,119,119,139,139,242,242,255,255,286,186,186,186,202,229,256,256,256,271,304,322,322,417,417,433,433,448,33,44,77,77,112,112,146,146,146,160,194,194,194,194,194,69,102,102],"floor_reached":56,"playtime":6585,"items_purged":["Strike_G","Strike_G","Strike_G"],"score":1649,"play_id":"4aba0bd0-7414-406f-bc33-94b474b6a2ba","local_time":"20190709133344","is_ascension_mode":true,"campfire_choices":[{"data":"Neutralize","floor":6.0,"key":"SMITH"},{"data":"Noxious Fumes","floor":10.0,"key":"SMITH"},{"data":"Footwork","floor":13.0,"key":"SMITH"},{"data":"Well Laid Plans","floor":15.0,"key":"SMITH"},{"data":"Dash","floor":23.0,"key":"SMITH"},{"data":"After Image","floor":28.0,"key":"SMITH"},{"data":"Neutralize","floor":32.0,"key":"SMITH"},{"floor":41.0,"key":"RECALL"},{"floor":45.0,"key":"REST"},{"floor":49,"key":"REST"},{"floor":52,"key":"REST"}],"neow_cost":"PERCENT_DAMAGE","seed_source_timestamp":0,"circlet_count":0,"master_deck":["Defend_G","Defend_G","Defend_G","Defend_G","Defend_G","Strike_G","Survivor","Neutralize+1","Dash+1","Neutralize+1","Cloak And Dagger","Noxious Fumes+1","Footwork+1","PiercingWail","Predator","Well Laid Plans+1","After Image+1","PiercingWail+1","Leg Sweep+1","PiercingWail","Cloak And Dagger","Dodge and Roll+1","Die Die Die","Predator+1","Malaise","Backflip+1","Catalyst+1","Prepared+1","Madness","Madness","Unload","Storm of Steel"],"special_seed":0,"relics":["Ring of the Snake","TwistedFunnel","Oddly Smooth Stone","Boot","Tough Bandages","Philosopher\u0027s Stone","Red Mask","Blue Candle","Potion Belt","Centennial Puzzle","Fusion Hammer","PreservedInsect","Mummified Hand","Juzu Bracelet","Pen Nib","Vajra","Art of War","Strawberry"],"potions_floor_usage":[48,55,55,55,55],"damage_taken":[{"damage":0.0,"enemies":"Jaw Worm","floor":1.0,"turns":4.0},{"damage":0.0,"enemies":"Cultist","floor":3.0,"turns":4.0},{"damage":0.0,"enemies":"Small Slimes","floor":5.0,"turns":3.0},{"damage":8.0,"enemies":"3 Sentries","floor":7.0,"turns":9.0},{"damage":4.0,"enemies":"Gremlin Nob","floor":12.0,"turns":5.0},{"damage":0.0,"enemies":"Looter","floor":14.0,"turns":3.0},{"damage":0.0,"enemies":"The Guardian","floor":16.0,"turns":10.0},{"damage":0.0,"enemies":"Shell Parasite","floor":18.0,"turns":5.0},{"damage":9.0,"enemies":"Masked Bandits","floor":20.0,"turns":5.0},{"damage":0.0,"enemies":"Colosseum Slavers","floor":22.0,"turns":3.0},{"damage":7.0,"enemies":"2 Thieves","floor":24.0,"turns":5.0},{"damage":3.0,"enemies":"Slavers","floor":25.0,"turns":6.0},{"damage":0.0,"enemies":"Snake Plant","floor":29.0,"turns":6.0},{"damage":0.0,"enemies":"Book of Stabbing","floor":30.0,"turns":9.0},{"damage":0.0,"enemies":"Chosen and Byrds","floor":31.0,"turns":6.0},{"damage":0.0,"enemies":"Champ","floor":33.0,"turns":19.0},{"damage":0.0,"enemies":"3 Darklings","floor":35.0,"turns":5.0},{"damage":0.0,"enemies":"Orb Walker","floor":37.0,"turns":5.0},{"damage":0.0,"enemies":"Sphere and 2 Shapes","floor":39.0,"turns":8.0},{"damage":0.0,"enemies":"Reptomancer","floor":40.0,"turns":11.0},{"damage":4.0,"enemies":"Nemesis","floor":42.0,"turns":5.0},{"damage":0.0,"enemies":"Giant Head","floor":44.0,"turns":9.0},{"damage":0.0,"enemies":"4 Shapes","floor":47.0,"turns":8.0},{"damage":0,"enemies":"Reptomancer","floor":48,"turns":7},{"damage":9,"enemies":"Donu and Deca","floor":50,"turns":14},{"damage":0,"enemies":"Shield and Spear","floor":54,"turns":9},{"damage":0,"enemies":"The Heart","floor":55,"turns":14}],"seed_played":"2797368816084529946","potions_obtained":[{"floor":1.0,"key":"GamblersBrew"},{"floor":3.0,"key":"AttackPotion"},{"floor":12.0,"key":"GhostInAJar"},{"floor":14.0,"key":"SkillPotion"},{"floor":16.0,"key":"AttackPotion"},{"floor":18.0,"key":"SmokeBomb"},{"floor":24.0,"key":"AttackPotion"},{"floor":30.0,"key":"Fire Potion"},{"floor":33.0,"key":"Weak Potion"},{"floor":35.0,"key":"AttackPotion"},{"floor":36.0,"key":"GamblersBrew"},{"floor":36.0,"key":"Strength Potion"},{"floor":47.0,"key":"SkillPotion"},{"floor":48,"key":"Swift Potion"}],"is_trial":false,"path_per_floor":["?","M","$","?","M","?","?","?","M","?","?","M","$","?"],"character_chosen":"THE_SILENT","items_purchased":["TwistedFunnel","Noxious Fumes","PreservedInsect","Mummified Hand"],"campfire_rested":3,"item_purchase_floors":[4,4,38,38],"current_hp_per_floor":[49,49,49,49,49,49,41,41,41,41,41,37,37,37,37,37,70,70,70,61,61,61,61,54,51,51,51,51,51,51,51,51,51,70,70,70,70,70,70,70,70,66,66,66,70,61,61,61,70,61,70,70,70,77,77],"gold":102,"neow_bonus":"TWO_FIFTY_GOLD","is_prod":false,"is_daily":false,"chose_seed":false,"campfire_upgraded":7,"win_rate":0,"timestamp":1562672024,"path_taken":["M","?","?","$","M","R","E","?","T","R","?","E","R","?","R","BOSS","M","?","?","$","?","R","?","E","T","?","R","M","E","M","R","BOSS","M","?","?","?","M","E","R","E","T","E","R","?","M","E","R","BOSS","R","$","E","BOSS"],"build_version":"2019-01-23","purchased_purges":3,"victory":true,"max_hp_per_floor":[70,70,70,70,70,70,70,70,70,70,70,70,70,70,70,70,70,70,70,70,70,70,70,70,70,70,70,70,70,70,70,70,70,70,70,70,70,70,70,70,70,70,70,70,70,70,70,70,70,70,70,70,70,77,77],"card_choices":[{"not_picked":["Expertise","Flying Knee"],"picked":"Dash","floor":1.0},{"not_picked":["Flechettes","Underhanded Strike","Bane"],"picked":"SKIP","floor":3.0},{"not_picked":["Deadly Poison","Tools of the Trade"],"picked":"Footwork","floor":5.0},{"not_picked":["Flying Knee","Masterful Stab"],"picked":"PiercingWail","floor":7.0},{"not_picked":["All Out Attack","Riddle With Holes"],"picked":"Predator","floor":12.0},{"not_picked":["Finisher","Deflect"],"picked":"Well Laid Plans","floor":14.0},{"not_picked":["Bullet Time","Die Die Die"],"picked":"After Image","floor":16.0},{"not_picked":["Predator+1","Dagger Throw"],"picked":"PiercingWail+1","floor":18.0},{"not_picked":["Heel Hook","Quick Slash+1"],"picked":"Leg Sweep+1","floor":20.0},{"not_picked":["Caltrops","Flying Knee+1"],"picked":"PiercingWail","floor":24.0},{"not_picked":["Endless Agony","Riddle With Holes"],"picked":"Cloak And Dagger","floor":25.0},{"not_picked":["Eviscerate+1","Escape Plan+1"],"picked":"Dodge and Roll+1","floor":29.0},{"not_picked":["Sucker Punch","PiercingWail"],"picked":"Die Die Die","floor":30.0},{"not_picked":["Dodge and Roll","Underhanded Strike"],"picked":"Predator+1","floor":31.0},{"not_picked":["Night Terror","Phantasmal Killer"],"picked":"Malaise","floor":33.0},{"not_picked":["Dodge and Roll","Acrobatics+1"],"picked":"Backflip+1","floor":35.0},{"not_picked":["Dodge and Roll","PiercingWail","Blade Dance"],"picked":"SKIP","floor":37.0},{"not_picked":["Night Terror","Cloak And Dagger","Dagger Spray"],"picked":"SKIP","floor":39.0},{"not_picked":["Slice+1","Endless Agony"],"picked":"Catalyst+1","floor":40.0},{"not_picked":["Underhanded Strike+1","Quick Slash+1"],"picked":"Prepared+1","floor":42.0},{"not_picked":["Concentrate","Dagger Spray+1","Flying Knee"],"picked":"SKIP","floor":44.0},{"not_picked":["Flechettes+1","Bane+1","Dagger Spray+1"],"picked":"SKIP","floor":47.0},{"not_picked":["Flying Knee+1","Blade Dance"],"picked":"Unload","floor":48},{"not_picked":["Burst","Prepared"],"picked":"Storm of Steel","floor":54}],"player_experience":1003036,"relics_obtained":[{"floor":7.0,"key":"Oddly Smooth Stone"},{"floor":9.0,"key":"Boot"},{"floor":12.0,"key":"Tough Bandages"},{"floor":20.0,"key":"Red Mask"},{"floor":25.0,"key":"Blue Candle"},{"floor":26.0,"key":"Potion Belt"},{"floor":30.0,"key":"Centennial Puzzle"},{"floor":40.0,"key":"Juzu Bracelet"},{"floor":42.0,"key":"Pen Nib"},{"floor":44.0,"key":"Vajra"},{"floor":48,"key":"Art of War"},{"floor":54,"key":"Strawberry"}],"event_choices":[{"damage_healed":0.0,"max_hp_gain":0.0,"max_hp_loss":0.0,"gold_gain":0.0,"event_name":"Match and Keep!","player_choice":"2 cards matched","floor":2.0,"gold_loss":0.0,"damage_taken":0.0,"cards_obtained":["Neutralize","Cloak And Dagger"]},{"cards_removed":["Strike_G"],"damage_healed":0.0,"max_hp_gain":0.0,"max_hp_loss":0.0,"gold_gain":0.0,"event_name":"Purifier","player_choice":"Purged","floor":11.0,"gold_loss":0.0,"damage_taken":0.0},{"damage_healed":0.0,"max_hp_gain":0.0,"max_hp_loss":0.0,"gold_gain":0.0,"event_name":"Ghosts","player_choice":"Ignored","floor":19.0,"gold_loss":0.0,"damage_taken":0.0},{"damage_healed":0.0,"max_hp_gain":0.0,"max_hp_loss":0.0,"gold_gain":0.0,"event_name":"Masked Bandits","player_choice":"Fought Bandits","floor":20.0,"gold_loss":0.0,"damage_taken":0.0},{"damage_healed":0.0,"max_hp_gain":0.0,"max_hp_loss":0.0,"gold_gain":0.0,"event_name":"Colosseum","player_choice":"Fight","floor":22.0,"gold_loss":0.0,"damage_taken":0.0},{"damage_healed":0.0,"max_hp_gain":0.0,"max_hp_loss":0.0,"gold_gain":0.0,"event_name":"Colosseum","player_choice":"Fled From Nobs","floor":22.0,"gold_loss":0.0,"damage_taken":0.0},{"damage_healed":0.0,"max_hp_gain":0.0,"max_hp_loss":0.0,"gold_gain":0.0,"event_name":"Vampires","player_choice":"Ignored","floor":27.0,"gold_loss":0.0,"damage_taken":0.0},{"damage_healed":0.0,"max_hp_gain":0.0,"max_hp_loss":0.0,"gold_gain":0.0,"event_name":"Lab","player_choice":"Got Potions","floor":36.0,"gold_loss":0.0,"damage_taken":0.0},{"damage_healed":0.0,"max_hp_gain":0.0,"max_hp_loss":0.0,"gold_gain":0.0,"event_name":"Winding Halls","player_choice":"Embrace Madness","floor":46.0,"gold_loss":0.0,"damage_taken":9.0,"cards_obtained":["Madness","Madness"]}],"is_beta":false,"boss_relics":[{"not_picked":["Runic Dome","Ring of the Serpent"],"picked":"Philosopher\u0027s Stone"},{"not_picked":["WristBlade","Empty Cage"],"picked":"Fusion Hammer"}],"items_purged_floors":[4,21,53],"is_endless":false,"potions_floor_spawned":[1,3,12,14,16,18,22,24,30,33,35,47,48],"ascension_level":1}