{"gold_per_floor":[118,138,138,213,213,213,257,257,257,288,313,346,364,395,395,515,515,534,548,568,33,54,54,97,97,97,97,196,212,232,12,12,12],"floor_reached":33,"playtime":3375,"items_purged":["Strike_B"],"score":368,"play_id":"bade8a5e-270f-4d17-832a-f698f5937da1","local_time":"20190403151713","is_ascension_mode":true,"campfire_choices":[{"data":"Zap","floor":6,"key":"SMITH"},{"data":"Dualcast","floor":8,"key":"SMITH"},{"floor":15,"key":"REST"},{"floor":23,"key":"REST"},{"floor":25,"key":"REST"},{"floor":32,"key":"REST"}],"neow_cost":"NONE","seed_source_timestamp":716134174979,"circlet_count":0,"master_deck":["Strike_B","Strike_B","Defend_B+1","Defend_B","Defend_B","Defend_B+1","Zap+1","Dualcast+1","Cold Snap","Ball Lightning","Sweeping Beam","Static Discharge","Doom and Gloom","Turbo","Defragment","Biased Cognition","Barrage+1","Apotheosis","Capacitor+1"],"relics":["Cracked Core","NeowsBlessing","Golden Idol","Omamori","Peace Pipe","Girya","War Paint","Bag of Marbles","Busted Crown","DataDisk","Sling","Frozen Egg 2","Cables","Vajra","Regal Pillow"],"potions_floor_usage":[12,16,16,22,22,24,30],"damage_taken":[{"damage":0,"enemies":"Jaw Worm","floor":1,"turns":1},{"damage":0,"enemies":"Small Slimes","floor":2,"turns":1},{"damage":0,"enemies":"3 Sentries","floor":7,"turns":1},{"damage":13,"enemies":"Lagavulin","floor":10,"turns":5},{"damage":4,"enemies":"Cultist","floor":11,"turns":3},{"damage":14,"enemies":"Gremlin Nob","floor":12,"turns":3},{"damage":0,"enemies":"2 Fungi Beasts","floor":13,"turns":2},{"damage":13,"enemies":"Lagavulin","floor":14,"turns":5},{"damage":12,"enemies":"The Guardian","floor":16,"turns":8},{"damage":10,"enemies":"3 Byrds","floor":18,"turns":4},{"damage":26,"enemies":"2 Thieves","floor":19,"turns":3},{"damage":5,"enemies":"Cultist and Chosen","floor":20,"turns":4},{"damage":0,"enemies":"Centurion and Healer","floor":22,"turns":2},{"damage":33,"enemies":"Slavers","floor":24,"turns":5},{"damage":15,"enemies":"Sentry and Sphere","floor":29,"turns":4},{"damage":16,"enemies":"Shelled Parasite and Fungi","floor":30,"turns":3},{"damage":45,"enemies":"Automaton","floor":33,"turns":6}],"seed_played":"2111137839823832233","potions_obtained":[{"floor":2,"key":"GamblersBrew"},{"floor":10,"key":"SkillPotion"},{"floor":13,"key":"Ancient Potion"},{"floor":14,"key":"Poison Potion"},{"floor":18,"key":"Energy Potion"},{"floor":19,"key":"AttackPotion"},{"floor":22,"key":"Block Potion"}],"is_trial":false,"path_per_floor":["?","?","?","M","M","?","?","$"],"character_chosen":"DEFECT","items_purchased":["DataDisk","Sling","Apotheosis","Regal Pillow"],"campfire_rested":4,"item_purchase_floors":[21,21,21,31],"current_hp_per_floor":[75,75,75,64,64,64,64,64,64,51,47,33,33,20,40,28,69,59,33,28,28,28,48,15,35,35,35,35,20,4,4,39,0],"gold":12,"neow_bonus":"THREE_ENEMY_KILL","is_prod":false,"is_daily":false,"chose_seed":false,"campfire_upgraded":2,"win_rate":0,"timestamp":1554297433,"path_taken":["M","M","?","?","?","R","E","R","T","E","?","E","M","E","R","BOSS","M","M","M","$","?","R","E","R","T","?","?","M","M","?","R","BOSS"],"build_version":"2019-01-23","purchased_purges":1,"victory":false,"max_hp_per_floor":[75,75,75,75,69,69,69,69,69,69,69,69,69,69,69,69,69,69,69,69,69,69,69,69,69,69,69,69,69,69,69,69,69],"card_choices":[{"not_picked":["Go for the Eyes","Redo"],"picked":"Cold Snap","floor":1},{"not_picked":["Compile Driver","Rebound"],"picked":"Ball Lightning","floor":2},{"not_picked":["Fusion","Coolheaded"],"picked":"Sweeping Beam","floor":7},{"not_picked":["Streamline","Reprogram"],"picked":"Static Discharge","floor":10},{"not_picked":["Stack","Consume","Lockon"],"picked":"SKIP","floor":11},{"not_picked":["Cold Snap","Recycle"],"picked":"Doom and Gloom","floor":12},{"not_picked":["Doom and Gloom","Ball Lightning"],"picked":"Turbo","floor":13},{"not_picked":["Darkness","Scrape"],"picked":"Defragment","floor":14},{"not_picked":["Buffer","Core Surge"],"picked":"Biased Cognition","floor":16},{"not_picked":["Sunder"],"picked":"SKIP","floor":18},{"not_picked":["Heatsinks+1"],"picked":"SKIP","floor":19},{"not_picked":[],"picked":"Barrage+1","floor":20},{"not_picked":["Hologram"],"picked":"SKIP","floor":22},{"not_picked":[],"picked":"Capacitor","floor":24},{"not_picked":["Leap"],"picked":"SKIP","floor":29},{"not_picked":["Aggregate"],"picked":"SKIP","floor":30}],"player_experience":371811,"relics_obtained":[{"floor":7,"key":"Omamori"},{"floor":9,"key":"Peace Pipe"},{"floor":10,"key":"Girya"},{"floor":12,"key":"War Paint"},{"floor":14,"key":"Bag of Marbles"},{"floor":24,"key":"Frozen Egg 2"},{"floor":26,"key":"Cables"}],"event_choices":[{"cards_removed":["Strike_B"],"damage_healed":0,"gold_gain":0,"player_choice":"Forget","damage_taken":0,"max_hp_gain":0,"max_hp_loss":0,"event_name":"Living Wall","floor":3,"gold_loss":0},{"damage_healed":0,"gold_gain":75,"player_choice":"Gather Gold","damage_taken":11,"max_hp_gain":0,"max_hp_loss":0,"event_name":"World of Goop","floor":4,"gold_loss":0},{"damage_healed":0,"gold_gain":0,"player_choice":"Lose Max HP","damage_taken":0,"relics_obtained":["Golden Idol"],"max_hp_gain":0,"max_hp_loss":6,"event_name":"Golden Idol","floor":5,"gold_loss":0},{"damage_healed":0,"gold_gain":0,"player_choice":"Opened","damage_taken":0,"relics_obtained":["Vajra"],"max_hp_gain":0,"max_hp_loss":0,"event_name":"The Mausoleum","floor":27,"gold_loss":0},{"damage_healed":0,"gold_gain":99,"player_choice":"Stole From Cult","damage_taken":0,"max_hp_gain":0,"max_hp_loss":0,"event_name":"Nest","floor":28,"gold_loss":0}],"is_beta":false,"boss_relics":[{"not_picked":["Tiny House","Ectoplasm"],"picked":"Busted Crown"}],"items_purged_floors":[31],"is_endless":false,"potions_floor_spawned":[2,10,13,14,18,19,22],"killed_by":"Automaton","ascension_level":3}