{"gold_per_floor":[118,88,103,119,137,167,55,67,121,147,164,177,196,213,213,317,317,329,312,312,335,355,382,96,112,139,158,158,158,190,201,201,201],"floor_reached":33,"playtime":1763,"items_purged":["Defend_R","Strike_R"],"score":305,"play_id":"681be490-5300-429e-90b7-b206bebd355f","local_time":"20190629023612","is_ascension_mode":false,"campfire_choices":[{"data":"Armaments","floor":15,"key":"SMITH"},{"floor":28,"key":"REST"},{"floor":32,"key":"REST"}],"neow_cost":"NONE","seed_source_timestamp":14276678430007,"circlet_count":0,"master_deck":["Strike_R","Strike_R","Strike_R","Defend_R","Defend_R","Defend_R","Bash","Pommel Strike","Clothesline","Ghostly Armor","Ghostly Armor","Uppercut","Carnage","Sword Boomerang","Heavy Blade","Armaments+1","Double Tap","Demon Form","Anger+1","Anger","Necronomicurse","Intimidate","Apotheosis","Double Tap"],"relics":["Black Blood","Shuriken","Tiny Chest","Orichalcum","Necronomicon","PreservedInsect","Blood Vial","Bronze Scales","Smiling Mask"],"potions_floor_usage":[6,18,19,19,19,22,23,23,30,33],"damage_taken":[{"damage":10,"enemies":"2 Louse","floor":1,"turns":3},{"damage":4,"enemies":"Cultist","floor":3,"turns":3},{"damage":7,"enemies":"Small Slimes","floor":4,"turns":4},{"damage":18,"enemies":"Exordium Wildlife","floor":5,"turns":7},{"damage":21,"enemies":"3 Sentries","floor":6,"turns":10},{"damage":9,"enemies":"Red Slaver","floor":8,"turns":3},{"damage":10,"enemies":"Gremlin Nob","floor":10,"turns":4},{"damage":1,"enemies":"3 Louse","floor":11,"turns":4},{"damage":4,"enemies":"Looter","floor":12,"turns":2},{"damage":16,"enemies":"Exordium Wildlife","floor":13,"turns":4},{"damage":0,"enemies":"3 Louse","floor":14,"turns":3},{"damage":21,"enemies":"Slime Boss","floor":16,"turns":11},{"damage":34,"enemies":"3 Byrds","floor":18,"turns":8},{"damage":16,"enemies":"2 Thieves","floor":19,"turns":4},{"damage":28,"enemies":"3 Cultists","floor":22,"turns":5},{"damage":8,"enemies":"Gremlin Leader","floor":23,"turns":2},{"damage":27,"enemies":"Cultist and Chosen","floor":25,"turns":5},{"damage":15,"enemies":"Snake Plant","floor":27,"turns":2},{"damage":21,"enemies":"Slavers","floor":30,"turns":3},{"damage":29,"enemies":"Shelled Parasite and Fungi","floor":31,"turns":4},{"damage":39,"enemies":"Collector","floor":33,"turns":3}],"seed_played":"-4112334808601878742","potions_obtained":[{"floor":2,"key":"AttackPotion"},{"floor":2,"key":"EntropicBrew"},{"floor":5,"key":"Swift Potion"},{"floor":6,"key":"FairyPotion"},{"floor":22,"key":"Regen Potion"},{"floor":23,"key":"Poison Potion"},{"floor":31,"key":"AttackPotion"}],"is_trial":false,"path_per_floor":["M","?","M","M","M","E","$","M","T","E","M","M","M","M","R","B",null,"M","M","?","T","M","E","$","M","T","M","R","?","E","M","R","B"],"character_chosen":"IRONCLAD","items_purchased":["Carnage","Apotheosis"],"campfire_rested":2,"item_purchase_floors":[7,24],"current_hp_per_floor":[76,76,78,77,65,50,50,47,47,43,48,50,40,46,46,31,80,56,50,34,34,16,23,23,18,18,15,39,39,30,13,37,0],"gold":201,"neow_bonus":"THREE_CARDS","is_prod":false,"is_daily":false,"chose_seed":false,"campfire_upgraded":1,"win_rate":0,"timestamp":1561800972,"path_taken":["M","?","M","M","M","E","$","M","T","E","?","M","M","M","R","BOSS","M","M","?","?","M","E","$","M","T","?","R","?","E","M","R","BOSS"],"build_version":"2019-06-28","purchased_purges":2,"victory":false,"max_hp_per_floor":[80,80,80,80,80,80,80,80,80,80,80,80,80,80,80,80,80,80,80,80,80,80,80,80,80,80,80,80,80,80,80,80,80],"card_choices":[{"not_picked":["True Grit","Headbutt"],"picked":"Pommel Strike","floor":0},{"not_picked":["Warcry","Body Slam"],"picked":"Clothesline","floor":1},{"not_picked":["Headbutt","Evolve"],"picked":"Ghostly Armor","floor":3},{"not_picked":["Warcry","Flame Barrier"],"picked":"Ghostly Armor","floor":4},{"not_picked":["Entrench","Bloodletting"],"picked":"Uppercut","floor":5},{"not_picked":["Thunderclap","Sever Soul","Headbutt"],"picked":"SKIP","floor":6},{"not_picked":["Bloodletting","Sever Soul","Corruption"],"picked":"SKIP","floor":8},{"not_picked":["Burning Pact","Bloodletting","Rupture"],"picked":"SKIP","floor":10},{"not_picked":["Rampage","True Grit"],"picked":"Sword Boomerang","floor":11},{"not_picked":["Clothesline","Warcry"],"picked":"Heavy Blade","floor":12},{"not_picked":["Wild Strike","Sword Boomerang"],"picked":"Armaments","floor":13},{"not_picked":["Searing Blow","Flex"],"picked":"Double Tap","floor":14},{"not_picked":["Juggernaut","Exhume"],"picked":"Demon Form","floor":16},{"not_picked":["Shrug It Off+1","Entrench"],"picked":"Anger+1","floor":18},{"not_picked":["Clothesline","Warcry"],"picked":"Anger","floor":19},{"not_picked":["Armaments","Flex","Shrug It Off"],"picked":"SKIP","floor":22},{"not_picked":["True Grit","Body Slam+1"],"picked":"Intimidate","floor":23},{"not_picked":["Shrug It Off","Perfected Strike"],"picked":"Double Tap","floor":25},{"not_picked":["Armaments","Fire Breathing","Perfected Strike"],"picked":"SKIP","floor":27},{"not_picked":["Ghostly Armor","Flame Barrier","Cleave"],"picked":"SKIP","floor":30},{"not_picked":["Combust+1","Blood for Blood+1","Searing Blow"],"picked":"SKIP","floor":31}],"player_experience":1074446,"relics_obtained":[{"floor":6,"key":"Shuriken"},{"floor":9,"key":"Tiny Chest"},{"floor":10,"key":"Orichalcum"},{"floor":20,"key":"Necronomicon"},{"floor":21,"key":"PreservedInsect"},{"floor":23,"key":"Blood Vial"},{"floor":26,"key":"Bronze Scales"},{"floor":30,"key":"Smiling Mask"}],"event_choices":[{"damage_healed":0,"gold_gain":0,"player_choice":"Bought 2 Potions","damage_taken":0,"max_hp_gain":0,"max_hp_loss":0,"event_name":"The Woman in Blue","floor":2,"gold_loss":0},{"damage_healed":0,"gold_gain":0,"player_choice":"Obtained Book","damage_taken":16,"max_hp_gain":0,"max_hp_loss":0,"event_name":"Cursed Tome","floor":20,"gold_loss":0},{"cards_removed":["Strike_R"],"damage_healed":0,"gold_gain":0,"player_choice":"Elegance","damage_taken":0,"max_hp_gain":0,"max_hp_loss":0,"event_name":"Back to Basics","floor":29,"gold_loss":0}],"is_beta":true,"boss_relics":[{"not_picked":["White Beast Statue","Tiny House"],"picked":"Black Blood"}],"items_purged_floors":[7,24],"is_endless":false,"potions_floor_spawned":[5,6,10,11,12,13,19,22,23,31],"killed_by":"Collector","ascension_level":0}