{"gold_per_floor":[12,12,27,42,53,53,83,99,125,125,125,142,92,125,125,230,230,240,42,58,58,58,58,75,90,90,102,149,161,198,222,234,342,354,381,46,46,56,74,74],"floor_reached":40,"playtime":1778,"items_purged":["Strike_G"],"score":460,"play_id":"4078a4d6-d41d-4ba6-abe5-3416bdef2093","local_time":"20190717094123","is_ascension_mode":true,"campfire_choices":[{"data":"Neutralize","floor":6,"key":"SMITH"},{"data":"Bouncing Flask","floor":10,"key":"SMITH"},{"data":"Bouncing Flask","floor":15,"key":"SMITH"},{"data":"Predator","floor":23,"key":"SMITH"},{"data":"Choke","floor":27,"key":"SMITH"},{"data":"Crippling Poison","floor":29,"key":"SMITH"},{"floor":32,"key":"REST"}],"neow_cost":"NO_GOLD","seed_source_timestamp":696152443330,"circlet_count":0,"master_deck":["Defend_G","Defend_G","Defend_G","Defend_G","Defend_G","Strike_G","Strike_G+1","Survivor","Neutralize+1","PiercingWail","Dagger Spray+1","Bouncing Flask+1","Bouncing Flask+1","Crippling Poison+1","Dagger Spray","Envenom+1","A Thousand Cuts+1","Choke+1","Well Laid Plans+1","Predator+1","Dagger Throw+1","Dodge and Roll+1","Die Die Die","Dash+1","Envenom+1","Cloak And Dagger+1"],"relics":["Ring of the Snake","Mango","Frozen Egg 2","Dream Catcher","Smiling Mask","Snecko Eye","Bag of Preparation","MawBank","Whetstone","Du-Vu Doll","Black Star","Membership Card","The Specimen"],"potions_floor_usage":[7,16,28,39],"damage_taken":[{"damage":0,"enemies":"2 Louse","floor":1,"turns":2},{"damage":1,"enemies":"Jaw Worm","floor":3,"turns":5},{"damage":0,"enemies":"Cultist","floor":4,"turns":4},{"damage":0,"enemies":"Looter","floor":5,"turns":4},{"damage":23,"enemies":"3 Sentries","floor":7,"turns":7},{"damage":0,"enemies":"3 Louse","floor":8,"turns":3},{"damage":5,"enemies":"Exordium Wildlife","floor":12,"turns":5},{"damage":4,"enemies":"Lagavulin","floor":14,"turns":6},{"damage":35,"enemies":"Slime Boss","floor":16,"turns":8},{"damage":0,"enemies":"Shell Parasite","floor":18,"turns":4},{"damage":11,"enemies":"3 Byrds","floor":20,"turns":5},{"damage":12,"enemies":"Snake Plant","floor":24,"turns":3},{"damage":5,"enemies":"Cultist and Chosen","floor":25,"turns":3},{"damage":2,"enemies":"Slavers","floor":28,"turns":4},{"damage":12,"enemies":"Book of Stabbing","floor":30,"turns":4},{"damage":2,"enemies":"Chosen and Byrds","floor":31,"turns":3},{"damage":29,"enemies":"Champ","floor":33,"turns":10},{"damage":20,"enemies":"3 Darklings","floor":35,"turns":4},{"damage":13,"enemies":"Orb Walker","floor":38,"turns":3},{"damage":29,"enemies":"Transient","floor":39,"turns":5},{"damage":55,"enemies":"Giant Head","floor":40,"turns":6}],"seed_played":"-5216442698181073008","potions_obtained":[{"floor":1,"key":"Energy Potion"},{"floor":5,"key":"Strength Potion"},{"floor":8,"key":"Swift Potion"},{"floor":14,"key":"Weak Potion"},{"floor":16,"key":"LiquidBronze"},{"floor":18,"key":"EssenceOfSteel"},{"floor":25,"key":"PowerPotion"},{"floor":28,"key":"Fire Potion"}],"is_trial":false,"path_per_floor":["?","?","M","?","?","?","?"],"character_chosen":"THE_SILENT","items_purchased":["Bag of Preparation","Membership Card","The Specimen"],"campfire_rested":1,"item_purchase_floors":[19,36,36],"current_hp_per_floor":[84,84,83,83,83,83,60,60,60,60,60,55,55,51,51,16,84,84,84,73,73,73,73,61,56,56,56,54,54,42,40,65,36,84,64,64,64,51,22,0],"gold":74,"neow_bonus":"ONE_RARE_RELIC","is_prod":false,"is_daily":false,"chose_seed":false,"campfire_upgraded":6,"win_rate":0,"timestamp":1563349283,"path_taken":["M","?","M","M","M","R","E","M","T","R","?","?","?","E","R","BOSS","M","$","M","?","?","R","M","M","T","R","E","R","E","M","R","BOSS","M","$","?","M","M","E"],"build_version":"2019-01-23","purchased_purges":1,"victory":false,"max_hp_per_floor":[84,84,84,84,84,84,84,84,84,84,84,84,84,84,84,84,84,84,84,84,84,84,84,84,84,84,84,84,84,84,84,84,84,84,84,84,84,84,84,84],"card_choices":[{"not_picked":["Masterful Stab","Prepared"],"picked":"PiercingWail","floor":1},{"not_picked":["Accuracy","Terror"],"picked":"Dagger Spray","floor":3},{"not_picked":["Deadly Poison","Infinite Blades"],"picked":"Bouncing Flask","floor":4},{"not_picked":["Heel Hook","Calculated Gamble"],"picked":"Bouncing Flask","floor":5},{"not_picked":["Distraction","Bouncing Flask"],"picked":"Crippling Poison","floor":7},{"not_picked":["Bane","Sucker Punch","Tactician"],"picked":"SKIP","floor":8},{"not_picked":["Calculated Gamble","Quick Slash"],"picked":"Dagger Spray","floor":12},{"not_picked":["Setup","Blade Dance"],"picked":"Envenom+1","floor":14},{"not_picked":["Grand Finale","Storm of Steel"],"picked":"A Thousand Cuts+1","floor":16},{"not_picked":["Finisher","Blade Dance"],"picked":"Choke","floor":18},{"not_picked":["Distraction","Endless Agony"],"picked":"Well Laid Plans+1","floor":20},{"not_picked":["Outmaneuver+1","Dagger Spray"],"picked":"Dagger Throw+1","floor":24},{"not_picked":["Flying Knee+1","Reflex"],"picked":"Dodge and Roll+1","floor":25},{"not_picked":["Poisoned Stab","Flying Knee"],"picked":"Die Die Die","floor":28},{"not_picked":["Deadly Poison","Prepared","Flying Knee"],"picked":"SKIP","floor":30},{"not_picked":["Sucker Punch+1","Outmaneuver","Well Laid Plans+1"],"picked":"SKIP","floor":31},{"not_picked":["Expertise+1","Backstab"],"picked":"Dash","floor":32},{"not_picked":["Venomology","Adrenaline"],"picked":"Envenom+1","floor":33},{"not_picked":["Acrobatics","Dagger Throw","Backstab+1"],"picked":"SKIP","floor":35},{"not_picked":["Well Laid Plans+1","Sucker Punch","Prepared"],"picked":"SKIP","floor":38},{"not_picked":["Underhanded Strike+1","Calculated Gamble"],"picked":"Cloak And Dagger+1","floor":39}],"player_experience":1038152,"relics_obtained":[{"floor":7,"key":"Frozen Egg 2"},{"floor":9,"key":"Dream Catcher"},{"floor":14,"key":"Smiling Mask"},{"floor":26,"key":"MawBank"},{"floor":28,"key":"Whetstone"},{"floor":30,"key":"Du-Vu Doll"}],"event_choices":[{"damage_healed":0,"gold_gain":0,"player_choice":"Ignored","damage_taken":0,"max_hp_gain":0,"max_hp_loss":0,"event_name":"Liars Game","floor":2,"gold_loss":0},{"cards_removed":["Strike_G"],"damage_healed":0,"gold_gain":0,"player_choice":"Purged","damage_taken":0,"max_hp_gain":0,"max_hp_loss":0,"event_name":"Purifier","floor":11,"gold_loss":0},{"cards_removed":["Strike_G"],"damage_healed":0,"gold_gain":0,"player_choice":"Card Removal","damage_taken":0,"max_hp_gain":0,"max_hp_loss":0,"event_name":"The Cleric","floor":13,"gold_loss":50},{"damage_healed":0,"gold_gain":0,"player_choice":"Ignored","damage_taken":0,"max_hp_gain":0,"max_hp_loss":0,"event_name":"Vampires","floor":21,"gold_loss":0},{"damage_healed":0,"gold_gain":0,"player_choice":"Read","damage_taken":0,"max_hp_gain":0,"max_hp_loss":0,"event_name":"The Library","floor":22,"gold_loss":0,"cards_obtained":["Predator"]},{"damage_healed":0,"gold_gain":0,"player_choice":"Upgraded","damage_taken":0,"max_hp_gain":0,"max_hp_loss":0,"event_name":"Upgrade Shrine","floor":37,"gold_loss":0,"cards_upgraded":["Dash"]}],"is_beta":false,"boss_relics":[{"not_picked":["Empty Cage","Cursed Key"],"picked":"Snecko Eye"},{"not_picked":["HoveringKite","Tiny House"],"picked":"Black Star"}],"items_purged_floors":[19],"is_endless":false,"potions_floor_spawned":[1,5,8,14,16,18,24,25,28],"killed_by":"Giant Head","ascension_level":1}