{"gold_per_floor":[10,10,10,10,30,62,62,82,82,100,100,110,110,123,123,226,226,246,258,277,277,295,328,132,162,162,162,180,193,193,204,204,302,302,322,335,346,446,492,492,521,521,521,63,63,92,92,17,17,17],"floor_reached":51,"playtime":2749,"items_purged":["Battle Trance"],"score":1022,"play_id":"fba5e03f-0f46-4e3a-8463-71844236f741","local_time":"20190721094006","is_ascension_mode":false,"campfire_choices":[{"data":"Havoc","floor":7,"key":"SMITH"},{"data":"Seeing Red","floor":11,"key":"SMITH"},{"data":"True Grit","floor":13,"key":"SMITH"},{"data":"Purity","floor":15,"key":"SMITH"},{"data":"Clash","floor":27,"key":"SMITH"},{"data":"Clash","floor":30,"key":"SMITH"},{"data":"Feel No Pain","floor":32,"key":"SMITH"},{"floor":40,"key":"REST"},{"data":"Berserk","floor":42,"key":"SMITH"},{"data":"Corruption","floor":47,"key":"SMITH"},{"floor":49,"key":"REST"}],"neow_cost":"NO_GOLD","seed_source_timestamp":0,"circlet_count":0,"master_deck":["Strike_R","Strike_R","Strike_R","Strike_R","Strike_R","Defend_R","Defend_R","Defend_R","Bash+1","Swift Strike+1","Purity+1","Havoc+1","Seeing Red+1","Clash+1","Headbutt","True Grit+1","Immolate+1","Clash+1","Clash+1","Intimidate+1","Seeing Red+1","Feel No Pain+1","Clash+1","Burning Pact","Berserk+1","Headbutt+1","Corruption+1","Mayhem","Anger+1"],"special_seed":0,"relics":["Burning Blood","Nunchaku","Unceasing Top","Ginger","Philosopher\u0027s Stone","Darkstone Periapt","Bronze Scales","Frozen Eye","Bag of Marbles","Singing Bowl","Lizard Tail","Mango","Champion Belt","Gambling Chip","Juzu Bracelet","Happy Flower","Whetstone"],"potions_floor_usage":[16,20,22,33,37,39,41,50],"damage_taken":[{"damage":11,"enemies":"Jaw Worm","floor":1,"turns":2},{"damage":8,"enemies":"2 Louse","floor":5,"turns":3},{"damage":30,"enemies":"Gremlin Nob","floor":6,"turns":4},{"damage":6,"enemies":"Cultist","floor":8,"turns":3},{"damage":15,"enemies":"Looter","floor":10,"turns":3},{"damage":0,"enemies":"3 Louse","floor":12,"turns":2},{"damage":8,"enemies":"Red Slaver","floor":14,"turns":2},{"damage":0,"enemies":"Slime Boss","floor":16,"turns":8},{"damage":2,"enemies":"2 Thieves","floor":18,"turns":3},{"damage":0,"enemies":"3 Byrds","floor":19,"turns":2},{"damage":17,"enemies":"Centurion and Healer","floor":20,"turns":3},{"damage":0,"enemies":"Snake Plant","floor":22,"turns":1},{"damage":12,"enemies":"Gremlin Leader","floor":23,"turns":4},{"damage":10,"enemies":"Book of Stabbing","floor":25,"turns":3},{"damage":7,"enemies":"Cultist and Chosen","floor":28,"turns":2},{"damage":0,"enemies":"Centurion and Healer","floor":29,"turns":1},{"damage":0,"enemies":"Sentry and Sphere","floor":31,"turns":1},{"damage":53,"enemies":"Champ","floor":33,"turns":6},{"damage":12,"enemies":"3 Shapes","floor":35,"turns":2},{"damage":6,"enemies":"3 Darklings","floor":36,"turns":2},{"damage":21,"enemies":"Transient","floor":37,"turns":5},{"damage":0,"enemies":"Mind Bloom Boss Battle","floor":38,"turns":3},{"damage":40,"enemies":"2 Orb Walkers","floor":39,"turns":4},{"damage":15,"enemies":"Reptomancer","floor":41,"turns":3},{"damage":10,"enemies":"Giant Head","floor":46,"turns":4},{"damage":68,"enemies":"Awakened One","floor":50,"turns":7}],"seed_played":"2404683886384688748","potions_obtained":[{"floor":1,"key":"Fire Potion"},{"floor":6,"key":"Dexterity Potion"},{"floor":10,"key":"Regen Potion"},{"floor":16,"key":"Fire Potion"},{"floor":19,"key":"SteroidPotion"},{"floor":25,"key":"Block Potion"},{"floor":29,"key":"Strength Potion"},{"floor":31,"key":"Regen Potion"},{"floor":35,"key":"Block Potion"},{"floor":37,"key":"PowerPotion"},{"floor":38,"key":"EssenceOfSteel"},{"floor":39,"key":"GamblersBrew"}],"is_trial":false,"path_per_floor":["M","?","?","$","M","E","R","M","T","M","R","M","R","M","R","B",null,"M","M","M","?","M","E","$","E","T","R","M","M","R","M","R","B",null,"M","M","M","?","?","R","E","R","T","$","?","E","R","$","R","B",null],"character_chosen":"IRONCLAD","items_purchased":["Frozen Eye","Corruption","Energy Potion","Happy Flower","Mayhem"],"campfire_rested":2,"item_purchase_floors":[24,44,44,44,44],"current_hp_per_floor":[75,75,72,72,70,46,46,46,46,37,37,43,43,41,41,47,80,80,80,69,69,75,69,69,65,65,65,64,70,70,76,76,29,80,76,78,65,87,55,86,77,77,77,77,77,73,73,73,104,42],"gold":17,"neow_bonus":"RANDOM_COLORLESS_2","is_prod":false,"is_daily":false,"chose_seed":false,"campfire_upgraded":9,"win_rate":0,"timestamp":1563727206,"path_taken":["M","?","?","$","M","E","R","M","T","M","R","M","R","M","R","BOSS","M","M","M","?","?","E","$","E","T","R","M","M","R","M","R","BOSS","M","M","M","?","?","R","E","R","T","$","?","E","R","$","R","BOSS"],"build_version":"2019-07-18","purchased_purges":1,"victory":true,"max_hp_per_floor":[80,80,80,80,80,80,80,80,80,80,80,80,80,80,80,80,80,80,80,80,80,80,80,80,80,80,80,80,80,80,80,80,80,80,82,84,86,102,104,104,104,104,104,104,104,104,104,104,104,104],"card_choices":[{"not_picked":["True Grit","Burning Pact"],"picked":"Havoc","floor":1},{"not_picked":["Clash","Body Slam","Wild Strike"],"picked":"SKIP","floor":5},{"not_picked":["Blood for Blood","Fiend Fire"],"picked":"Seeing Red","floor":6},{"not_picked":["Whirlwind","Dropkick"],"picked":"Clash","floor":8},{"not_picked":["Rupture","Combust"],"picked":"Headbutt","floor":10},{"not_picked":["Headbutt","Flame Barrier"],"picked":"True Grit","floor":12},{"not_picked":["Twin Strike","Reckless Charge","True Grit"],"picked":"SKIP","floor":14},{"not_picked":["Limit Break","Reaper"],"picked":"Immolate","floor":16},{"not_picked":["Burning Pact","Clothesline"],"picked":"Clash+1","floor":18},{"not_picked":["Shrug It Off","Body Slam+1","Flex"],"picked":"SKIP","floor":19},{"not_picked":["Body Slam","Havoc"],"picked":"Clash+1","floor":20},{"not_picked":["Headbutt","Heavy Blade"],"picked":"Intimidate+1","floor":22},{"not_picked":["Clash","Twin Strike","Intimidate"],"picked":"SKIP","floor":23},{"not_picked":["Anger","Brutality"],"picked":"Seeing Red+1","floor":25},{"not_picked":["Evolve","Perfected Strike"],"picked":"Feel No Pain","floor":28},{"not_picked":["Shrug It Off","Perfected Strike"],"picked":"Clash","floor":29},{"not_picked":["Iron Wave+1","Wild Strike+1"],"picked":"Burning Pact","floor":31},{"not_picked":["Exhume","Demon Form"],"picked":"Berserk","floor":33},{"not_picked":["Flex+1","Perfected Strike+1","True Grit"],"picked":"Singing Bowl","floor":35},{"not_picked":["Sever Soul","Pommel Strike","Reckless Charge"],"picked":"Singing Bowl","floor":36},{"not_picked":["Heavy Blade","Pommel Strike+1","Body Slam"],"picked":"Singing Bowl","floor":37},{"not_picked":["Burning Pact","Cleave+1","Pommel Strike+1"],"picked":"Singing Bowl","floor":38},{"not_picked":["Cleave+1","Brutality","Iron Wave+1"],"picked":"Singing Bowl","floor":39},{"not_picked":["Dual Wield+1","Carnage+1"],"picked":"Headbutt+1","floor":41},{"not_picked":["Fiend Fire","Iron Wave"],"picked":"Anger+1","floor":46}],"player_experience":1155973,"relics_obtained":[{"floor":6,"key":"Unceasing Top"},{"floor":9,"key":"Ginger"},{"floor":21,"key":"Darkstone Periapt"},{"floor":23,"key":"Bronze Scales"},{"floor":25,"key":"Bag of Marbles"},{"floor":26,"key":"Singing Bowl"},{"floor":38,"key":"Mango"},{"floor":39,"key":"Champion Belt"},{"floor":41,"key":"Gambling Chip"},{"floor":43,"key":"Juzu Bracelet"},{"floor":46,"key":"Whetstone"}],"event_choices":[{"damage_healed":0,"gold_gain":0,"player_choice":"Grow","damage_taken":0,"max_hp_gain":0,"max_hp_loss":0,"event_name":"Living Wall","floor":2,"gold_loss":0,"cards_upgraded":["Bash"]},{"damage_healed":0,"gold_gain":0,"player_choice":"Success","damage_taken":3,"relics_obtained":["Nunchaku"],"max_hp_gain":0,"max_hp_loss":0,"event_name":"Scrap Ooze","floor":3,"gold_loss":0},{"damage_healed":0,"gold_gain":0,"player_choice":"Relic","damage_taken":0,"max_hp_gain":0,"max_hp_loss":0,"event_name":"Wheel of Change","floor":21,"gold_loss":0},{"damage_healed":0,"gold_gain":0,"player_choice":"Fight","damage_taken":0,"max_hp_gain":0,"max_hp_loss":0,"event_name":"MindBloom","floor":38,"gold_loss":0},{"damage_healed":0,"gold_gain":0,"player_choice":"Fight","damage_taken":0,"max_hp_gain":0,"max_hp_loss":0,"event_name":"Mysterious Sphere","floor":39,"gold_loss":0},{"damage_healed":0,"gold_gain":0,"cards_transformed":["Defend_R"],"player_choice":"Transformed","damage_taken":0,"max_hp_gain":0,"max_hp_loss":0,"event_name":"Transmorgrifier","floor":45,"gold_loss":0,"cards_obtained":["Battle Trance"]}],"is_beta":true,"boss_relics":[{"not_picked":["White Beast Statue","Fusion Hammer"],"picked":"Philosopher\u0027s Stone"},{"not_picked":["Velvet Choker","Cursed Key"],"picked":"Lizard Tail"}],"items_purged_floors":[48],"is_endless":false,"potions_floor_spawned":[1,6,10,16,19,25,29,31,35,37,38,39],"ascension_level":0}