{"gold_per_floor":[116,191,201,218,230,265,265,265,265,265,290,66,66,66,66,197,197,216,235,235],"floor_reached":20,"playtime":1256,"items_purged":["Strike_G"],"score":218,"play_id":"b74b8e94-0f46-46a7-9676-efcd3b08cac1","local_time":"20190421153728","is_ascension_mode":true,"campfire_choices":[{"floor":8,"key":"REST"},{"data":"Noxious Fumes","floor":10,"key":"SMITH"},{"floor":15,"key":"REST"}],"neow_cost":"NONE","seed_source_timestamp":941867080832820,"circlet_count":0,"master_deck":["Defend_G","Defend_G","Defend_G","Defend_G+1","Defend_G","Strike_G","Strike_G","Strike_G","Strike_G","Survivor","Neutralize","Glass Knife","Bouncing Flask+1","Noxious Fumes+1","PiercingWail","Backflip","PiercingWail","Wraith Form v2+1","Footwork","Dash","Injury","Burst","Backflip"],"relics":["Ring of the Snake","Bottled Lightning","Shuriken","Orichalcum","Golden Idol","Black Star"],"potions_floor_usage":[6,16,19],"damage_taken":[{"damage":3,"enemies":"Jaw Worm","floor":1,"turns":3},{"damage":8,"enemies":"2 Louse","floor":3,"turns":2},{"damage":0,"enemies":"Small Slimes","floor":4,"turns":3},{"damage":6,"enemies":"Exordium Wildlife","floor":5,"turns":5},{"damage":10,"enemies":"3 Sentries","floor":6,"turns":6},{"damage":16,"enemies":"Lagavulin","floor":11,"turns":5},{"damage":14,"enemies":"The Guardian","floor":16,"turns":9},{"damage":9,"enemies":"Shell Parasite","floor":18,"turns":6},{"damage":53,"enemies":"3 Byrds","floor":19,"turns":9},{"damage":8,"enemies":"Snake Plant","floor":20,"turns":4}],"seed_played":"-1282526927756930788","potions_obtained":[{"floor":4,"key":"Block Potion"},{"floor":5,"key":"Fire Potion"},{"floor":6,"key":"SteroidPotion"},{"floor":16,"key":"AttackPotion"},{"floor":18,"key":"FearPotion"}],"is_trial":false,"path_per_floor":["M","?","M","M","M","E","?","R","T","R","E","$","?","?","R","B",null,"M","M","M"],"character_chosen":"THE_SILENT","items_purchased":["Footwork","Dash"],"campfire_rested":2,"item_purchase_floors":[12,12],"current_hp_per_floor":[67,56,48,48,42,32,18,39,39,39,23,23,23,23,44,30,70,61,8,0],"gold":235,"neow_bonus":"ONE_RANDOM_RARE_CARD","is_prod":false,"is_daily":false,"chose_seed":false,"campfire_upgraded":1,"win_rate":0,"timestamp":1555886248,"path_taken":["M","?","M","M","M","E","?","R","T","R","E","$","?","?","R","BOSS","M","M","M"],"build_version":"2019-01-23","purchased_purges":1,"victory":false,"max_hp_per_floor":[70,70,70,70,70,70,70,70,70,70,70,70,70,70,70,70,70,70,70,70],"card_choices":[{"not_picked":["Acrobatics","Endless Agony"],"picked":"Bouncing Flask","floor":1},{"not_picked":["Sucker Punch","Flying Knee"],"picked":"Noxious Fumes","floor":3},{"not_picked":["Poisoned Stab","Accuracy"],"picked":"PiercingWail","floor":4},{"not_picked":["Well Laid Plans","Dagger Throw"],"picked":"Backflip","floor":5},{"not_picked":["Slice","Dagger Throw"],"picked":"PiercingWail","floor":6},{"not_picked":["Dagger Throw","Reflex"],"picked":"Wraith Form v2","floor":11},{"not_picked":["Phantasmal Killer","Grand Finale"],"picked":"Burst","floor":16},{"not_picked":["Dagger Throw+1","Cloak And Dagger","Bane"],"picked":"SKIP","floor":18},{"not_picked":["Bane","Acrobatics"],"picked":"Backflip","floor":19}],"player_experience":102587,"relics_obtained":[{"floor":6,"key":"Bottled Lightning"},{"floor":9,"key":"Shuriken"},{"floor":11,"key":"Orichalcum"}],"event_choices":[{"damage_healed":0,"gold_gain":75,"player_choice":"Gather Gold","damage_taken":11,"max_hp_gain":0,"max_hp_loss":0,"event_name":"World of Goop","floor":2,"gold_loss":0},{"damage_healed":0,"gold_gain":0,"player_choice":"Entered Light","damage_taken":14,"max_hp_gain":0,"max_hp_loss":0,"event_name":"Shining Light","floor":7,"gold_loss":0,"cards_upgraded":["Defend_G","Bouncing Flask"]},{"damage_healed":0,"gold_gain":0,"player_choice":"Grow","damage_taken":0,"max_hp_gain":0,"max_hp_loss":0,"event_name":"Living Wall","floor":13,"gold_loss":0,"cards_upgraded":["Wraith Form v2"]},{"damage_healed":0,"gold_gain":0,"player_choice":"Take Wound","damage_taken":0,"relics_obtained":["Golden Idol"],"max_hp_gain":0,"max_hp_loss":0,"event_name":"Golden Idol","floor":14,"gold_loss":0,"cards_obtained":["Injury"]}],"is_beta":false,"boss_relics":[{"not_picked":["Orrery","Ring of the Serpent"],"picked":"Black Star"}],"items_purged_floors":[12],"is_endless":false,"potions_floor_spawned":[4,5,6,16,18],"killed_by":"Snake Plant","ascension_level":4}