{"gold_per_floor":[119,119,133,133,133,145,190,218,277,321,352,364,396,423,435,552,564,591,614,32,51,2,36,36,135,135,135,135,135,146,177,177,177],"floor_reached":33,"playtime":1664,"items_purged":["Strike_B"],"score":432,"play_id":"aa3f4cb0-4168-4e78-b0fc-7572d9fd5965","local_time":"20190423115450","is_ascension_mode":true,"campfire_choices":[{"data":"Zap","floor":6,"key":"SMITH"},{"data":"Dualcast","floor":12,"key":"SMITH"},{"data":"Go for the Eyes","floor":15,"key":"SMITH"},{"floor":27,"key":"REST"},{"data":"Coolheaded","floor":29,"key":"SMITH"},{"data":"Leap","floor":32,"key":"SMITH"}],"neow_cost":"NONE","seed_source_timestamp":11048363767645,"circlet_count":0,"master_deck":["Strike_B","Strike_B","Defend_B","Defend_B","Defend_B","Defend_B","Zap+1","Dualcast+1","Leap+1","Sweeping Beam","Leap","Coolheaded+1","Defragment+1","Core Surge","Sweeping Beam","Go for the Eyes+1","Machine Learning+1","Glacier+1","Ball Lightning","Core Surge","FTL+1","Darkness+1"],"relics":["Cracked Core","Art of War","MawBank","Frozen Egg 2","Bronze Scales","Juzu Bracelet","Busted Crown","Toxic Egg 2","Dream Catcher","Centennial Puzzle","Singing Bowl"],"potions_floor_usage":[7,10,11,16,23,33],"damage_taken":[{"damage":7,"enemies":"Jaw Worm","floor":1,"turns":3},{"damage":0,"enemies":"Small Slimes","floor":3,"turns":3},{"damage":12,"enemies":"Gremlin Nob","floor":7,"turns":4},{"damage":0,"enemies":"Cultist","floor":8,"turns":4},{"damage":2,"enemies":"Lagavulin","floor":10,"turns":7},{"damage":2,"enemies":"Lots of Slimes","floor":11,"turns":3},{"damage":2,"enemies":"Blue Slaver","floor":13,"turns":3},{"damage":0,"enemies":"Large Slime","floor":14,"turns":5},{"damage":6,"enemies":"Slime Boss","floor":16,"turns":9},{"damage":7,"enemies":"Chosen","floor":18,"turns":4},{"damage":0,"enemies":"Shell Parasite","floor":19,"turns":4},{"damage":14,"enemies":"Shelled Parasite and Fungi","floor":21,"turns":6},{"damage":34,"enemies":"Slavers","floor":23,"turns":5},{"damage":2,"enemies":"Sentry and Sphere","floor":30,"turns":4},{"damage":0,"enemies":"Book of Stabbing","floor":31,"turns":5},{"damage":62,"enemies":"Automaton","floor":33,"turns":6}],"seed_played":"-3932777176195858678","potions_obtained":[{"floor":1,"key":"Block Potion"},{"floor":3,"key":"SpeedPotion"},{"floor":7,"key":"FocusPotion"},{"floor":14,"key":"GamblersBrew"}],"is_trial":false,"path_per_floor":["?","?","T","M","$","?","?","?"],"character_chosen":"DEFECT","items_purchased":["Toxic Egg 2","Ball Lightning","Core Surge","SteroidPotion","Strength Potion"],"campfire_rested":1,"item_purchase_floors":[20,20,20,20,22],"current_hp_per_floor":[68,65,65,65,65,65,53,53,53,51,49,49,47,47,47,41,72,65,65,65,51,51,17,17,17,17,41,41,41,39,41,41,0],"gold":177,"neow_bonus":"TEN_PERCENT_HP_BONUS","is_prod":false,"is_daily":false,"chose_seed":false,"campfire_upgraded":5,"win_rate":0,"timestamp":1556013290,"path_taken":["M","?","M","?","?","R","E","?","T","E","M","R","M","M","R","BOSS","M","M","?","M","$","E","?","?","T","R","?","R","M","E","R","BOSS"],"build_version":"2019-01-23","purchased_purges":1,"victory":false,"max_hp_per_floor":[82,82,82,82,82,82,82,82,82,82,82,82,82,82,82,82,82,82,82,82,82,82,82,82,82,82,82,82,82,82,84,84,84],"card_choices":[{"not_picked":["Auto Shields","Redo"],"picked":"Leap","floor":1},{"not_picked":["Blizzard","Genetic Algorithm"],"picked":"Sweeping Beam","floor":3},{"not_picked":["FTL","Steam"],"picked":"Leap","floor":7},{"not_picked":["Reprogram","Barrage"],"picked":"Coolheaded","floor":8},{"not_picked":["Turbo","Chill"],"picked":"Defragment+1","floor":10},{"not_picked":["Coolheaded","Compile Driver"],"picked":"Core Surge","floor":11},{"not_picked":["Steam Power","Streamline"],"picked":"Sweeping Beam","floor":13},{"not_picked":["Redo","Coolheaded"],"picked":"Go for the Eyes","floor":14},{"not_picked":["Multi-Cast","Thunder Strike"],"picked":"Machine Learning+1","floor":16},{"not_picked":["Stack+1"],"picked":"SKIP","floor":18},{"not_picked":[],"picked":"Glacier","floor":19},{"not_picked":[],"picked":"FTL+1","floor":21},{"not_picked":["Auto Shields+1"],"picked":"SKIP","floor":23},{"not_picked":[],"picked":"Darkness+1","floor":30},{"not_picked":["Heatsinks+1"],"picked":"Singing Bowl","floor":31}],"player_experience":507983,"relics_obtained":[{"floor":5,"key":"MawBank"},{"floor":7,"key":"Frozen Egg 2"},{"floor":9,"key":"Bronze Scales"},{"floor":10,"key":"Juzu Bracelet"},{"floor":23,"key":"Dream Catcher"},{"floor":26,"key":"Centennial Puzzle"},{"floor":31,"key":"Singing Bowl"}],"event_choices":[{"damage_healed":0,"gold_gain":0,"player_choice":"Success","damage_taken":3,"relics_obtained":["Art of War"],"max_hp_gain":0,"max_hp_loss":0,"event_name":"Scrap Ooze","floor":2,"gold_loss":0},{"cards_removed":["Strike_B"],"damage_healed":0,"gold_gain":0,"player_choice":"Forget","damage_taken":0,"max_hp_gain":0,"max_hp_loss":0,"event_name":"Living Wall","floor":4,"gold_loss":0},{"damage_healed":0,"gold_gain":0,"player_choice":"Ignored","damage_taken":0,"max_hp_gain":0,"max_hp_loss":0,"event_name":"Beggar","floor":24,"gold_loss":0},{"damage_healed":0,"gold_gain":99,"player_choice":"Stole From Cult","damage_taken":0,"max_hp_gain":0,"max_hp_loss":0,"event_name":"Nest","floor":25,"gold_loss":0},{"damage_healed":0,"gold_gain":0,"player_choice":"Upgraded","damage_taken":0,"max_hp_gain":0,"max_hp_loss":0,"event_name":"Upgrade Shrine","floor":28,"gold_loss":0,"cards_upgraded":["Glacier"]}],"is_beta":false,"boss_relics":[{"not_picked":["Snecko Eye","White Beast Statue"],"picked":"Busted Crown"}],"items_purged_floors":[20],"is_endless":false,"potions_floor_spawned":[1,3,7,14],"killed_by":"Automaton","ascension_level":7}