{"gold_per_floor":[115,133,151,170,182,216,216,228,228,228,241,304,304,316,316,413,413,353,353,353,353,353,353,353,353,353,353,353,353,353,353,353,353,353,353,353,353,353,353,353,353,353,353,353,353,353,353,283,283,283,283,283,35,35,35],"floor_reached":55,"playtime":4165,"items_purged":["Decay"],"score":1048,"play_id":"cccc339e-aff4-401f-b314-300a0e6d5f5e","local_time":"20190517235258","is_ascension_mode":true,"campfire_choices":[{"data":"Bash","floor":7.0,"key":"SMITH"},{"floor":13.0,"key":"REST"},{"data":"Limit Break","floor":15.0,"key":"SMITH"},{"data":"Flame Barrier","floor":24.0,"key":"SMITH"},{"data":"Heavy Blade","floor":28.0,"key":"SMITH"},{"floor":30.0,"key":"RECALL"},{"floor":32.0,"key":"REST"},{"floor":40.0,"key":"REST"},{"floor":47.0,"key":"REST"},{"floor":49.0,"key":"REST"},{"floor":52.0,"key":"REST"}],"neow_cost":"NONE","seed_source_timestamp":0,"circlet_count":0,"master_deck":["Strike_R","Strike_R","Strike_R","Strike_R","Strike_R","Defend_R","Defend_R+1","Defend_R+1","Bash+1","Armaments","Anger","Heavy Blade+1","Spot Weakness","Flame Barrier+1","Perfected Strike","Cleave","Anger","Metallicize","Limit Break+1","Immolate","Warcry+1","Spot Weakness","Cleave+1","Perfected Strike","True Grit+1","Barricade","Flex+1","Heavy Blade+1","Impervious","Shrug It Off+1","Clothesline+1","Entrench+1","Exhume","Shrug It Off+1","Havoc+1","Shockwave","Headbutt","Apotheosis","Dark Embrace"],"special_seed":0,"relics":["Burning Blood","Pen Nib","Matryoshka","Regal Pillow","Paper Frog","Centennial Puzzle","Ectoplasm","Unceasing Top","Mango","War Paint","Dream Catcher","Tiny Chest","Charon\u0027s Ashes","Fusion Hammer","Bag of Marbles","Art of War","Anchor","Orichalcum"],"potions_floor_usage":[54,55,55,55,55,55],"damage_taken":[{"damage":0.0,"enemies":"2 Louse","floor":1.0,"turns":3.0},{"damage":6.0,"enemies":"Cultist","floor":2.0,"turns":3.0},{"damage":10.0,"enemies":"Small Slimes","floor":3.0,"turns":3.0},{"damage":3.0,"enemies":"3 Louse","floor":4.0,"turns":3.0},{"damage":25.0,"enemies":"Exordium Thugs","floor":5.0,"turns":4.0},{"damage":20.0,"enemies":"3 Sentries","floor":6.0,"turns":6.0},{"damage":18.0,"enemies":"Lots of Slimes","floor":8.0,"turns":4.0},{"damage":2.0,"enemies":"3 Louse","floor":11.0,"turns":3.0},{"damage":16.0,"enemies":"Gremlin Nob","floor":12.0,"turns":3.0},{"damage":9.0,"enemies":"Red Slaver","floor":14.0,"turns":2.0},{"damage":50.0,"enemies":"Hexaghost","floor":16.0,"turns":8.0},{"damage":11.0,"enemies":"2 Thieves","floor":18.0,"turns":3.0},{"damage":14.0,"enemies":"Colosseum Slavers","floor":21.0,"turns":3.0},{"damage":13.0,"enemies":"Shell Parasite","floor":22.0,"turns":4.0},{"damage":6.0,"enemies":"Gremlin Leader","floor":23.0,"turns":5.0},{"damage":21.0,"enemies":"Book of Stabbing","floor":25.0,"turns":5.0},{"damage":6.0,"enemies":"3 Cultists","floor":27.0,"turns":4.0},{"damage":0.0,"enemies":"Gremlin Leader","floor":29.0,"turns":4.0},{"damage":34.0,"enemies":"Champ","floor":33.0,"turns":7.0},{"damage":4.0,"enemies":"3 Shapes","floor":35.0,"turns":5.0},{"damage":5.0,"enemies":"Orb Walker","floor":37.0,"turns":3.0},{"damage":14.0,"enemies":"4 Shapes","floor":38.0,"turns":2.0},{"damage":14.0,"enemies":"3 Darklings","floor":41.0,"turns":3.0},{"damage":43.0,"enemies":"Nemesis","floor":42.0,"turns":7.0},{"damage":2.0,"enemies":"Giant Head","floor":44.0,"turns":8.0},{"damage":10.0,"enemies":"Transient","floor":45.0,"turns":5.0},{"damage":15.0,"enemies":"Awakened One","floor":50.0,"turns":9.0},{"damage":55,"enemies":"Shield and Spear","floor":54,"turns":9},{"damage":43,"enemies":"The Heart","floor":55,"turns":5}],"seed_played":"7749474296777680868","potions_obtained":[{"floor":1.0,"key":"EssenceOfSteel"},{"floor":5.0,"key":"LiquidBronze"},{"floor":8.0,"key":"Poison Potion"},{"floor":11.0,"key":"SpeedPotion"},{"floor":14.0,"key":"EntropicBrew"},{"floor":16.0,"key":"Fire Potion"},{"floor":23.0,"key":"Regen Potion"},{"floor":25.0,"key":"Energy Potion"}],"is_trial":false,"path_per_floor":["M","M","M","M","M","E","R","M","T","?","M","?","R","M","R","B",null,"M","?","$","?","M","E","R","E","T","M","R","E","R","?","R","B",null,"M","T","M","M","?","R","M","E","T","E","M","?","R","$","R","B",null,"R","$","E","B"],"character_chosen":"IRONCLAD","items_purchased":["Shockwave","Apotheosis"],"campfire_rested":6,"item_purchase_floors":[48,53],"current_hp_per_floor":[78,78,74,77,58,44,44,32,32,32,36,26,65,62,62,18,65,60,60,60,52,45,45,45,53,53,53,53,59,59,59,94,66,87,89,89,90,82,82,94,86,49,49,53,49,49,89,89,89,80,87,89,89,40,0],"gold":35,"neow_bonus":"RANDOM_COMMON_RELIC","is_prod":false,"is_daily":false,"chose_seed":false,"campfire_upgraded":4,"win_rate":0,"timestamp":1558162378,"path_taken":["M","M","M","M","M","E","R","M","T","?","?","?","R","M","R","BOSS","M","?","$","?","M","E","R","E","T","M","R","E","R","?","R","BOSS","M","?","?","M","?","R","?","E","T","E","M","?","R","$","R","BOSS","R","$","E","BOSS"],"build_version":"2019-01-23","purchased_purges":1,"victory":false,"max_hp_per_floor":[80,80,80,80,80,80,80,80,80,80,80,80,80,80,80,80,80,80,80,80,80,80,80,80,94,94,94,94,94,94,94,94,94,94,94,94,94,94,94,94,94,94,94,94,94,89,89,89,89,89,89,89,89,89,89],"card_choices":[{"not_picked":["Evolve","Rupture"],"picked":"Armaments","floor":1.0},{"not_picked":["Burning Pact","Combust"],"picked":"Anger","floor":2.0},{"not_picked":["Iron Wave","Combust"],"picked":"Heavy Blade","floor":3.0},{"not_picked":["Headbutt","Armaments"],"picked":"Spot Weakness","floor":4.0},{"not_picked":["Anger","Pommel Strike"],"picked":"Flame Barrier","floor":5.0},{"not_picked":["Disarm","Burning Pact"],"picked":"Perfected Strike","floor":6.0},{"not_picked":["Sword Boomerang","Combust"],"picked":"Cleave","floor":8.0},{"not_picked":["Wild Strike","Intimidate"],"picked":"Anger","floor":11.0},{"not_picked":["Flex","Second Wind"],"picked":"Metallicize","floor":12.0},{"not_picked":["Headbutt","Combust"],"picked":"Limit Break","floor":14.0},{"not_picked":["Double Tap","Exhume"],"picked":"Immolate","floor":16.0},{"not_picked":["Power Through","Reckless Charge+1"],"picked":"Warcry+1","floor":18.0},{"not_picked":["Havoc","Clash+1","Inflame"],"picked":"SKIP","floor":22.0},{"not_picked":["Clash","Thunderclap","Cleave"],"picked":"SKIP","floor":23.0},{"not_picked":["Sword Boomerang","Clash+1"],"picked":"Cleave+1","floor":25.0},{"not_picked":["Rupture+1","Thunderclap","Dual Wield"],"picked":"SKIP","floor":27.0},{"not_picked":["Combust","Heavy Blade"],"picked":"Perfected Strike","floor":29.0},{"not_picked":["Sword Boomerang","Inflame+1"],"picked":"True Grit+1","floor":32.0},{"not_picked":["Fiend Fire","Demon Form"],"picked":"Barricade","floor":33.0},{"not_picked":["Havoc","Clash+1"],"picked":"Flex+1","floor":35.0},{"not_picked":["Intimidate+1","Clothesline"],"picked":"Heavy Blade+1","floor":37.0},{"not_picked":["Cleave","Blood for Blood+1"],"picked":"Impervious","floor":38.0},{"not_picked":["Dropkick+1","Searing Blow+1"],"picked":"Shrug It Off+1","floor":40.0},{"not_picked":["Sword Boomerang","Flex+1"],"picked":"Clothesline+1","floor":41.0},{"not_picked":["Searing Blow+1","Reckless Charge+1"],"picked":"Entrench+1","floor":42.0},{"not_picked":["Flex+1","Limit Break"],"picked":"Exhume","floor":44.0},{"not_picked":["Warcry","Wild Strike"],"picked":"Shrug It Off+1","floor":45.0},{"not_picked":["Iron Wave","Wild Strike"],"picked":"Havoc+1","floor":47.0},{"not_picked":["Seeing Red+1","True Grit"],"picked":"Headbutt","floor":49.0},{"not_picked":["Reckless Charge","Intimidate+1"],"picked":"Dark Embrace","floor":54}],"player_experience":120002,"relics_obtained":[{"floor":6.0,"key":"Matryoshka"},{"floor":9.0,"key":"Regal Pillow"},{"floor":9.0,"key":"Paper Frog"},{"floor":23.0,"key":"Unceasing Top"},{"floor":25.0,"key":"Mango"},{"floor":26.0,"key":"War Paint"},{"floor":26.0,"key":"Dream Catcher"},{"floor":29.0,"key":"Tiny Chest"},{"floor":42.0,"key":"Bag of Marbles"},{"floor":43.0,"key":"Art of War"},{"floor":44.0,"key":"Anchor"},{"floor":54,"key":"Orichalcum"}],"event_choices":[{"cards_removed":["Defend_R"],"damage_healed":0.0,"max_hp_gain":0.0,"max_hp_loss":0.0,"gold_gain":0.0,"event_name":"Wheel of Change","player_choice":"Card Removal","floor":10.0,"gold_loss":0.0,"damage_taken":0.0},{"damage_healed":0.0,"max_hp_gain":0.0,"max_hp_loss":0.0,"gold_gain":0.0,"event_name":"Dead Adventurer","player_choice":"Searched \u00272\u0027 times","floor":12.0,"gold_loss":0.0,"damage_taken":0.0,"relics_obtained":["Centennial Puzzle"]},{"damage_healed":0.0,"max_hp_gain":0.0,"max_hp_loss":0.0,"gold_gain":0.0,"event_name":"Duplicator","player_choice":"Copied","floor":19.0,"gold_loss":0.0,"damage_taken":0.0,"cards_obtained":["Spot Weakness"]},{"damage_healed":0.0,"max_hp_gain":0.0,"max_hp_loss":0.0,"gold_gain":0.0,"event_name":"Colosseum","player_choice":"Fight","floor":21.0,"gold_loss":0.0,"damage_taken":0.0},{"damage_healed":0.0,"max_hp_gain":0.0,"max_hp_loss":0.0,"gold_gain":0.0,"event_name":"Colosseum","player_choice":"Fled From Nobs","floor":21.0,"gold_loss":0.0,"damage_taken":0.0},{"damage_healed":0.0,"max_hp_gain":0.0,"max_hp_loss":0.0,"gold_gain":0.0,"event_name":"WeMeetAgain","player_choice":"Gave Potion","floor":31.0,"gold_loss":0.0,"damage_taken":0.0,"relics_obtained":["Charon\u0027s Ashes"]},{"damage_healed":0.0,"max_hp_gain":0.0,"max_hp_loss":0.0,"gold_gain":0.0,"event_name":"Wheel of Change","player_choice":"Cursed","floor":39.0,"gold_loss":0.0,"damage_taken":0.0,"cards_obtained":["Decay"]},{"damage_healed":0.0,"max_hp_gain":0.0,"max_hp_loss":5.0,"gold_gain":0.0,"event_name":"Winding Halls","player_choice":"Max HP","floor":46.0,"gold_loss":0.0,"damage_taken":0.0}],"is_beta":false,"boss_relics":[{"not_picked":["White Beast Statue","Busted Crown"],"picked":"Ectoplasm"},{"not_picked":["Eternal Feather","Black Blood"],"picked":"Fusion Hammer"}],"items_purged_floors":[53],"is_endless":false,"potions_floor_spawned":[1,5,8,11,14,16,23,25,27,29,35,37,41,45],"killed_by":"The Heart","ascension_level":6}