{"gold_per_floor":[118,193,193,206,223,223,250,250,250,271,281,281,316,97,97,196,196,209,209,41,55,75,100,100,132,156,31,31,43,59,84,84,183,183,197,197,213,224,237,237,265,281,281,281,312,326,326,336,336,336,336,336,83,117,117],"floor_reached":56,"playtime":7597,"items_purged":["Strike_R","Pain","Strike_R"],"score":1537,"play_id":"85697e1a-43ed-4af7-a7d0-72d156cafbf3","local_time":"20190626130632","is_ascension_mode":true,"campfire_choices":[{"data":"Bash","floor":6.0,"key":"SMITH"},{"data":"Immolate","floor":8.0,"key":"SMITH"},{"data":"Hemokinesis","floor":15.0,"key":"SMITH"},{"data":"Feel No Pain","floor":24.0,"key":"SMITH"},{"data":"Seeing Red","floor":28.0,"key":"SMITH"},{"data":"Offering","floor":32.0,"key":"SMITH"},{"floor":40.0,"key":"RECALL"},{"data":"Barricade","floor":44,"key":"SMITH"},{"data":"Corruption","floor":47,"key":"SMITH"},{"data":"Impervious","floor":49,"key":"SMITH"},{"data":"Battle Trance","floor":52,"key":"SMITH"}],"neow_cost":"NONE","seed_source_timestamp":0,"circlet_count":0,"master_deck":["Strike_R","Strike_R","Defend_R+1","Defend_R","Defend_R+1","Defend_R","Bash+1","Shrug It Off","Bash","Hemokinesis+1","Clothesline","Shrug It Off","Immolate+1","Feel No Pain+1","Battle Trance+1","Pummel","Offering+1","Reaper","Shrug It Off","Corruption+1","Pommel Strike+1","Seeing Red+1","Spot Weakness","Intimidate","Reaper","Shrug It Off","Inflame","True Grit+1","Barricade+1","Armaments+1","Impervious+1","Havoc"],"special_seed":0,"relics":["Burning Blood","Dead Branch","Magic Flower","Odd Mushroom","FossilizedHelix","War Paint","Sozu","WarpedTongs","Art of War","Dream Catcher","Omamori","Anchor","Coffee Dripper","Paper Frog","Orichalcum","Letter Opener","Blood Vial"],"potions_floor_usage":[],"damage_taken":[{"damage":5.0,"enemies":"Jaw Worm","floor":1.0,"turns":5.0},{"damage":3.0,"enemies":"Small Slimes","floor":4.0,"turns":3.0},{"damage":9.0,"enemies":"Cultist","floor":5.0,"turns":4.0},{"damage":32.0,"enemies":"3 Sentries","floor":7.0,"turns":10.0},{"damage":0.0,"enemies":"The Mushroom Lair","floor":10.0,"turns":1.0},{"damage":0.0,"enemies":"Blue Slaver","floor":11.0,"turns":5.0},{"damage":42.0,"enemies":"Lagavulin","floor":13.0,"turns":8.0},{"damage":8.0,"enemies":"Slime Boss","floor":16.0,"turns":7.0},{"damage":6.0,"enemies":"2 Thieves","floor":18.0,"turns":2.0},{"damage":0.0,"enemies":"Shell Parasite","floor":21.0,"turns":5.0},{"damage":0.0,"enemies":"Snake Plant","floor":22.0,"turns":3.0},{"damage":0.0,"enemies":"Book of Stabbing","floor":23.0,"turns":4.0},{"damage":6.0,"enemies":"Gremlin Leader","floor":25.0,"turns":4.0},{"damage":0.0,"enemies":"3 Cultists","floor":29.0,"turns":2.0},{"damage":6.0,"enemies":"Sentry and Sphere","floor":30.0,"turns":4.0},{"damage":20.0,"enemies":"Book of Stabbing","floor":31.0,"turns":4.0},{"damage":20.0,"enemies":"Collector","floor":33.0,"turns":9.0},{"damage":0.0,"enemies":"3 Shapes","floor":35.0,"turns":3.0},{"damage":0.0,"enemies":"3 Darklings","floor":37.0,"turns":3.0},{"damage":0.0,"enemies":"Sphere and 2 Shapes","floor":38.0,"turns":3.0},{"damage":2.0,"enemies":"Maw","floor":39.0,"turns":6.0},{"damage":2,"enemies":"Reptomancer","floor":41,"turns":4},{"damage":0,"enemies":"Spire Growth","floor":42,"turns":3},{"damage":6,"enemies":"Nemesis","floor":45,"turns":5},{"damage":0,"enemies":"Sphere and 2 Shapes","floor":46,"turns":3},{"damage":2,"enemies":"Transient","floor":48,"turns":4},{"damage":0,"enemies":"Donu and Deca","floor":50,"turns":4},{"damage":0,"enemies":"Shield and Spear","floor":54,"turns":2},{"damage":51,"enemies":"The Heart","floor":55,"turns":8}],"seed_played":"8950809840210282819","potions_obtained":[{"floor":4.0,"key":"BloodPotion"},{"floor":11.0,"key":"Dexterity Potion"},{"floor":13.0,"key":"SpeedPotion"}],"is_trial":false,"path_per_floor":["?","?","M","?","?","?","$","$","?","M","M"],"character_chosen":"IRONCLAD","items_purchased":["War Paint","Corruption","Letter Opener"],"campfire_rested":0,"item_purchase_floors":[14,20,53],"current_hp_per_floor":[88,77,77,80,77,77,51,51,51,60,69,69,36,36,36,37,88,88,88,88,88,88,88,88,88,88,88,88,88,88,77,77,88,88,88,88,88,88,88,88,88,88,88,88,88,88,88,88,88,88,88,88,88,88,88],"gold":117,"neow_bonus":"TEN_PERCENT_HP_BONUS","is_prod":false,"is_daily":false,"chose_seed":false,"campfire_upgraded":10,"win_rate":0,"timestamp":1561547192,"path_taken":["M","?","?","M","?","R","E","R","T","?","M","?","E","$","R","BOSS","M","?","?","M","M","E","R","E","T","?","R","M","M","E","R","BOSS","M","?","?","M","M","R","E","M","T","R","E","?","R","M","R","BOSS","R","$","E","BOSS"],"build_version":"2019-01-23","purchased_purges":3,"victory":true,"max_hp_per_floor":[88,88,88,88,88,88,88,88,88,88,88,88,88,88,88,88,88,88,88,88,88,88,88,88,88,88,88,88,88,88,88,88,88,88,88,88,88,88,88,88,88,88,88,88,88,88,88,88,88,88,88,88,88,88,88],"card_choices":[{"not_picked":["Warcry","True Grit"],"picked":"Shrug It Off","floor":1.0},{"not_picked":["Pommel Strike","Ghostly Armor"],"picked":"Clothesline","floor":4.0},{"not_picked":["Sever Soul","Clash"],"picked":"Shrug It Off","floor":5.0},{"not_picked":["Bloodletting","Clothesline"],"picked":"Immolate","floor":7.0},{"not_picked":["Pommel Strike","Whirlwind"],"picked":"Feel No Pain","floor":10.0},{"not_picked":["Havoc","Burning Pact"],"picked":"Battle Trance","floor":11.0},{"not_picked":["Heavy Blade","Whirlwind"],"picked":"Offering","floor":13.0},{"not_picked":["Berserk","Offering"],"picked":"Reaper","floor":16.0},{"not_picked":["Whirlwind","Second Wind+1"],"picked":"Shrug It Off","floor":18.0},{"not_picked":["Flex+1","Twin Strike"],"picked":"Pommel Strike+1","floor":21.0},{"not_picked":["Flex","Clothesline","Clash+1"],"picked":"SKIP","floor":22.0},{"not_picked":["Power Through","Warcry"],"picked":"Seeing Red","floor":23.0},{"not_picked":["Warcry+1","Perfected Strike"],"picked":"Spot Weakness","floor":25.0},{"not_picked":["Corruption","Headbutt"],"picked":"Intimidate","floor":29.0},{"not_picked":["Whirlwind","Clash","Iron Wave"],"picked":"SKIP","floor":30.0},{"not_picked":["Anger","Warcry","Perfected Strike"],"picked":"SKIP","floor":31.0},{"not_picked":["Impervious","Berserk"],"picked":"Reaper","floor":33.0},{"not_picked":["Body Slam","Searing Blow+1","Evolve+1"],"picked":"SKIP","floor":35.0},{"not_picked":["Armaments","Iron Wave"],"picked":"Shrug It Off","floor":37.0},{"not_picked":["Twin Strike+1","Power Through"],"picked":"Inflame","floor":38.0},{"not_picked":["Reckless Charge","Flex","Power Through+1"],"picked":"SKIP","floor":39.0},{"not_picked":["Headbutt","Perfected Strike"],"picked":"True Grit+1","floor":41},{"not_picked":["Cleave","Rage+1"],"picked":"Barricade","floor":42},{"not_picked":["Anger+1","Blood for Blood+1"],"picked":"Armaments+1","floor":45},{"not_picked":["Twin Strike","Spot Weakness","Pommel Strike"],"picked":"SKIP","floor":46},{"not_picked":["Havoc","Cleave"],"picked":"Impervious","floor":48},{"not_picked":["Rupture+1","Spot Weakness"],"picked":"Havoc","floor":54}],"player_experience":908001,"relics_obtained":[{"floor":7.0,"key":"Dead Branch"},{"floor":9.0,"key":"Magic Flower"},{"floor":10.0,"key":"Odd Mushroom"},{"floor":13.0,"key":"FossilizedHelix"},{"floor":23.0,"key":"Art of War"},{"floor":25.0,"key":"Dream Catcher"},{"floor":26.0,"key":"Omamori"},{"floor":31.0,"key":"Anchor"},{"floor":41,"key":"Paper Frog"},{"floor":45,"key":"Orichalcum"},{"floor":54,"key":"Blood Vial"}],"event_choices":[{"damage_healed":0.0,"max_hp_gain":0.0,"max_hp_loss":0.0,"gold_gain":75.0,"event_name":"World of Goop","player_choice":"Gather Gold","floor":2.0,"gold_loss":0.0,"damage_taken":11.0},{"damage_healed":0.0,"max_hp_gain":0.0,"max_hp_loss":0.0,"gold_gain":0.0,"event_name":"Match and Keep!","player_choice":"2 cards matched","floor":3.0,"gold_loss":0.0,"damage_taken":0.0,"cards_obtained":["Bash","Hemokinesis"]},{"damage_healed":0.0,"max_hp_gain":0.0,"max_hp_loss":0.0,"gold_gain":0.0,"event_name":"Mushrooms","player_choice":"Fought Mushrooms","floor":10.0,"gold_loss":0.0,"damage_taken":0.0},{"damage_healed":0.0,"max_hp_gain":0.0,"max_hp_loss":0.0,"gold_gain":0.0,"cards_transformed":["Strike_R"],"event_name":"Transmorgrifier","player_choice":"Transformed","floor":12.0,"gold_loss":0.0,"damage_taken":0.0,"cards_obtained":["Pummel"]},{"damage_healed":0.0,"max_hp_gain":0.0,"max_hp_loss":0.0,"gold_gain":0.0,"event_name":"Accursed Blacksmith","player_choice":"Rummage","floor":19.0,"gold_loss":0.0,"damage_taken":0.0,"relics_obtained":["WarpedTongs"],"cards_obtained":["Pain"]},{"damage_healed":0.0,"max_hp_gain":0.0,"max_hp_loss":0.0,"gold_gain":0.0,"event_name":"SecretPortal","player_choice":"Ignored","floor":36.0,"gold_loss":0.0,"damage_taken":0.0}],"is_beta":false,"boss_relics":[{"not_picked":["Pandora\u0027s Box","Tiny House"],"picked":"Sozu"},{"not_picked":["Empty Cage","Cursed Key"],"picked":"Coffee Dripper"}],"items_purged_floors":[14,20,27],"is_endless":false,"potions_floor_spawned":[4,11,13,16,21,22,31,35,38,41,42],"ascension_level":1}