{"gold_per_floor":[112,82,94,94,104,169,169,204,230,245,274,274,308,322,322,419,419,433,445,395,411,424,457,457,457],"floor_reached":25,"playtime":2259,"items_purged":[],"score":266,"play_id":"9648aecb-73d4-4285-b830-4b7fc47ad386","local_time":"20190724002511","is_ascension_mode":true,"campfire_choices":[{"data":"Neutralize","floor":7,"key":"SMITH"},{"floor":12,"key":"REST"},{"data":"Envenom","floor":15,"key":"SMITH"},{"floor":24,"key":"REST"}],"neow_cost":"NONE","seed_source_timestamp":2942306803399900,"circlet_count":0,"master_deck":["Strike_G","Strike_G","Strike_G+1","Strike_G","Strike_G+1","Defend_G","Defend_G","Defend_G","Defend_G","Defend_G","Survivor","Neutralize+1","Poisoned Stab","Sucker Punch","Prepared","Backflip","Noxious Fumes","Backflip","Envenom+1","Leg Sweep","Backflip","Malaise","Noxious Fumes","Setup","Deadly Poison+1","Cloak And Dagger","Dodge and Roll"],"relics":["Ring of the Snake","NeowsBlessing","Pocketwatch","Tiny Chest","Nunchaku","Potion Belt","Whetstone","Smiling Mask","Sozu","Shovel"],"potions_floor_usage":[6,6,6,11,13,16,23],"damage_taken":[{"damage":0,"enemies":"Cultist","floor":1,"turns":1},{"damage":0,"enemies":"Small Slimes","floor":3,"turns":1},{"damage":0,"enemies":"2 Louse","floor":5,"turns":1},{"damage":4,"enemies":"Lagavulin","floor":6,"turns":8},{"damage":32,"enemies":"3 Sentries","floor":8,"turns":16},{"damage":0,"enemies":"Large Slime","floor":10,"turns":6},{"damage":5,"enemies":"Lagavulin","floor":11,"turns":7},{"damage":14,"enemies":"3 Sentries","floor":13,"turns":6},{"damage":1,"enemies":"3 Louse","floor":14,"turns":6},{"damage":20,"enemies":"Slime Boss","floor":16,"turns":11},{"damage":1,"enemies":"Shell Parasite","floor":18,"turns":6},{"damage":0,"enemies":"3 Byrds","floor":19,"turns":5},{"damage":41,"enemies":"3 Cultists","floor":21,"turns":7},{"damage":6,"enemies":"Snake Plant","floor":22,"turns":5},{"damage":2,"enemies":"Book of Stabbing","floor":23,"turns":7},{"damage":43,"enemies":"Slavers","floor":25,"turns":6}],"seed_played":"-7596743442683724875","potions_obtained":[{"floor":1,"key":"Swift Potion"},{"floor":2,"key":"Ancient Potion"},{"floor":2,"key":"EssenceOfSteel"},{"floor":8,"key":"AttackPotion"},{"floor":11,"key":"PowerPotion"},{"floor":13,"key":"LiquidBronze"},{"floor":16,"key":"Dexterity Potion"}],"is_trial":false,"path_per_floor":["M","?","M","T","M","E","R","E","T","M","E","R","E","M","R","B",null,"M","M","?","M","M","E","R","E"],"character_chosen":"THE_SILENT","items_purchased":[],"campfire_rested":2,"item_purchase_floors":[],"current_hp_per_floor":[70,70,70,70,70,66,66,34,34,34,29,50,36,35,35,15,70,69,69,69,28,22,20,41,0],"gold":457,"neow_bonus":"THREE_ENEMY_KILL","is_prod":false,"is_daily":false,"chose_seed":false,"campfire_upgraded":2,"win_rate":0,"timestamp":1563953111,"path_taken":["M","?","?","?","M","E","R","E","T","M","E","R","E","M","R","BOSS","M","M","?","?","M","E","R","E"],"build_version":"2019-07-17","purchased_purges":0,"victory":false,"max_hp_per_floor":[70,70,70,70,70,70,70,70,70,70,70,70,70,70,70,70,70,70,70,70,70,70,70,70,70],"card_choices":[{"not_picked":["Catalyst","Quick Slash"],"picked":"Poisoned Stab","floor":1},{"not_picked":["Quick Slash","Flying Knee"],"picked":"Sucker Punch","floor":3},{"not_picked":["Tactician","Heel Hook"],"picked":"Prepared","floor":5},{"not_picked":["Prepared","Wraith Form v2"],"picked":"Backflip","floor":6},{"not_picked":["Quick Slash","Concentrate"],"picked":"Noxious Fumes","floor":8},{"not_picked":["Flechettes","Catalyst"],"picked":"Backflip","floor":10},{"not_picked":["Outmaneuver","Flying Knee"],"picked":"Envenom","floor":11},{"not_picked":["All Out Attack","Setup"],"picked":"Leg Sweep","floor":13},{"not_picked":["Dagger Spray","Dagger Throw"],"picked":"Backflip","floor":14},{"not_picked":["Tools of the Trade","Doppelganger"],"picked":"Malaise","floor":16},{"not_picked":["Quick Slash","Poisoned Stab"],"picked":"Noxious Fumes","floor":18},{"not_picked":["Dagger Spray+1","Acrobatics"],"picked":"Setup","floor":19},{"not_picked":["Dodge and Roll","Setup"],"picked":"Deadly Poison+1","floor":21},{"not_picked":["Dagger Throw","Predator"],"picked":"Cloak And Dagger","floor":22},{"not_picked":["Blade Dance","Setup"],"picked":"Dodge and Roll","floor":23}],"player_experience":69849,"relics_obtained":[{"floor":4,"key":"Pocketwatch"},{"floor":6,"key":"Tiny Chest"},{"floor":8,"key":"Nunchaku"},{"floor":9,"key":"Potion Belt"},{"floor":11,"key":"Whetstone"},{"floor":13,"key":"Smiling Mask"},{"floor":23,"key":"Shovel"}],"event_choices":[{"damage_healed":0,"gold_gain":0,"player_choice":"Bought 2 Potions","damage_taken":0,"max_hp_gain":0,"max_hp_loss":0,"event_name":"The Woman in Blue","floor":2,"gold_loss":0},{"damage_healed":0,"gold_gain":0,"player_choice":"Bet on Owner","damage_taken":0,"max_hp_gain":0,"max_hp_loss":0,"event_name":"The Joust","floor":20,"gold_loss":50}],"is_beta":false,"boss_relics":[{"not_picked":["HoveringKite","Fusion Hammer"],"picked":"Sozu"}],"items_purged_floors":[],"is_endless":false,"potions_floor_spawned":[1,3,8,11,13,16,18,21,23],"killed_by":"Slavers","ascension_level":1}