{"gold_per_floor":[111,111,111,111,129,145,145,155,205,239,251,201,2,22,22,117,117,134,153,171,171,17,17,17,52,129,129,146,146,156,171,171,267,267,281,61,72,82,82,82,101,101,101,112,112,212,222,242,242,242],"floor_reached":51,"playtime":3942,"items_purged":["Heatsinks"],"score":705,"play_id":"92bf3ee5-cf4c-4857-87f5-891eb74b8a57","local_time":"20190319113603","is_ascension_mode":true,"campfire_choices":[{"data":"Zap","floor":7,"key":"SMITH"},{"data":"Darkness","floor":15,"key":"SMITH"},{"floor":23,"key":"REST"},{"floor":27,"key":"REST"},{"data":"Dualcast","floor":29,"key":"SMITH"},{"data":"Amplify","floor":32,"key":"SMITH"},{"data":"Defragment","floor":40,"key":"SMITH"},{"data":"1","floor":42,"key":"LIFT"},{"data":"2","floor":45,"key":"LIFT"},{"data":"Defragment","floor":49,"key":"SMITH"}],"neow_cost":"NONE","seed_source_timestamp":6033178142008,"circlet_count":0,"master_deck":["Strike_B+1","Defend_B+1","Zap+1","Dualcast+1","Cold Snap","Genetic Algorithm+1","Darkness+1","Genetic Algorithm","Coolheaded+1","Machine Learning","Defragment+1","Defragment","Tempest","Sunder","Defragment+1","Gash+1","Cold Snap+1","Leap+1","Heatsinks+1","Cold Snap","White Noise+1","Sweeping Beam+1","Multi-Cast","Coolheaded+1","Scrape+1","Cold Snap+1","Chaos"],"relics":["Empty Cage","Boot","Regal Pillow","Bronze Scales","Sozu","Vajra","Pantograph","Girya","Matryoshka","Astrolabe","War Paint","Potion Belt","Mummified Hand","Dead Branch"],"potions_floor_usage":[10,19,50],"damage_taken":[{"damage":1,"enemies":"Jaw Worm","floor":1,"turns":4},{"damage":0,"enemies":"2 Louse","floor":5,"turns":3},{"damage":0,"enemies":"Small Slimes","floor":6,"turns":3},{"damage":3,"enemies":"Red Slaver","floor":8,"turns":4},{"damage":0,"enemies":"Lagavulin","floor":10,"turns":9},{"damage":5,"enemies":"Blue Slaver","floor":11,"turns":4},{"damage":1,"enemies":"Exordium Wildlife","floor":14,"turns":4},{"damage":33,"enemies":"The Guardian","floor":16,"turns":12},{"damage":0,"enemies":"Shell Parasite","floor":18,"turns":5},{"damage":21,"enemies":"3 Byrds","floor":19,"turns":5},{"damage":26,"enemies":"3 Cultists","floor":20,"turns":6},{"damage":38,"enemies":"Book of Stabbing","floor":25,"turns":5},{"damage":9,"enemies":"Centurion and Healer","floor":28,"turns":6},{"damage":2,"enemies":"Snecko","floor":30,"turns":4},{"damage":5,"enemies":"Shelled Parasite and Fungi","floor":31,"turns":4},{"damage":34,"enemies":"Automaton","floor":33,"turns":9},{"damage":5,"enemies":"3 Shapes","floor":35,"turns":4},{"damage":2,"enemies":"Orb Walker","floor":37,"turns":3},{"damage":4,"enemies":"4 Shapes","floor":38,"turns":4},{"damage":10,"enemies":"Sphere and 2 Shapes","floor":41,"turns":5},{"damage":0,"enemies":"Jaw Worm Horde","floor":44,"turns":3},{"damage":0,"enemies":"Mind Bloom Boss Battle","floor":46,"turns":7},{"damage":0,"enemies":"3 Darklings","floor":47,"turns":3},{"damage":0,"enemies":"Maw","floor":48,"turns":5},{"damage":67,"enemies":"Awakened One","floor":50,"turns":15}],"seed_played":"-8816852461878485955","potions_obtained":[{"floor":5,"key":"Dexterity Potion"},{"floor":6,"key":"GamblersBrew"},{"floor":10,"key":"Ancient Potion"},{"floor":16,"key":"Weak Potion"}],"is_trial":false,"path_per_floor":["?","?","?","M","?","$","?","?","$","M","?"],"character_chosen":"DEFECT","items_purchased":["Bronze Scales","Coolheaded","Vajra","War Paint"],"campfire_rested":2,"item_purchase_floors":[13,13,22,36],"current_hp_per_floor":[74,79,63,63,63,63,63,60,60,60,55,55,55,54,54,21,80,80,59,33,33,33,72,72,34,34,73,64,64,62,57,57,46,80,75,75,73,69,69,69,59,59,59,59,59,80,80,80,80,13],"gold":242,"neow_bonus":"BOSS_RELIC","is_prod":false,"is_daily":false,"chose_seed":false,"campfire_upgraded":6,"win_rate":0,"timestamp":1552991763,"path_taken":["M","?","?","?","M","M","R","?","T","E","M","?","?","M","R","BOSS","M","M","M","?","$","R","?","E","T","R","M","R","M","M","R","BOSS","M","$","M","M","?","R","?","R","T","M","R","?","M","M","R","BOSS"],"build_version":"2019-01-23","purchased_purges":1,"victory":true,"max_hp_per_floor":[75,80,80,80,80,80,80,80,80,80,80,80,80,80,80,80,80,80,80,80,80,80,80,80,80,80,80,80,80,80,80,80,80,80,80,80,80,80,80,80,80,80,80,80,80,80,80,80,80,80],"card_choices":[{"not_picked":["Steam","Redo"],"picked":"Cold Snap","floor":1},{"not_picked":["Stack","Ball Lightning"],"picked":"Blizzard","floor":5},{"not_picked":["Streamline","White Noise"],"picked":"Darkness","floor":6},{"not_picked":["Reprogram","Storm"],"picked":"Blizzard","floor":8},{"not_picked":["Compile Driver","Barrage","Lockon"],"picked":"SKIP","floor":10},{"not_picked":["Sweeping Beam","Compile Driver"],"picked":"Genetic Algorithm","floor":11},{"not_picked":["Hologram","Ball Lightning"],"picked":"Heatsinks","floor":14},{"not_picked":["Rainbow","Biased Cognition"],"picked":"Machine Learning","floor":16},{"not_picked":["Rebound","Beam Cell"],"picked":"Defragment","floor":18},{"not_picked":["Gash","Streamline"],"picked":"Defragment","floor":19},{"not_picked":["Beam Cell","Auto Shields+1","Hologram+1"],"picked":"SKIP","floor":20},{"not_picked":["Gash","Rebound","Blizzard"],"picked":"SKIP","floor":25},{"not_picked":["Biased Cognition","Darkness"],"picked":"Defragment","floor":28},{"not_picked":["Aggregate+1","Sweeping Beam"],"picked":"Gash+1","floor":30},{"not_picked":["Reinforced Body","Steam"],"picked":"Amplify","floor":31},{"not_picked":["Barrage","Static Discharge"],"picked":"Cold Snap","floor":35},{"not_picked":["Consume","Barrage+1"],"picked":"White Noise+1","floor":37},{"not_picked":["Hologram","Beam Cell"],"picked":"Sweeping Beam+1","floor":38},{"not_picked":["Rebound","Scrape"],"picked":"Multi-Cast","floor":41},{"not_picked":["Streamline+1","Conserve Battery"],"picked":"Coolheaded+1","floor":44},{"not_picked":["Self Repair","Steam+1"],"picked":"Scrape+1","floor":46},{"not_picked":["Sunder+1","Barrage"],"picked":"Cold Snap+1","floor":47},{"not_picked":["Rip and Tear","Coolheaded+1"],"picked":"Chaos","floor":48}],"player_experience":199105,"relics_obtained":[{"floor":9,"key":"Boot"},{"floor":10,"key":"Regal Pillow"},{"floor":24,"key":"Pantograph"},{"floor":25,"key":"Girya"},{"floor":26,"key":"Matryoshka"},{"floor":43,"key":"Potion Belt"},{"floor":43,"key":"Mummified Hand"},{"floor":46,"key":"Dead Branch"}],"event_choices":[{"damage_healed":0,"gold_gain":0,"player_choice":"Donut","damage_taken":0,"max_hp_gain":5,"max_hp_loss":0,"event_name":"Big Fish","floor":2,"gold_loss":0},{"damage_healed":0,"gold_gain":0,"player_choice":"Entered Light","damage_taken":16,"max_hp_gain":0,"max_hp_loss":0,"event_name":"Shining Light","floor":3,"gold_loss":0,"cards_upgraded":["Strike_B","Defend_B"]},{"damage_healed":0,"gold_gain":0,"cards_transformed":["Strike_B"],"player_choice":"Transformed","damage_taken":0,"max_hp_gain":0,"max_hp_loss":0,"event_name":"Transmorgrifier","floor":4,"gold_loss":0,"cards_obtained":["Genetic Algorithm"]},{"cards_removed":["Defend_B"],"damage_healed":0,"gold_gain":0,"player_choice":"Card Removal","damage_taken":0,"max_hp_gain":0,"max_hp_loss":0,"event_name":"The Cleric","floor":12,"gold_loss":50},{"damage_healed":0,"gold_gain":0,"cards_transformed":["Defend_B","Defend_B"],"player_choice":"Became Test Subject","damage_taken":0,"max_hp_gain":0,"max_hp_loss":0,"event_name":"Drug Dealer","floor":21,"gold_loss":0,"cards_obtained":["Tempest","Sunder"]},{"damage_healed":0,"gold_gain":0,"player_choice":"Relic","damage_taken":0,"max_hp_gain":0,"max_hp_loss":0,"event_name":"Wheel of Change","floor":24,"gold_loss":0},{"damage_healed":0,"gold_gain":0,"player_choice":"Fight","damage_taken":0,"max_hp_gain":0,"max_hp_loss":0,"event_name":"MindBloom","floor":46,"gold_loss":0}],"is_beta":false,"boss_relics":[{"not_picked":["Pandora\u0027s Box","Busted Crown"],"picked":"Sozu"},{"not_picked":["Lizard Tail","Runic Pyramid"],"picked":"Astrolabe"}],"items_purged_floors":[36],"is_endless":false,"potions_floor_spawned":[5,6,10,16,18,19,30,33,35,38,41,44,48],"ascension_level":1}