{"gold_per_floor":[117,137,212,224,224,224,253,253,253,253,277,293,57,91,91,196,196,209,134,233,86,86,86,111,111,111,130,159,172,172,172,172,276,276,293,293,309,309,360,360,8,8,8,8,8,43,43,57,57,57,57,57,9,34,34],"floor_reached":55,"playtime":2418,"items_purged":["Strike_G","Strike_G+1"],"score":928,"play_id":"105984a9-ebcc-4e69-813d-ee15b5679541","local_time":"20190619104159","is_ascension_mode":true,"campfire_choices":[{"data":"Neutralize","floor":6.0,"key":"SMITH"},{"data":"Cloak And Dagger","floor":8.0,"key":"SMITH"},{"data":"Blade Dance","floor":10.0,"key":"SMITH"},{"data":"Accuracy","floor":15.0,"key":"SMITH"},{"data":"Envenom","floor":23.0,"key":"SMITH"},{"data":"Blade Dance","floor":25.0,"key":"SMITH"},{"data":"Deadly Poison","floor":32.0,"key":"SMITH"},{"floor":40.0,"key":"REST"},{"floor":42.0,"key":"RECALL"},{"data":"Cloak And Dagger","floor":45.0,"key":"SMITH"},{"data":"Malaise","floor":49.0,"key":"SMITH"},{"data":"After Image","floor":52.0,"key":"SMITH"}],"neow_cost":"NONE","seed_source_timestamp":0,"circlet_count":0,"master_deck":["Defend_G+1","Defend_G+1","Defend_G+1","Defend_G+1","Survivor","Neutralize+1","Blade Dance+1","Backflip","Quick Slash","Cloak And Dagger+1","Dagger Spray","Deadly Poison+1","Accuracy+1","Malaise+1","Dash","Envenom+1","Blade Dance+1","Backflip","Sucker Punch+1","Backstab+1","Escape Plan","Corpse Explosion","Injury","Footwork+1","Cloak And Dagger+1","Endless Agony+1","After Image+1","Neutralize+1","Slice+1","Blade Dance+1","Blade Dance"],"special_seed":0,"relics":["Ring of the Snake","NeowsBlessing","PreservedInsect","Bag of Marbles","Ornamental Fan","Odd Mushroom","Pen Nib","Empty Cage","Oddly Smooth Stone","Letter Opener","Pear","Molten Egg 2","Omamori","Calling Bell","Bag of Preparation","Paper Crane","Calipers","StoneCalendar","Kunai","Incense Burner","Lantern"],"potions_floor_usage":[55],"damage_taken":[{"damage":0.0,"enemies":"Jaw Worm","floor":1.0,"turns":1.0},{"damage":0.0,"enemies":"2 Louse","floor":2.0,"turns":1.0},{"damage":0.0,"enemies":"Small Slimes","floor":4.0,"turns":1.0},{"damage":12.0,"enemies":"Lagavulin","floor":7.0,"turns":9.0},{"damage":1.0,"enemies":"The Mushroom Lair","floor":11.0,"turns":5.0},{"damage":1.0,"enemies":"Blue Slaver","floor":12.0,"turns":2.0},{"damage":5.0,"enemies":"3 Sentries","floor":14.0,"turns":5.0},{"damage":0.0,"enemies":"Slime Boss","floor":16.0,"turns":5.0},{"damage":9.0,"enemies":"Shell Parasite","floor":18.0,"turns":5.0},{"damage":0.0,"enemies":"Gremlin Leader","floor":24.0,"turns":4.0},{"damage":2.0,"enemies":"Chosen","floor":27.0,"turns":4.0},{"damage":14.0,"enemies":"Slavers","floor":28.0,"turns":4.0},{"damage":0.0,"enemies":"Shelled Parasite and Fungi","floor":29.0,"turns":4.0},{"damage":30.0,"enemies":"Champ","floor":33.0,"turns":11.0},{"damage":0.0,"enemies":"Orb Walker","floor":35.0,"turns":2.0},{"damage":0.0,"enemies":"3 Shapes","floor":37.0,"turns":3.0},{"damage":67.0,"enemies":"2 Orb Walkers","floor":39.0,"turns":5.0},{"damage":0.0,"enemies":"Sphere and 2 Shapes","floor":44.0,"turns":3.0},{"damage":0.0,"enemies":"Nemesis","floor":46.0,"turns":5.0},{"damage":0.0,"enemies":"Transient","floor":48.0,"turns":5.0},{"damage":13.0,"enemies":"Awakened One","floor":50.0,"turns":16.0},{"damage":19.0,"enemies":"Shield and Spear","floor":54.0,"turns":5.0},{"damage":67,"enemies":"The Heart","floor":55,"turns":9}],"seed_played":"-3774642667073075509","potions_obtained":[{"floor":1.0,"key":"GhostInAJar"},{"floor":7.0,"key":"Energy Potion"},{"floor":12.0,"key":"SmokeBomb"},{"floor":14.0,"key":"SkillPotion"},{"floor":16.0,"key":"SteroidPotion"},{"floor":33.0,"key":"Poison Potion"},{"floor":39.0,"key":"FearPotion"},{"floor":46.0,"key":"Block Potion"}],"is_trial":false,"path_per_floor":["?","?","?","?","?","?","M","?","?","?","?","?","$","M","?"],"character_chosen":"THE_SILENT","items_purchased":["Accuracy","Malaise","Oddly Smooth Stone","Kunai","Blade Dance"],"campfire_rested":1,"item_purchase_floors":[13,13,21,41,53],"current_hp_per_floor":[70,70,59,59,56,56,44,44,44,44,43,42,42,37,37,37,70,61,61,61,61,61,61,71,71,71,69,55,55,40,40,40,10,85,85,85,85,85,18,43,43,43,43,43,43,43,43,43,43,30,85,85,85,66,0],"gold":34,"neow_bonus":"THREE_ENEMY_KILL","is_prod":false,"is_daily":false,"chose_seed":false,"campfire_upgraded":10,"win_rate":0,"timestamp":1560933719,"path_taken":["M","M","?","M","?","R","E","R","T","R","?","M","$","E","R","BOSS","M","?","?","$","?","R","E","R","T","M","E","?","?","?","R","BOSS","M","?","M","?","?","R","?","R","T","?","R","E","?","M","R","BOSS","R","$","E","BOSS"],"build_version":"2019-01-23","purchased_purges":2,"victory":false,"max_hp_per_floor":[70,70,70,70,70,70,70,70,70,70,70,70,70,70,70,70,70,70,70,70,70,70,70,80,80,80,80,80,80,85,85,85,85,85,85,85,85,85,85,85,85,85,85,85,85,85,85,85,85,85,85,85,85,85,85],"card_choices":[{"not_picked":["Eviscerate","Prepared"],"picked":"Blade Dance","floor":1.0},{"not_picked":["Slice","Doppelganger"],"picked":"Backflip","floor":2.0},{"not_picked":["Slice","Dodge and Roll"],"picked":"Quick Slash","floor":4.0},{"not_picked":["Burst","Dagger Throw"],"picked":"Cloak And Dagger","floor":7.0},{"not_picked":["Escape Plan","Choke"],"picked":"Dagger Spray","floor":11.0},{"not_picked":["Calculated Gamble","Slice"],"picked":"Deadly Poison","floor":12.0},{"not_picked":["Choke","Masterful Stab"],"picked":"Dash","floor":14.0},{"not_picked":["Adrenaline","Grand Finale"],"picked":"Envenom","floor":16.0},{"not_picked":["Prepared","Dagger Spray"],"picked":"Blade Dance","floor":18.0},{"not_picked":["Dagger Spray","Unload"],"picked":"Backflip","floor":24.0},{"not_picked":["Finisher+1","Concentrate"],"picked":"Sucker Punch+1","floor":27.0},{"not_picked":["Eviscerate+1","Noxious Fumes"],"picked":"Backstab+1","floor":28.0},{"not_picked":["Terror","Setup"],"picked":"Escape Plan","floor":29.0},{"not_picked":["Unload+1","Envenom"],"picked":"Corpse Explosion","floor":33.0},{"not_picked":["Prepared","PiercingWail"],"picked":"Footwork+1","floor":35.0},{"not_picked":["Riddle With Holes+1","Setup","Masterful Stab+1"],"picked":"SKIP","floor":37.0},{"not_picked":["Calculated Gamble","Dagger Spray+1"],"picked":"Cloak And Dagger","floor":39.0},{"not_picked":["Sucker Punch+1","Dodge and Roll"],"picked":"Endless Agony+1","floor":46.0},{"not_picked":["Acrobatics+1","Quick Slash+1"],"picked":"Blade Dance+1","floor":48.0},{"not_picked":["Outmaneuver","Quick Slash+1","Reflex+1"],"picked":"SKIP","floor":54.0}],"player_experience":828689,"relics_obtained":[{"floor":7.0,"key":"Bag of Marbles"},{"floor":9.0,"key":"Ornamental Fan"},{"floor":11.0,"key":"Odd Mushroom"},{"floor":14.0,"key":"Pen Nib"},{"floor":24.0,"key":"Pear"},{"floor":26.0,"key":"Molten Egg 2"},{"floor":28.0,"key":"Omamori"},{"floor":34.0,"key":"Bag of Preparation"},{"floor":34.0,"key":"Paper Crane"},{"floor":34.0,"key":"Calipers"},{"floor":39.0,"key":"StoneCalendar"},{"floor":46.0,"key":"Incense Burner"},{"floor":54.0,"key":"Lantern"}],"event_choices":[{"damage_healed":0.0,"max_hp_gain":0.0,"max_hp_loss":0.0,"gold_gain":75.0,"event_name":"World of Goop","player_choice":"Gather Gold","floor":3.0,"gold_loss":0.0,"damage_taken":11.0},{"damage_healed":0.0,"max_hp_gain":0.0,"max_hp_loss":0.0,"gold_gain":0.0,"event_name":"Scrap Ooze","player_choice":"Success","floor":5.0,"gold_loss":0.0,"damage_taken":3.0,"relics_obtained":["PreservedInsect"]},{"damage_healed":0.0,"max_hp_gain":0.0,"max_hp_loss":0.0,"gold_gain":0.0,"event_name":"Mushrooms","player_choice":"Fought Mushrooms","floor":11.0,"gold_loss":0.0,"damage_taken":0.0},{"cards_removed":["Strike_G"],"damage_healed":0.0,"max_hp_gain":0.0,"max_hp_loss":0.0,"gold_gain":0.0,"event_name":"Beggar","player_choice":"Gave Gold","floor":19.0,"gold_loss":75.0,"damage_taken":0.0},{"damage_healed":0.0,"max_hp_gain":0.0,"max_hp_loss":0.0,"gold_gain":99.0,"event_name":"Nest","player_choice":"Stole From Cult","floor":20.0,"gold_loss":0.0,"damage_taken":0.0},{"damage_healed":0.0,"max_hp_gain":0.0,"max_hp_loss":0.0,"gold_gain":0.0,"event_name":"The Mausoleum","player_choice":"Opened","floor":22.0,"gold_loss":0.0,"damage_taken":0.0,"relics_obtained":["Letter Opener"]},{"damage_healed":0.0,"max_hp_gain":5.0,"max_hp_loss":0.0,"gold_gain":0.0,"event_name":"Forgotten Altar","player_choice":"Shed Blood","floor":30.0,"gold_loss":0.0,"damage_taken":20.0},{"damage_healed":0.0,"max_hp_gain":0.0,"max_hp_loss":0.0,"gold_gain":0.0,"event_name":"Back to Basics","player_choice":"Simplicity","floor":31.0,"gold_loss":0.0,"damage_taken":0.0,"cards_upgraded":["Defend_G","Defend_G","Defend_G","Defend_G","Defend_G","Strike_G"]},{"cards_removed":["Defend_G"],"damage_healed":0.0,"max_hp_gain":0.0,"max_hp_loss":0.0,"gold_gain":0.0,"event_name":"Falling","player_choice":"Removed Skill","floor":36.0,"gold_loss":0.0,"damage_taken":0.0},{"damage_healed":0.0,"max_hp_gain":0.0,"max_hp_loss":0.0,"gold_gain":0.0,"event_name":"Tomb of Lord Red Mask","player_choice":"Ignored","floor":38.0,"gold_loss":0.0,"damage_taken":0.0},{"damage_healed":0.0,"max_hp_gain":0.0,"max_hp_loss":0.0,"gold_gain":0.0,"event_name":"Mysterious Sphere","player_choice":"Fight","floor":39.0,"gold_loss":0.0,"damage_taken":0.0},{"damage_healed":0.0,"max_hp_gain":0.0,"max_hp_loss":0.0,"gold_gain":0.0,"event_name":"Match and Keep!","player_choice":"3 cards matched","floor":47.0,"gold_loss":0.0,"damage_taken":0.0,"cards_obtained":["After Image","Neutralize","Slice"]}],"is_beta":false,"boss_relics":[{"not_picked":["Velvet Choker","HoveringKite"],"picked":"Empty Cage"},{"not_picked":["Runic Pyramid","Coffee Dripper"],"picked":"Calling Bell"}],"items_purged_floors":[13,41],"is_endless":false,"potions_floor_spawned":[1,7,12,14,16,18,33,39,46],"killed_by":"The Heart","ascension_level":1}