{"gold_per_floor":[110,127,302,35,55,55,84,84,84,113,113,132,142,142,142,241,241,259,259,275,306,326,356,356,1,56,56,72,103,103,131,131,235,235,254,254,13,32,32,60,60,60,109,109,135,35,49,49,49,49],"floor_reached":51,"playtime":3608,"items_purged":["Doubt","Strike_B","Defend_B"],"score":1032,"play_id":"a0d8f605-de46-4655-a772-a20610a14631","local_time":"20190412160609","is_ascension_mode":true,"campfire_choices":[{"data":"Hyperbeam","floor":6.0,"key":"SMITH"},{"data":"Coolheaded","floor":8.0,"key":"SMITH"},{"floor":15.0,"key":"REST"},{"data":"Darkness","floor":24.0,"key":"SMITH"},{"data":"Dualcast","floor":27.0,"key":"SMITH"},{"floor":32,"key":"REST"},{"floor":41,"key":"DIG"},{"floor":44,"key":"DIG"},{"floor":49,"key":"REST"}],"neow_cost":"NONE","seed_source_timestamp":0,"circlet_count":0,"master_deck":["Defend_B","Defend_B","Defend_B","Zap","Dualcast+1","Hyperbeam+1","Conserve Battery","Doom and Gloom+1","Coolheaded+1","Fission+1","FTL+1","Hologram","Seek","Leap+1","Double Energy+1","Reinforced Body+1","Darkness+1","BootSequence","BootSequence","Core Surge","Hologram","Loop","Redo+1","Tempest+1","Machine Learning","FTL+1","Loop","Go for the Eyes+1","Master of Strategy","Coolheaded+1","Ball Lightning+1"],"special_seed":0,"relics":["Cracked Core","PreservedInsect","Question Card","Shuriken","Sundial","Astrolabe","Red Mask","Blue Candle","Molten Egg 2","Happy Flower","Dream Catcher","Regal Pillow","Sozu","Bottled Lightning","ClockworkSouvenir","Shovel","Whetstone","Potion Belt","Anchor","The Courier","Vajra"],"potions_floor_usage":[33,50],"damage_taken":[{"damage":2.0,"enemies":"Jaw Worm","floor":1.0,"turns":3.0},{"damage":5.0,"enemies":"Small Slimes","floor":2.0,"turns":3.0},{"damage":1.0,"enemies":"Cultist","floor":5.0,"turns":3.0},{"damage":8.0,"enemies":"3 Sentries","floor":7.0,"turns":3.0},{"damage":14.0,"enemies":"Lagavulin","floor":10.0,"turns":7.0},{"damage":1.0,"enemies":"2 Fungi Beasts","floor":12.0,"turns":2.0},{"damage":0.0,"enemies":"Large Slime","floor":13.0,"turns":2.0},{"damage":22.0,"enemies":"Slime Boss","floor":16.0,"turns":6.0},{"damage":0.0,"enemies":"Spheric Guardian","floor":18.0,"turns":3.0},{"damage":0.0,"enemies":"Chosen","floor":20.0,"turns":3.0},{"damage":0.0,"enemies":"Masked Bandits","floor":21.0,"turns":2.0},{"damage":12.0,"enemies":"Snake Plant","floor":22.0,"turns":5.0},{"damage":0.0,"enemies":"Book of Stabbing","floor":23.0,"turns":5.0},{"damage":6,"enemies":"Chosen and Byrds","floor":28,"turns":8},{"damage":0,"enemies":"Slavers","floor":29,"turns":3},{"damage":15,"enemies":"Book of Stabbing","floor":31,"turns":5},{"damage":40,"enemies":"Automaton","floor":33,"turns":10},{"damage":0,"enemies":"3 Shapes","floor":35,"turns":2},{"damage":0,"enemies":"Orb Walker","floor":38,"turns":2},{"damage":0,"enemies":"Nemesis","floor":40,"turns":5},{"damage":21,"enemies":"Giant Head","floor":45,"turns":8},{"damage":0,"enemies":"Maw","floor":47,"turns":6},{"damage":62,"enemies":"Time Eater","floor":50,"turns":10}],"seed_played":"4879338094862509069","potions_obtained":[{"floor":1.0,"key":"AttackPotion"},{"floor":5.0,"key":"Block Potion"},{"floor":7.0,"key":"Energy Potion"},{"floor":13.0,"key":"EssenceOfSteel"},{"floor":18.0,"key":"SpeedPotion"},{"floor":29,"key":"Energy Potion"},{"floor":33,"key":"SpeedPotion"}],"is_trial":false,"path_per_floor":["?","?","M","?","?","?","?","T","?","$","T"],"character_chosen":"DEFECT","items_purchased":["PreservedInsect","Doom and Gloom","Molten Egg 2","ClockworkSouvenir","Loop"],"campfire_rested":3,"item_purchase_floors":[4,4,25,37,37],"current_hp_per_floor":[66,61,61,61,60,60,52,52,52,38,38,37,37,42,66,44,71,71,71,71,71,59,59,59,59,59,59,53,53,58,43,80,40,70,70,70,70,70,70,70,70,70,70,70,49,49,49,49,80,18],"gold":49,"neow_bonus":"ONE_RANDOM_RARE_CARD","is_prod":false,"is_daily":false,"chose_seed":false,"campfire_upgraded":4,"win_rate":0,"timestamp":1555077969,"path_taken":["M","M","?","$","M","R","E","R","T","E","?","M","?","?","R","BOSS","M","?","M","?","M","E","R","$","T","R","M","E","?","E","R","BOSS","M","?","$","M","?","E","R","$","T","R","E","?","M","?","R","BOSS"],"build_version":"2019-01-23","purchased_purges":3,"victory":true,"max_hp_per_floor":[75,75,75,75,75,75,75,75,75,75,75,75,75,80,80,80,80,80,80,80,80,80,80,80,80,80,80,80,80,80,80,80,80,80,80,80,80,80,80,80,80,80,80,80,80,80,80,80,80,80],"card_choices":[{"not_picked":["Chaos","Static Discharge"],"picked":"Conserve Battery","floor":1.0},{"not_picked":["Hello World","Barrage","Compile Driver"],"picked":"SKIP","floor":2.0},{"not_picked":["Turbo","Barrage"],"picked":"Coolheaded","floor":5.0},{"not_picked":["Cold Snap","Barrage"],"picked":"Leap","floor":7.0},{"not_picked":["Doom and Gloom","Turbo","Hologram"],"picked":"Fission","floor":10.0},{"not_picked":["Scrape","Barrage","Auto Shields"],"picked":"FTL","floor":12.0},{"not_picked":["Redo","Compile Driver","Heatsinks"],"picked":"Hologram","floor":13.0},{"not_picked":["Machine Learning","Fission","All For One"],"picked":"Seek","floor":16.0},{"not_picked":["Chaos","Stack","Gash"],"picked":"Darkness","floor":18.0},{"not_picked":["Redo","Steam","Double Energy","Blizzard"],"picked":"SKIP","floor":20.0},{"not_picked":["Stack","Turbo","Tempest"],"picked":"BootSequence","floor":21.0},{"not_picked":["Beam Cell","Hologram","Redo","Leap"],"picked":"SKIP","floor":22.0},{"not_picked":["Conserve Battery","Reprogram","FTL"],"picked":"Core Surge","floor":23.0},{"not_picked":["Gash+1","Scrape+1","Force Field"],"picked":"Hologram","floor":28},{"not_picked":["Redo","Rebound+1","White Noise"],"picked":"Loop","floor":29},{"not_picked":["Genetic Algorithm","Hologram","Loop+1"],"picked":"Redo+1","floor":31},{"not_picked":["Recycle","Compile Driver+1","Amplify"],"picked":"Tempest+1","floor":32},{"not_picked":["Amplify","All For One+1","Creative AI"],"picked":"Machine Learning","floor":33},{"not_picked":["Chill+1","Storm+1","Conserve Battery+1"],"picked":"FTL+1","floor":35},{"not_picked":["Genetic Algorithm","Blizzard+1","Barrage+1"],"picked":"Go for the Eyes+1","floor":38},{"not_picked":["Metamorphosis","Magnetism","Bandage Up"],"picked":"Master of Strategy","floor":39},{"not_picked":["Steam+1","Sunder+1","Stack","Machine Learning"],"picked":"SKIP","floor":40},{"not_picked":["Conserve Battery","Rebound+1","Lockon+1"],"picked":"Coolheaded+1","floor":45},{"not_picked":["Barrage+1","Gash+1","Reinforced Body","Recycle+1"],"picked":"SKIP","floor":47},{"not_picked":["Cold Snap+1","Rebound+1","Go for the Eyes+1"],"picked":"Ball Lightning+1","floor":49}],"player_experience":456909,"relics_obtained":[{"floor":7.0,"key":"Question Card"},{"floor":9.0,"key":"Shuriken"},{"floor":10.0,"key":"Sundial"},{"floor":21.0,"key":"Red Mask"},{"floor":23.0,"key":"Blue Candle"},{"floor":26.0,"key":"Happy Flower"},{"floor":29,"key":"Dream Catcher"},{"floor":31,"key":"Regal Pillow"},{"floor":36,"key":"Bottled Lightning"},{"floor":40,"key":"Shovel"},{"floor":41,"key":"Whetstone"},{"floor":43,"key":"Potion Belt"},{"floor":44,"key":"Anchor"},{"floor":45,"key":"The Courier"},{"floor":48,"key":"Vajra"}],"event_choices":[{"damage_healed":0.0,"max_hp_gain":0.0,"max_hp_loss":0.0,"gold_gain":175.0,"event_name":"Liars Game","player_choice":"AGREE","floor":3.0,"gold_loss":0.0,"damage_taken":0.0,"cards_obtained":["Doubt"]},{"damage_healed":0.0,"max_hp_gain":0.0,"max_hp_loss":0.0,"gold_gain":0.0,"event_name":"Upgrade Shrine","player_choice":"Upgraded","floor":11.0,"gold_loss":0.0,"damage_taken":0.0,"cards_upgraded":["Fission"]},{"damage_healed":0.0,"max_hp_gain":5.0,"max_hp_loss":0.0,"gold_gain":0.0,"event_name":"Big Fish","player_choice":"Donut","floor":14.0,"gold_loss":0.0,"damage_taken":0.0},{"damage_healed":0.0,"max_hp_gain":0.0,"max_hp_loss":0.0,"gold_gain":0.0,"event_name":"The Library","player_choice":"Read","floor":19.0,"gold_loss":0.0,"damage_taken":0.0,"cards_obtained":["BootSequence"]},{"damage_healed":0.0,"max_hp_gain":0.0,"max_hp_loss":0.0,"gold_gain":0.0,"event_name":"Masked Bandits","player_choice":"Fought Bandits","floor":21.0,"gold_loss":0.0,"damage_taken":0.0},{"cards_removed":["Leap"],"damage_healed":5,"gold_gain":0,"player_choice":"Offered Common","damage_taken":0,"max_hp_gain":0,"max_hp_loss":0,"event_name":"Bonfire Elementals","floor":30,"gold_loss":0},{"cards_removed":["Leap"],"damage_healed":5,"gold_gain":0,"player_choice":"Offered Special","damage_taken":0,"max_hp_gain":0,"max_hp_loss":0,"event_name":"Bonfire Elementals","floor":30,"gold_loss":0},{"damage_healed":0,"gold_gain":0,"player_choice":"Memory 1","damage_taken":0,"max_hp_gain":0,"max_hp_loss":0,"event_name":"SensoryStone","floor":39,"gold_loss":0}],"is_beta":false,"boss_relics":[{"not_picked":["Philosopher\u0027s Stone","Snecko Eye"],"picked":"Astrolabe"},{"not_picked":["Coffee Dripper","Lizard Tail"],"picked":"Sozu"}],"items_purged_floors":[4,25,46],"is_endless":false,"potions_floor_spawned":[1,5,7,13,18,22,29,33,35,45,47],"ascension_level":6}