{"gold_per_floor":[114,114,114,126,201,201,212,68,92,92,92,92,92,110,110,209,209,226,226,245,256,271,271,289,10,10,10,10,110,110,110,110,207,257,275,275,58,58,18,18,118,142,195,195,206,223,239,256,256,256],"floor_reached":50,"playtime":6177,"items_purged":["Strike_B"],"score":478,"play_id":"737aab06-0f72-48b7-9687-20f5dae8acb5","local_time":"20190217205649","is_ascension_mode":false,"campfire_choices":[{"floor":6,"key":"REST"},{"data":"Zap","floor":10,"key":"SMITH"},{"data":"Dualcast","floor":12,"key":"SMITH"},{"data":"Fusion","floor":15,"key":"SMITH"},{"floor":23,"key":"REST"},{"data":"Gash","floor":27,"key":"SMITH"},{"data":"Leap","floor":30,"key":"SMITH"},{"data":"Ball Lightning","floor":32,"key":"SMITH"},{"floor":40,"key":"REST"},{"floor":49,"key":"REST"}],"neow_cost":"TEN_PERCENT_HP_LOSS","seed_source_timestamp":28457640841219,"circlet_count":0,"master_deck":["Strike_B","Strike_B","Defend_B","Defend_B","Defend_B+1","Zap+1","Dualcast+1","Gash+1","Gash+1","Leap+1","Fusion+1","Multi-Cast","Melter","Ball Lightning+1","Gash","Gash+1","Buffer","Redo+1","Capacitor","Self Repair","Conserve Battery","Streamline+1"],"relics":["FrozenCore","Thread and Needle","Matryoshka","Happy Flower","Juzu Bracelet","Vajra","Lee\u0027s Waffle","Kunai","Pear","Tiny House","Pantograph","Strawberry","Shovel","PreservedInsect","Pen Nib"],"potions_floor_usage":[16,16,19,35,47,50],"damage_taken":[{"damage":0,"enemies":"2 Louse","floor":1,"turns":3},{"damage":0,"enemies":"Small Slimes","floor":4,"turns":3},{"damage":0,"enemies":"Jaw Worm","floor":7,"turns":4},{"damage":0,"enemies":"Large Slime","floor":14,"turns":5},{"damage":44,"enemies":"Hexaghost","floor":16,"turns":12},{"damage":0,"enemies":"3 Byrds","floor":18,"turns":9},{"damage":25,"enemies":"Colosseum Slavers","floor":19,"turns":7},{"damage":8,"enemies":"Chosen","floor":20,"turns":6},{"damage":3,"enemies":"Centurion and Healer","floor":21,"turns":8},{"damage":0,"enemies":"Sentry and Sphere","floor":22,"turns":3},{"damage":16,"enemies":"Shelled Parasite and Fungi","floor":24,"turns":6},{"damage":68,"enemies":"Automaton","floor":33,"turns":11},{"damage":29,"enemies":"3 Darklings","floor":35,"turns":7},{"damage":5,"enemies":"Mind Bloom Boss Battle","floor":41,"turns":10},{"damage":2,"enemies":"Orb Walker","floor":45,"turns":5},{"damage":43,"enemies":"4 Shapes","floor":46,"turns":7},{"damage":28,"enemies":"Maw","floor":47,"turns":9},{"damage":18,"enemies":"Jaw Worm Horde","floor":48,"turns":6},{"damage":112,"enemies":"Donu and Deca","floor":50,"turns":8}],"seed_played":"4983957437435059723","potions_obtained":[{"floor":4,"key":"SkillPotion"},{"floor":14,"key":"PowerPotion"},{"floor":18,"key":"PowerPotion"},{"floor":24,"key":"Explosive Potion"},{"floor":34,"key":"EssenceOfSteel"},{"floor":35,"key":"Regen Potion"},{"floor":47,"key":"Strength Potion"}],"is_trial":false,"path_per_floor":["?","?","?","?","?","?","?","?","?","?","?","?","T","?"],"character_chosen":"DEFECT","items_purchased":["Happy Flower","Lee\u0027s Waffle","Capacitor","Strawberry","Self Repair"],"campfire_rested":4,"item_purchase_floors":[8,25,37,37,39],"current_hp_per_floor":[68,65,58,58,47,67,67,67,67,67,72,72,72,72,72,28,73,73,48,40,37,37,58,42,80,90,90,90,90,90,90,90,22,95,66,66,73,73,73,102,102,102,102,102,102,66,50,39,69,0],"gold":256,"neow_bonus":"ONE_RARE_RELIC","is_prod":false,"is_daily":false,"chose_seed":false,"campfire_upgraded":6,"win_rate":0.0,"timestamp":1550433409,"path_taken":["M","?","?","M","?","R","M","$","T","R","?","R","?","M","R","BOSS","M","?","M","M","M","R","M","$","T","R","?","?","R","?","R","BOSS","M","?","$","?","$","R","?","?","T","?","M","M","M","M","R","BOSS"],"build_version":"2019-01-23","purchased_purges":1,"victory":false,"max_hp_per_floor":[68,68,68,68,68,68,68,68,68,68,73,73,73,73,73,73,73,73,73,73,73,73,73,73,80,90,90,90,90,90,90,90,90,95,95,95,102,102,102,102,102,102,102,102,102,102,102,102,102,102],"card_choices":[{"not_picked":["Hologram","Coolheaded"],"picked":"Gash","floor":1},{"not_picked":["Tempest","Leap"],"picked":"Gash","floor":4},{"not_picked":["Hologram","Fusion"],"picked":"Leap","floor":7},{"not_picked":["Beam Cell","Hello World"],"picked":"Fusion","floor":14},{"not_picked":["Seek","Amplify"],"picked":"Multi-Cast","floor":16},{"not_picked":["Static Discharge","Beam Cell"],"picked":"Melter","floor":18},{"not_picked":["Hologram","BootSequence"],"picked":"Ball Lightning","floor":20},{"not_picked":["Ball Lightning","Stack"],"picked":"Gash","floor":21},{"not_picked":["White Noise","Steam+1","Cold Snap+1"],"picked":"SKIP","floor":22},{"not_picked":["Coolheaded+1","Beam Cell"],"picked":"Gash+1","floor":24},{"not_picked":["All For One","Multi-Cast"],"picked":"Buffer","floor":33},{"not_picked":["Leap","Double Energy"],"picked":"Redo+1","floor":34},{"not_picked":["Barrage","Chaos","Sweeping Beam"],"picked":"SKIP","floor":35},{"not_picked":["Steam","BootSequence+1"],"picked":"Streamline+1","floor":45},{"not_picked":["Leap","Storm","Cold Snap+1"],"picked":"SKIP","floor":46},{"not_picked":["Auto Shields","Coolheaded+1","Leap+1"],"picked":"SKIP","floor":47},{"not_picked":["Beam Cell+1","Sweeping Beam","Storm+1"],"picked":"SKIP","floor":48}],"player_experience":52345,"relics_obtained":[{"floor":9,"key":"Juzu Bracelet"},{"floor":9,"key":"Vajra"},{"floor":26,"key":"Kunai"},{"floor":26,"key":"Pear"},{"floor":41,"key":"Shovel"},{"floor":42,"key":"PreservedInsect"},{"floor":43,"key":"Pen Nib"}],"event_choices":[{"damage_healed":0,"gold_gain":0,"player_choice":"Success","damage_taken":3,"relics_obtained":["Matryoshka"],"max_hp_gain":0,"max_hp_loss":0,"event_name":"Scrap Ooze","floor":2,"gold_loss":0},{"cards_removed":["Strike_B"],"damage_healed":0,"gold_gain":0,"player_choice":"Card Removal","damage_taken":7,"max_hp_gain":0,"max_hp_loss":0,"event_name":"Golden Wing","floor":3,"gold_loss":0},{"damage_healed":0,"gold_gain":75,"player_choice":"Gather Gold","damage_taken":11,"max_hp_gain":0,"max_hp_loss":0,"event_name":"World of Goop","floor":5,"gold_loss":0},{"damage_healed":0,"gold_gain":0,"player_choice":"Donut","damage_taken":0,"max_hp_gain":5,"max_hp_loss":0,"event_name":"Big Fish","floor":11,"gold_loss":0},{"damage_healed":0,"gold_gain":0,"player_choice":"Grow","damage_taken":0,"max_hp_gain":0,"max_hp_loss":0,"event_name":"Living Wall","floor":13,"gold_loss":0,"cards_upgraded":["Gash"]},{"damage_healed":0,"gold_gain":0,"player_choice":"Fight","damage_taken":0,"max_hp_gain":0,"max_hp_loss":0,"event_name":"Colosseum","floor":19,"gold_loss":0},{"damage_healed":0,"gold_gain":0,"player_choice":"Fled From Nobs","damage_taken":0,"max_hp_gain":0,"max_hp_loss":0,"event_name":"Colosseum","floor":19,"gold_loss":0},{"damage_healed":0,"gold_gain":0,"player_choice":"Ignored","damage_taken":0,"max_hp_gain":0,"max_hp_loss":0,"event_name":"Cursed Tome","floor":28,"gold_loss":0},{"damage_healed":0,"gold_gain":100,"player_choice":"Pray","damage_taken":0,"max_hp_gain":0,"max_hp_loss":0,"event_name":"Golden Shrine","floor":29,"gold_loss":0},{"damage_healed":0,"gold_gain":0,"player_choice":"Ignored","damage_taken":0,"max_hp_gain":0,"max_hp_loss":0,"event_name":"Ghosts","floor":31,"gold_loss":0},{"damage_healed":0,"gold_gain":0,"player_choice":"Gave Potion","damage_taken":0,"relics_obtained":["Pantograph"],"max_hp_gain":0,"max_hp_loss":0,"event_name":"WeMeetAgain","floor":36,"gold_loss":0},{"damage_healed":0,"gold_gain":0,"player_choice":"Ignored","damage_taken":0,"max_hp_gain":0,"max_hp_loss":0,"event_name":"Mysterious Sphere","floor":38,"gold_loss":0},{"damage_healed":0,"gold_gain":0,"player_choice":"Fight","damage_taken":0,"max_hp_gain":0,"max_hp_loss":0,"event_name":"MindBloom","floor":41,"gold_loss":0},{"damage_healed":0,"gold_gain":0,"cards_transformed":["Defend_B"],"player_choice":"Transformed","damage_taken":0,"max_hp_gain":0,"max_hp_loss":0,"event_name":"Transmorgrifier","floor":44,"gold_loss":0,"cards_obtained":["Conserve Battery"]}],"is_beta":false,"boss_relics":[{"not_picked":["Sozu","Calling Bell"],"picked":"FrozenCore"},{"not_picked":["Cursed Key","Astrolabe"],"picked":"Tiny House"}],"items_purged_floors":[25],"is_endless":false,"potions_floor_spawned":[4,14,18,19,24,35,47],"killed_by":"Donu and Deca","ascension_level":0}