{"gold_per_floor":[115,132,146,162,162,162,192,211,211,221,233,264,282,282,282,384,384,398,398,409,409,425,425,452,452,452,452,472,472,489,517,517,612,612,626,626,641,641,686,686,706,706,706,706],"floor_reached":44,"playtime":2932,"items_purged":[],"score":609,"play_id":"5415c679-a61e-487a-989e-be7c7921ed19","local_time":"20190410114901","is_ascension_mode":true,"campfire_choices":[{"data":"Zap","floor":6.0,"key":"SMITH"},{"data":"Dualcast","floor":15,"key":"SMITH"},{"data":"Hyperbeam","floor":23,"key":"SMITH"},{"data":"Darkness","floor":25,"key":"SMITH"},{"data":"Zap","floor":27,"key":"SMITH"},{"data":"Doom and Gloom","floor":29,"key":"SMITH"},{"data":"Biased Cognition","floor":32,"key":"SMITH"},{"data":"Glacier","floor":40,"key":"SMITH"},{"data":"White Noise","floor":42,"key":"SMITH"}],"neow_cost":"NONE","seed_source_timestamp":0,"circlet_count":0,"master_deck":["Strike_B","Defend_B","Defend_B","Defend_B","Defend_B","Zap+1","Dualcast+1","Ball Lightning","Sweeping Beam","Sweeping Beam","Darkness+1","Zap+1","Doom and Gloom+1","Glacier+1","Undo","Skim","Hyperbeam+1","Discovery","Ball Lightning","Chaos+1","White Noise+1","Glacier+1","Biased Cognition+1","Core Surge","Conserve Battery+1","Cold Snap+1"],"special_seed":0,"relics":["Cracked Core","Mercury Hourglass","Meat on the Bone","Art of War","Velvet Choker","Incense Burner","Kunai","Ancient Tea Set","Empty Cage","Dream Catcher","Bird Faced Urn","Prayer Wheel"],"potions_floor_usage":[12,13,24,31,33,33,39,41],"damage_taken":[{"damage":0.0,"enemies":"Small Slimes","floor":1.0,"turns":3.0},{"damage":6.0,"enemies":"Cultist","floor":2.0,"turns":3.0},{"damage":2.0,"enemies":"2 Louse","floor":3.0,"turns":2.0},{"damage":2.0,"enemies":"2 Fungi Beasts","floor":4.0,"turns":3.0},{"damage":16.0,"enemies":"3 Sentries","floor":7.0,"turns":5.0},{"damage":0.0,"enemies":"Gremlin Gang","floor":8.0,"turns":1.0},{"damage":1.0,"enemies":"3 Louse","floor":10.0,"turns":2.0},{"damage":12.0,"enemies":"Looter","floor":11.0,"turns":3.0},{"damage":15,"enemies":"Lagavulin","floor":12,"turns":5},{"damage":23,"enemies":"Exordium Thugs","floor":13,"turns":3},{"damage":25,"enemies":"Hexaghost","floor":16,"turns":9},{"damage":1,"enemies":"Spheric Guardian","floor":18,"turns":3},{"damage":21,"enemies":"2 Thieves","floor":20,"turns":3},{"damage":8,"enemies":"Chosen and Byrds","floor":22,"turns":4},{"damage":23,"enemies":"Gremlin Leader","floor":24,"turns":7},{"damage":0,"enemies":"3 Cultists","floor":28,"turns":2},{"damage":11,"enemies":"Centurion and Healer","floor":30,"turns":3},{"damage":0,"enemies":"Slavers","floor":31,"turns":3},{"damage":28,"enemies":"Automaton","floor":33,"turns":8},{"damage":13,"enemies":"3 Darklings","floor":35,"turns":3},{"damage":3,"enemies":"Orb Walker","floor":37,"turns":3},{"damage":31,"enemies":"2 Orb Walkers","floor":39,"turns":4},{"damage":21,"enemies":"Writhing Mass","floor":41,"turns":6},{"damage":54,"enemies":"Nemesis","floor":44,"turns":3}],"seed_played":"-8784547584549961805","potions_obtained":[{"floor":1.0,"key":"SteroidPotion"},{"floor":3.0,"key":"SkillPotion"},{"floor":8.0,"key":"Block Potion"},{"floor":12,"key":"SkillPotion"},{"floor":13,"key":"SteroidPotion"},{"floor":22,"key":"SkillPotion"},{"floor":28,"key":"Energy Potion"},{"floor":30,"key":"Explosive Potion"},{"floor":33,"key":"SpeedPotion"},{"floor":37,"key":"Swift Potion"},{"floor":41,"key":"SpeedPotion"}],"is_trial":false,"path_per_floor":["?","M","?","?","M","?","?","M","?","?"],"character_chosen":"DEFECT","items_purchased":[],"campfire_rested":0,"item_purchase_floors":[],"current_hp_per_floor":[82,76,74,72,72,72,56,56,56,55,43,40,29,29,29,16,66,65,49,40,40,44,44,33,33,33,33,45,45,46,46,46,30,69,56,56,53,53,34,34,27,27,27,0],"gold":706,"neow_bonus":"TEN_PERCENT_HP_BONUS","is_prod":false,"is_daily":false,"chose_seed":false,"campfire_upgraded":9,"win_rate":0,"timestamp":1554889741,"path_taken":["M","M","M","M","?","R","E","M","T","?","M","E","M","?","R","BOSS","M","?","?","?","M","R","E","R","T","R","M","R","M","E","R","BOSS","M","?","?","?","?","R","M","R","T","E"],"build_version":"2019-01-23","purchased_purges":0,"victory":false,"max_hp_per_floor":[82,82,82,82,82,82,82,82,82,82,82,82,82,82,82,82,82,82,82,82,82,82,82,82,82,82,82,82,82,82,82,82,82,82,82,82,82,82,82,82,82,82,82,82],"card_choices":[{"not_picked":["Darkness","Lockon"],"picked":"Ball Lightning","floor":1.0},{"not_picked":["Static Discharge","Redo"],"picked":"Sweeping Beam","floor":2.0},{"not_picked":["Consume","Hologram"],"picked":"Sweeping Beam","floor":3.0},{"not_picked":["Ball Lightning","Storm"],"picked":"Darkness","floor":4.0},{"not_picked":["Beam Cell","Hello World"],"picked":"Doom and Gloom","floor":7.0},{"not_picked":["Beam Cell","Gash","Steam"],"picked":"SKIP","floor":8.0},{"not_picked":["Streamline","Sweeping Beam","Doom and Gloom"],"picked":"SKIP","floor":10.0},{"not_picked":["Hologram","Doom and Gloom"],"picked":"Glacier","floor":11.0},{"not_picked":["Coolheaded","Recycle"],"picked":"Undo","floor":12},{"not_picked":["Gash","Heatsinks","Skim"],"picked":"SKIP","floor":13},{"not_picked":["Buffer","Core Surge"],"picked":"Hyperbeam","floor":16},{"not_picked":["Rebound","Reprogram","Redo"],"picked":"SKIP","floor":18},{"not_picked":["Melter+1","Rebound+1"],"picked":"Ball Lightning","floor":20},{"not_picked":["Melter","Ball Lightning","Rebound"],"picked":"SKIP","floor":22},{"not_picked":["Storm","Reboot"],"picked":"Chaos+1","floor":24},{"not_picked":["Steam+1","Conserve Battery"],"picked":"White Noise","floor":28},{"not_picked":["Chill","Redo"],"picked":"Glacier+1","floor":30},{"not_picked":["Cold Snap+1","Recycle"],"picked":"Biased Cognition","floor":31},{"not_picked":["Creative AI","Meteor Strike"],"picked":"Core Surge","floor":33},{"not_picked":["Doom and Gloom+1","Rebound"],"picked":"Conserve Battery+1","floor":35},{"not_picked":["Sweeping Beam+1","Beam Cell+1","Leap+1"],"picked":"SKIP","floor":37},{"not_picked":["Conserve Battery","Go for the Eyes+1"],"picked":"Cold Snap+1","floor":41}],"player_experience":436472,"relics_obtained":[{"floor":7.0,"key":"Mercury Hourglass"},{"floor":9.0,"key":"Meat on the Bone"},{"floor":12,"key":"Art of War"},{"floor":24,"key":"Incense Burner"},{"floor":26,"key":"Kunai"},{"floor":31,"key":"Ancient Tea Set"},{"floor":36,"key":"Dream Catcher"},{"floor":39,"key":"Bird Faced Urn"},{"floor":43,"key":"Prayer Wheel"}],"event_choices":[{"damage_healed":0.0,"max_hp_gain":0.0,"max_hp_loss":0.0,"gold_gain":0.0,"event_name":"Match and Keep!","player_choice":"1 cards matched","floor":5.0,"gold_loss":0.0,"damage_taken":0.0,"cards_obtained":["Zap"]},{"damage_healed":0,"gold_gain":0,"cards_transformed":["Strike_B"],"player_choice":"Transformed","damage_taken":0,"max_hp_gain":0,"max_hp_loss":0,"event_name":"Transmorgrifier","floor":14,"gold_loss":0,"cards_obtained":["Skim"]},{"damage_healed":0,"gold_gain":0,"player_choice":"CARD ","damage_taken":16,"max_hp_gain":0,"max_hp_loss":0,"event_name":"Knowing Skull","floor":19,"potions_obtained":[],"gold_loss":0,"cards_obtained":["Discovery"]},{"damage_healed":0,"gold_gain":0,"player_choice":"Ignored","damage_taken":0,"max_hp_gain":0,"max_hp_loss":0,"event_name":"Vampires","floor":21,"gold_loss":0},{"damage_healed":0,"gold_gain":0,"player_choice":"Relic","damage_taken":0,"max_hp_gain":0,"max_hp_loss":0,"event_name":"Wheel of Change","floor":36,"gold_loss":0},{"damage_healed":0,"gold_gain":0,"player_choice":"Ignored","damage_taken":0,"max_hp_gain":0,"max_hp_loss":0,"event_name":"Tomb of Lord Red Mask","floor":38,"gold_loss":0},{"damage_healed":0,"gold_gain":0,"player_choice":"Fight","damage_taken":0,"max_hp_gain":0,"max_hp_loss":0,"event_name":"Mysterious Sphere","floor":39,"gold_loss":0}],"is_beta":false,"boss_relics":[{"not_picked":["Orrery","Ectoplasm"],"picked":"Velvet Choker"},{"not_picked":["Runic Pyramid","Sozu"],"picked":"Empty Cage"}],"items_purged_floors":[],"is_endless":false,"potions_floor_spawned":[1,3,8,12,13,22,28,30,33,37,41],"killed_by":"Nemesis","ascension_level":5}