{"gold_per_floor":[113,113,113,113,134,172,172,193,193,193,212,243,259,273,273,404,404,418,434,271,287,307,307,331,331,331,331,18,18,30,30,30,133,133,133,145,165,177,177,189],"floor_reached":40,"playtime":1931,"items_purged":["Regret"],"score":427,"play_id":"ede9c541-a1d7-4883-b14d-bd909c838f51","local_time":"20190721161551","is_ascension_mode":false,"campfire_choices":[{"data":"Adrenaline","floor":7.0,"key":"SMITH"},{"data":"Neutralize","floor":10.0,"key":"SMITH"},{"floor":15.0,"key":"REST"},{"floor":23.0,"key":"REST"},{"data":"Apotheosis","floor":27.0,"key":"SMITH"},{"floor":29.0,"key":"REST"},{"floor":32.0,"key":"REST"}],"neow_cost":"NONE","seed_source_timestamp":246551083562291,"circlet_count":0,"master_deck":["Strike_G","Strike_G+1","Strike_G","Defend_G","Defend_G","Defend_G","Defend_G","Defend_G","Survivor+1","Neutralize+1","Sucker Punch","Backstab","Adrenaline+1","Cloak And Dagger","Accuracy","Noxious Fumes","Blur","Storm of Steel","Blade Dance+1","Apotheosis+1","Noxious Fumes","Noxious Fumes","Bullet Time","Burst","Cloak And Dagger+1","Cloak And Dagger+1"],"special_seed":0,"relics":["Ring of the Snake","NeowsBlessing","Dodecahedron","Bloody Idol","Lantern","Bottled Flame","Torii","White Beast Statue","Darkstone Periapt","Meat on the Bone","FaceOfCleric","Empty Cage","MawBank"],"potions_floor_usage":[38,38,38,40],"damage_taken":[{"damage":0.0,"enemies":"Jaw Worm","floor":1.0,"turns":1.0},{"damage":0.0,"enemies":"2 Louse","floor":5.0,"turns":1.0},{"damage":0.0,"enemies":"Gremlin Nob","floor":6.0,"turns":1.0},{"damage":0.0,"enemies":"Small Slimes","floor":8.0,"turns":2.0},{"damage":8.0,"enemies":"Exordium Thugs","floor":11.0,"turns":6.0},{"damage":21.0,"enemies":"Lagavulin","floor":12.0,"turns":8.0},{"damage":2.0,"enemies":"3 Louse","floor":13.0,"turns":3.0},{"damage":2.0,"enemies":"Gremlin Gang","floor":14.0,"turns":3.0},{"damage":34.0,"enemies":"Hexaghost","floor":16.0,"turns":13.0},{"damage":26.0,"enemies":"3 Byrds","floor":18.0,"turns":6.0},{"damage":2.0,"enemies":"Chosen","floor":19.0,"turns":6.0},{"damage":13.0,"enemies":"Snake Plant","floor":21.0,"turns":7.0},{"damage":16.0,"enemies":"Centurion and Healer","floor":22.0,"turns":8.0},{"damage":14.0,"enemies":"Shelled Parasite and Fungi","floor":24.0,"turns":4.0},{"damage":25.0,"enemies":"Cultist and Chosen","floor":30.0,"turns":7.0},{"damage":24.0,"enemies":"Automaton","floor":33.0,"turns":12.0},{"damage":0.0,"enemies":"3 Darklings","floor":35.0,"turns":1.0},{"damage":0.0,"enemies":"Orb Walker","floor":36.0,"turns":5.0},{"damage":37.0,"enemies":"Sphere and 2 Shapes","floor":37.0,"turns":6.0},{"damage":0,"enemies":"3 Darklings","floor":38,"turns":4},{"damage":77,"enemies":"Reptomancer","floor":40,"turns":4}],"seed_played":"-4195840173993568660","potions_obtained":[{"floor":6.0,"key":"Weak Potion"},{"floor":11.0,"key":"PowerPotion"},{"floor":12.0,"key":"AttackPotion"},{"floor":18.0,"key":"Dexterity Potion"},{"floor":19.0,"key":"SteroidPotion"},{"floor":21.0,"key":"SmokeBomb"},{"floor":22.0,"key":"Weak Potion"},{"floor":24.0,"key":"FearPotion"},{"floor":30.0,"key":"SteroidPotion"},{"floor":33.0,"key":"Fire Potion"},{"floor":36.0,"key":"Strength Potion"},{"floor":37.0,"key":"PowerPotion"},{"floor":38,"key":"Explosive Potion"}],"is_trial":false,"path_per_floor":["M","?","?","?","M","E","R","M","T","R","M","E","M","M","R","B",null,"M","M","$","M","M","R","M","?","T","R","$","R","M","?","R","B",null,"M","M","M","M","T","E"],"character_chosen":"THE_SILENT","items_purchased":["Apotheosis","Meat on the Bone"],"campfire_rested":4,"item_purchase_floors":[20,28],"current_hp_per_floor":[70,56,56,56,56,56,56,56,56,56,48,27,25,23,42,8,65,39,37,37,24,8,27,13,13,13,13,13,32,24,24,43,37,66,67,68,49,55,55,0],"gold":189,"neow_bonus":"THREE_ENEMY_KILL","is_prod":false,"is_daily":false,"chose_seed":false,"campfire_upgraded":3,"win_rate":0,"timestamp":1563750951,"path_taken":["M","?","?","?","M","E","R","?","T","R","M","E","M","M","R","BOSS","M","M","$","M","M","R","M","?","T","R","$","R","M","?","R","BOSS","M","?","M","M","?","E"],"build_version":"2019-07-18","purchased_purges":1,"victory":false,"max_hp_per_floor":[70,70,70,65,65,65,65,65,65,65,65,65,65,65,65,65,65,65,65,65,65,65,65,65,65,65,65,65,65,65,65,65,66,66,67,68,69,70,70,70],"card_choices":[{"not_picked":["Poisoned Stab","Outmaneuver"],"picked":"Sucker Punch","floor":1.0},{"not_picked":["Concentrate","Endless Agony"],"picked":"Backstab","floor":5.0},{"not_picked":["Bouncing Flask","Catalyst"],"picked":"Adrenaline","floor":6.0},{"not_picked":["Outmaneuver","PiercingWail"],"picked":"Cloak And Dagger","floor":8.0},{"not_picked":["Eviscerate","Acrobatics"],"picked":"Accuracy","floor":11.0},{"not_picked":["Catalyst","Flying Knee","Expertise"],"picked":"SKIP","floor":12.0},{"not_picked":["Quick Slash","Acrobatics"],"picked":"Noxious Fumes","floor":13.0},{"not_picked":["Setup","Heel Hook"],"picked":"Blur","floor":14.0},{"not_picked":["Corpse Explosion","Wraith Form v2"],"picked":"Storm of Steel","floor":16.0},{"not_picked":["Deadly Poison","Poisoned Stab","Dagger Throw"],"picked":"SKIP","floor":18.0},{"not_picked":["Backflip","Cloak And Dagger"],"picked":"Blade Dance+1","floor":19.0},{"not_picked":["Tools of the Trade","Dagger Throw+1"],"picked":"Noxious Fumes","floor":21.0},{"not_picked":["Dodge and Roll+1","Prepared"],"picked":"Noxious Fumes","floor":22.0},{"not_picked":["Caltrops","Bane+1"],"picked":"Bullet Time","floor":24.0},{"not_picked":["Choke","Predator","Expertise"],"picked":"SKIP","floor":30.0},{"not_picked":["Corpse Explosion","Envenom"],"picked":"Burst","floor":33.0},{"not_picked":["Terror+1","Deadly Poison+1"],"picked":"Cloak And Dagger+1","floor":36.0},{"not_picked":["Tactician","Outmaneuver"],"picked":"Cloak And Dagger+1","floor":37.0},{"not_picked":["Backflip","Blade Dance","Underhanded Strike"],"picked":"SKIP","floor":38}],"player_experience":1177949,"relics_obtained":[{"floor":6.0,"key":"Lantern"},{"floor":9.0,"key":"Bottled Flame"},{"floor":12.0,"key":"Torii"},{"floor":26.0,"key":"Darkstone Periapt"},{"floor":39,"key":"MawBank"}],"event_choices":[{"damage_healed":0.0,"max_hp_gain":0.0,"max_hp_loss":0.0,"gold_gain":0.0,"event_name":"Shining Light","player_choice":"Entered Light","floor":2.0,"gold_loss":0.0,"damage_taken":14.0,"cards_upgraded":["Strike_G","Survivor"]},{"damage_healed":0.0,"max_hp_gain":0.0,"max_hp_loss":0.0,"gold_gain":0.0,"event_name":"Big Fish","player_choice":"Box","floor":3.0,"gold_loss":0.0,"damage_taken":0.0,"relics_obtained":["Dodecahedron"],"cards_obtained":["Regret"]},{"damage_healed":0.0,"max_hp_gain":0.0,"max_hp_loss":5.0,"gold_gain":0.0,"event_name":"Golden Idol","player_choice":"Lose Max HP","floor":4.0,"gold_loss":0.0,"damage_taken":0.0,"relics_obtained":["Golden Idol"]},{"damage_healed":0.0,"max_hp_gain":0.0,"max_hp_loss":0.0,"gold_gain":0.0,"event_name":"Forgotten Altar","player_choice":"Gave Idol","floor":25.0,"relics_lost":["Golden Idol"],"gold_loss":0.0,"damage_taken":0.0,"relics_obtained":["Bloody Idol"]},{"damage_healed":0.0,"max_hp_gain":0.0,"max_hp_loss":0.0,"gold_gain":0.0,"event_name":"FaceTrader","player_choice":"Trade","floor":31.0,"gold_loss":0.0,"damage_taken":0.0,"relics_obtained":["FaceOfCleric"]}],"is_beta":true,"boss_relics":[{"not_picked":["HoveringKite","Fusion Hammer"],"picked":"White Beast Statue"},{"not_picked":["Sozu","Busted Crown"],"picked":"Empty Cage"}],"items_purged_floors":[28],"is_endless":false,"potions_floor_spawned":[6,11,12,18,19,21,22,24,30,33,35,36,37,38],"killed_by":"Reptomancer","ascension_level":0}