{"gold_per_floor":[118,293,273,122,141,171,171,204,204,204,232,245,245,257,257,360,360,378,235,261,292,4,4,19,51,77,77,90,147,19,38,38,143,143,156,168,168,182,214,214,226,244,244,259,259,274,15,32,32,32],"floor_reached":51,"playtime":10551,"items_purged":["Doubt","Strike_G","Strike_G","Pain"],"score":966,"play_id":"a17a119b-0da0-423e-8ffa-a4910d2335af","local_time":"20190401132356","daily_mods":["DeadlyEvents","Cursed Run"],"is_ascension_mode":true,"campfire_choices":[{"data":"Neutralize","floor":7,"key":"SMITH"},{"data":"After Image","floor":10,"key":"SMITH"},{"floor":15,"key":"REST"},{"floor":23,"key":"REST"},{"floor":27,"key":"REST"},{"data":"After Image","floor":32,"key":"SMITH"},{"data":"Burst","floor":40,"key":"SMITH"},{"data":"Backflip","floor":45,"key":"SMITH"},{"floor":49,"key":"REST"}],"neow_cost":"","seed_source_timestamp":0,"circlet_count":0,"master_deck":["Defend_G","Defend_G","Defend_G","Defend_G","Defend_G","Strike_G+1","Strike_G","Strike_G","Survivor","Neutralize+1","Poisoned Stab","Dagger Spray+1","PiercingWail","PiercingWail","Burst+1","After Image+1","Backflip+1","Backflip","Doubt","Backflip+1","Injury","After Image+1","Blur+1","Poisoned Stab+1","Cloak And Dagger+1","Bouncing Flask+1","Dodge and Roll+1","Well Laid Plans","Caltrops+1","Concentrate+1","Caltrops+1","Accuracy+1","Prepared+1","Wraith Form v2+1","Dagger Spray+1","Dodge and Roll+1","Catalyst+1","Cloak And Dagger+1","Die Die Die","Cloak And Dagger+1","PiercingWail+1","Writhe","Catalyst+1","Backflip+1","Deflect+1","Prepared+1","Blur+1","Writhe"],"relics":["Cursed Key","Darkstone Periapt","Du-Vu Doll","Ornamental Fan","Gambling Chip","Art of War","Bottled Tornado","Toxic Egg 2","Black Star","Bronze Scales","Tough Bandages","Bottled Lightning","The Courier","Ancient Tea Set","Snake Skull","Frozen Egg 2","Ginger","Pen Nib","Tiny Chest","Dream Catcher","Empty Cage","Lantern","Mercury Hourglass","Mummified Hand","Whetstone"],"potions_floor_usage":[8,16,16,16,31,33,33,39,50,50,50],"damage_taken":[{"damage":0,"enemies":"Small Slimes","floor":1,"turns":3},{"damage":0,"enemies":"Jaw Worm","floor":5,"turns":4},{"damage":12,"enemies":"3 Sentries","floor":6,"turns":9},{"damage":11,"enemies":"Lagavulin","floor":8,"turns":7},{"damage":8,"enemies":"3 Sentries","floor":11,"turns":8},{"damage":3,"enemies":"Cultist","floor":12,"turns":3},{"damage":14,"enemies":"3 Louse","floor":14,"turns":4},{"damage":13,"enemies":"Hexaghost","floor":16,"turns":15},{"damage":5,"enemies":"Shell Parasite","floor":18,"turns":8},{"damage":70,"enemies":"Gremlin Leader","floor":20,"turns":13},{"damage":10,"enemies":"Slavers","floor":21,"turns":6},{"damage":3,"enemies":"2 Thieves","floor":24,"turns":5},{"damage":9,"enemies":"Book of Stabbing","floor":25,"turns":6},{"damage":12,"enemies":"Sentry and Sphere","floor":28,"turns":5},{"damage":5,"enemies":"Slavers","floor":29,"turns":4},{"damage":7,"enemies":"Cultist and Chosen","floor":31,"turns":5},{"damage":30,"enemies":"Automaton","floor":33,"turns":11},{"damage":2,"enemies":"3 Darklings","floor":35,"turns":5},{"damage":1,"enemies":"3 Shapes","floor":36,"turns":4},{"damage":7,"enemies":"Maw","floor":38,"turns":6},{"damage":2,"enemies":"Reptomancer","floor":39,"turns":8},{"damage":5,"enemies":"3 Darklings","floor":41,"turns":3},{"damage":6,"enemies":"Sphere and 2 Shapes","floor":42,"turns":4},{"damage":0,"enemies":"Jaw Worm Horde","floor":44,"turns":3},{"damage":1,"enemies":"Transient","floor":46,"turns":5},{"damage":0,"enemies":"Spire Growth","floor":48,"turns":5},{"damage":13,"enemies":"Time Eater","floor":50,"turns":13}],"seed_played":"1839951045130444676","potions_obtained":[{"floor":3,"key":"Energy Potion"},{"floor":6,"key":"Strength Potion"},{"floor":8,"key":"GhostInAJar"},{"floor":11,"key":"SkillPotion"},{"floor":25,"key":"EntropicBrew"},{"floor":31,"key":"GhostInAJar"},{"floor":33,"key":"Explosive Potion"},{"floor":35,"key":"EssenceOfSteel"},{"floor":44,"key":"SkillPotion"},{"floor":46,"key":"Ancient Potion"}],"is_trial":true,"path_per_floor":["?","?","M","T","?","E","E","$","M","?","E"],"character_chosen":"THE_SILENT","items_purchased":["Dagger Spray","PiercingWail","Snake Skull","Bouncing Flask+1","Dodge and Roll+1","Accuracy+1","Whetstone","Deflect+1"],"campfire_rested":4,"item_purchase_floors":[4,4,22,22,22,30,47,47],"current_hp_per_floor":[70,76,76,76,76,64,64,53,59,59,51,48,54,40,66,59,94,89,89,19,9,9,37,34,25,31,61,49,44,44,37,37,13,106,104,103,103,96,94,94,89,83,89,89,89,88,88,88,112,105],"gold":32,"neow_bonus":"","is_prod":false,"is_daily":false,"chose_seed":false,"campfire_upgraded":5,"win_rate":0,"timestamp":1554117836,"path_taken":["M","?","?","$","?","E","R","E","T","R","E","M","?","M","R","BOSS","M","?","?","?","?","R","M","E","T","R","?","E","$","M","R","BOSS","M","M","?","M","?","R","M","M","T","M","R","M","$","M","R","BOSS"],"build_version":"2019-01-23","purchased_purges":4,"victory":true,"max_hp_per_floor":[70,76,76,76,76,76,76,76,82,82,82,82,88,88,88,94,94,94,94,94,94,94,94,94,94,100,100,100,100,100,100,100,106,106,106,106,106,106,106,106,106,106,112,112,112,112,112,112,112,118],"card_choices":[{"not_picked":["Acrobatics","Eviscerate"],"picked":"Poisoned Stab","floor":1},{"not_picked":["Expertise","Catalyst"],"picked":"PiercingWail","floor":5},{"not_picked":["Poisoned Stab","Prepared"],"picked":"Burst","floor":6},{"not_picked":["Well Laid Plans","PiercingWail"],"picked":"After Image","floor":8},{"not_picked":["Outmaneuver","Slice"],"picked":"Backflip","floor":11},{"not_picked":["Dagger Spray","Setup"],"picked":"Backflip","floor":12},{"not_picked":["Underhanded Strike","Blur+1"],"picked":"Backflip+1","floor":14},{"not_picked":["Bullet Time+1","Envenom"],"picked":"After Image","floor":16},{"not_picked":["Blade Dance+1","Dagger Throw"],"picked":"Blur+1","floor":18},{"not_picked":["Underhanded Strike+1","Riddle With Holes"],"picked":"Poisoned Stab+1","floor":20},{"not_picked":["Dodge and Roll+1","Caltrops"],"picked":"Cloak And Dagger+1","floor":21},{"not_picked":["Blade Dance+1","Expertise+1"],"picked":"Well Laid Plans","floor":24},{"not_picked":["Leg Sweep+1","Quick Slash"],"picked":"Caltrops+1","floor":25},{"not_picked":["Well Laid Plans+1","Bane"],"picked":"Concentrate+1","floor":28},{"not_picked":["Dagger Throw","Riddle With Holes+1"],"picked":"Caltrops+1","floor":29},{"not_picked":["Outmaneuver+1","Slice+1"],"picked":"Prepared+1","floor":31},{"not_picked":["A Thousand Cuts+1","Burst+1"],"picked":"Wraith Form v2+1","floor":33},{"not_picked":["Underhanded Strike+1","Well Laid Plans+1"],"picked":"Dagger Spray+1","floor":35},{"not_picked":["Dagger Throw","Blade Dance+1"],"picked":"Dodge and Roll+1","floor":36},{"not_picked":["Heel Hook+1","Bane"],"picked":"Cloak And Dagger+1","floor":38},{"not_picked":["Acrobatics+1","Dagger Throw"],"picked":"Die Die Die","floor":39},{"not_picked":["Choke+1","Quick Slash+1"],"picked":"Cloak And Dagger+1","floor":41},{"not_picked":["Backstab+1","Poisoned Stab+1"],"picked":"PiercingWail+1","floor":42},{"not_picked":["Eviscerate","Bane"],"picked":"Catalyst+1","floor":44},{"not_picked":["Bane","All Out Attack+1"],"picked":"Backflip+1","floor":46},{"not_picked":["Quick Slash+1","Expertise+1"],"picked":"Prepared+1","floor":48},{"not_picked":["Prepared+1","Well Laid Plans+1"],"picked":"Blur+1","floor":49}],"player_experience":329457,"relics_obtained":[{"floor":6,"key":"Ornamental Fan"},{"floor":8,"key":"Gambling Chip"},{"floor":9,"key":"Art of War"},{"floor":11,"key":"Bottled Tornado"},{"floor":13,"key":"Toxic Egg 2"},{"floor":20,"key":"Tough Bandages"},{"floor":20,"key":"Bottled Lightning"},{"floor":21,"key":"The Courier"},{"floor":21,"key":"Ancient Tea Set"},{"floor":25,"key":"Frozen Egg 2"},{"floor":25,"key":"Ginger"},{"floor":26,"key":"Pen Nib"},{"floor":29,"key":"Tiny Chest"},{"floor":29,"key":"Dream Catcher"},{"floor":39,"key":"Lantern"},{"floor":39,"key":"Mercury Hourglass"},{"floor":43,"key":"Mummified Hand"}],"event_choices":[{"damage_healed":0,"gold_gain":175,"player_choice":"AGREE","damage_taken":0,"max_hp_gain":0,"max_hp_loss":0,"event_name":"Liars Game","floor":2,"gold_loss":0,"cards_obtained":["Doubt"]},{"damage_healed":0,"gold_gain":0,"player_choice":"Bought 1 Potion","damage_taken":0,"max_hp_gain":0,"max_hp_loss":0,"event_name":"The Woman in Blue","floor":3,"gold_loss":0},{"damage_healed":0,"gold_gain":0,"player_choice":"Paid Gold","damage_taken":0,"relics_obtained":["Bronze Scales"],"max_hp_gain":0,"max_hp_loss":0,"event_name":"WeMeetAgain","floor":19,"gold_loss":143},{"damage_healed":0,"gold_gain":0,"player_choice":"1 cards matched","damage_taken":0,"max_hp_gain":0,"max_hp_loss":0,"event_name":"Match and Keep!","floor":37,"gold_loss":0,"cards_obtained":["Catalyst"]}],"is_beta":false,"boss_relics":[{"not_picked":["Ectoplasm","Fusion Hammer"],"picked":"Black Star"},{"not_picked":["Lizard Tail","Eternal Feather"],"picked":"Empty Cage"}],"items_purged_floors":[4,22,30,47],"is_endless":false,"potions_floor_spawned":[6,8,11,12,25,31,33,35,36,44,46],"ascension_level":1}