{"gold_per_floor":[109,109,109,126,45,45,73,73,73,99,122,53,53,66,66,164,164,180,198,198,198,48,74,74,74,74,74,5,5,19,34,34,139,139,159,177,177,196,196,196,221,221,221,249,249,349,364,132,132,132,132,132,32,64,64],"floor_reached":55,"playtime":4860,"items_purged":["Strike_G","Strike_G"],"score":783,"play_id":"2371b08c-9937-410a-bb52-8d3738a901c4","local_time":"20190704120823","is_ascension_mode":true,"campfire_choices":[{"data":"Wraith Form v2","floor":6.0,"key":"SMITH"},{"data":"Neutralize","floor":8.0,"key":"SMITH"},{"data":"Deadly Poison","floor":13.0,"key":"SMITH"},{"data":"Acrobatics","floor":15.0,"key":"SMITH"},{"data":"Bullet Time","floor":25.0,"key":"SMITH"},{"data":"Well Laid Plans","floor":29.0,"key":"SMITH"},{"data":"PiercingWail","floor":32.0,"key":"SMITH"},{"floor":40.0,"key":"RECALL"},{"data":"Adrenaline","floor":42.0,"key":"SMITH"},{"data":"Dash","floor":49.0,"key":"SMITH"},{"data":"Crippling Poison","floor":52,"key":"SMITH"}],"neow_cost":"NONE","seed_source_timestamp":0,"circlet_count":0,"master_deck":["Defend_G","Defend_G","Defend_G","Defend_G","Defend_G","Strike_G","Strike_G","Survivor","Neutralize+1","Quick Slash","Crippling Poison+1","Backflip","Wraith Form v2+1","Deadly Poison+1","Acrobatics+1","Backflip","Dash+1","Dagger Spray","Bullet Time+1","PiercingWail+1","Predator+1","Well Laid Plans+1","Riddle With Holes+1","Dagger Spray+1","Adrenaline+1","Quick Slash+1","Cloak And Dagger+1","Acrobatics","Clumsy","Concentrate+1","Cloak And Dagger+1","Backstab+1","Caltrops"],"special_seed":0,"relics":["Ring of the Snake","Pantograph","Ancient Tea Set","Bottled Lightning","Odd Mushroom","Coffee Dripper","Strawberry","Lantern","Potion Belt","Turnip","MutagenicStrength","Cursed Key","PreservedInsect","Unceasing Top","Bird Faced Urn","Bronze Scales","Calipers"],"potions_floor_usage":[50,50,50,50,50,55],"damage_taken":[{"damage":0.0,"enemies":"2 Louse","floor":1.0,"turns":4.0},{"damage":0.0,"enemies":"Jaw Worm","floor":4.0,"turns":4.0},{"damage":38.0,"enemies":"Gremlin Nob","floor":7.0,"turns":7.0},{"damage":14.0,"enemies":"Lagavulin","floor":10.0,"turns":8.0},{"damage":5.0,"enemies":"The Mushroom Lair","floor":11.0,"turns":7.0},{"damage":0.0,"enemies":"Cultist","floor":14.0,"turns":3.0},{"damage":23.0,"enemies":"The Guardian","floor":16.0,"turns":13.0},{"damage":0.0,"enemies":"Spheric Guardian","floor":18.0,"turns":4.0},{"damage":0.0,"enemies":"3 Byrds","floor":19.0,"turns":5.0},{"damage":7.0,"enemies":"Gremlin Leader","floor":23.0,"turns":7.0},{"damage":0.0,"enemies":"Centurion and Healer","floor":30.0,"turns":6.0},{"damage":0.0,"enemies":"Snake Plant","floor":31.0,"turns":3.0},{"damage":29.0,"enemies":"Champ","floor":33.0,"turns":15.0},{"damage":0.0,"enemies":"3 Shapes","floor":35.0,"turns":5.0},{"damage":0.0,"enemies":"Orb Walker","floor":36.0,"turns":1.0},{"damage":4.0,"enemies":"Writhing Mass","floor":38.0,"turns":5.0},{"damage":29.0,"enemies":"Nemesis","floor":41.0,"turns":7.0},{"damage":0.0,"enemies":"Reptomancer","floor":44.0,"turns":4.0},{"damage":9.0,"enemies":"Mind Bloom Boss Battle","floor":46.0,"turns":6.0},{"damage":1.0,"enemies":"Jaw Worm Horde","floor":47.0,"turns":3.0},{"damage":32,"enemies":"Donu and Deca","floor":50,"turns":10},{"damage":23,"enemies":"Shield and Spear","floor":54,"turns":8},{"damage":94,"enemies":"The Heart","floor":55,"turns":6}],"seed_played":"-2934497308494244834","potions_obtained":[{"floor":4.0,"key":"PowerPotion"},{"floor":11.0,"key":"Ancient Potion"},{"floor":14.0,"key":"Explosive Potion"},{"floor":16.0,"key":"Regen Potion"},{"floor":19.0,"key":"PowerPotion"},{"floor":23.0,"key":"Poison Potion"},{"floor":31.0,"key":"Explosive Potion"},{"floor":38.0,"key":"AttackPotion"},{"floor":41.0,"key":"SkillPotion"},{"floor":46.0,"key":"AttackPotion"},{"floor":47.0,"key":"Ancient Potion"},{"floor":54,"key":"LiquidBronze"}],"is_trial":false,"path_per_floor":["?","?","M","?","?","$","?","?","M","?","?","M"],"character_chosen":"THE_SILENT","items_purchased":["Wraith Form v2","Dash","Lantern","Well Laid Plans","Bronze Scales"],"campfire_rested":0,"item_purchase_floors":[5,12,22,28,48],"current_hp_per_floor":[77,77,77,77,77,77,39,39,39,25,20,20,20,20,20,22,77,77,77,84,84,84,77,61,61,61,61,61,61,61,61,61,57,89,89,89,85,81,81,81,52,52,52,52,52,68,67,67,67,71,85,85,85,65,0],"gold":64,"neow_bonus":"TEN_PERCENT_HP_BONUS","is_prod":false,"is_daily":false,"chose_seed":false,"campfire_upgraded":10,"win_rate":0,"timestamp":1562234903,"path_taken":["M","?","?","?","$","R","E","R","T","E","?","$","R","M","R","BOSS","M","M","?","?","$","E","?","R","T","?","$","R","M","?","R","BOSS","M","M","?","M","$","R","E","R","T","E","$","?","?","$","R","BOSS","R","$","E","BOSS"],"build_version":"2019-01-23","purchased_purges":2,"victory":false,"max_hp_per_floor":[77,77,77,77,77,77,77,77,77,77,77,77,77,77,77,77,77,77,77,84,84,84,84,89,89,89,89,89,89,89,89,89,89,89,89,89,85,85,85,85,85,85,85,85,85,85,85,85,85,85,85,85,85,85,85],"card_choices":[{"not_picked":["Prepared","Deflect"],"picked":"Quick Slash","floor":1.0},{"not_picked":["Endless Agony","Sucker Punch"],"picked":"Backflip","floor":4.0},{"not_picked":["Slice","Poisoned Stab"],"picked":"Deadly Poison","floor":7.0},{"not_picked":["Bouncing Flask","Sucker Punch"],"picked":"Acrobatics","floor":10.0},{"not_picked":["All Out Attack","Endless Agony"],"picked":"Backflip","floor":11.0},{"not_picked":["Flying Knee","Backstab"],"picked":"Dagger Spray","floor":14.0},{"not_picked":["Die Die Die","After Image"],"picked":"Bullet Time","floor":16.0},{"not_picked":["Flying Knee","Footwork"],"picked":"PiercingWail","floor":18.0},{"not_picked":["Well Laid Plans","Dodge and Roll"],"picked":"Predator+1","floor":19.0},{"not_picked":["Dodge and Roll","Finisher","Cloak And Dagger"],"picked":"SKIP","floor":23.0},{"not_picked":["Dodge and Roll","Prepared"],"picked":"Riddle With Holes+1","floor":30.0},{"not_picked":["Acrobatics","Tactician+1"],"picked":"Dagger Spray+1","floor":31.0},{"not_picked":["Storm of Steel","A Thousand Cuts"],"picked":"Adrenaline","floor":33.0},{"not_picked":["Cloak And Dagger+1","Choke"],"picked":"Quick Slash+1","floor":35.0},{"not_picked":["Eviscerate","Finisher+1"],"picked":"Cloak And Dagger+1","floor":36.0},{"not_picked":["Dagger Throw","Cloak And Dagger+1","Backflip"],"picked":"SKIP","floor":38.0},{"not_picked":["Poisoned Stab","Slice+1"],"picked":"Acrobatics","floor":41.0},{"not_picked":["Riddle With Holes+1","Flying Knee"],"picked":"Concentrate+1","floor":44.0},{"not_picked":["Deflect+1","Blur"],"picked":"Cloak And Dagger+1","floor":46.0},{"not_picked":["Blade Dance+1","Flying Knee+1"],"picked":"Backstab+1","floor":47.0},{"not_picked":["Sucker Punch+1","Cloak And Dagger+1"],"picked":"Caltrops","floor":54}],"player_experience":950757,"relics_obtained":[{"floor":7.0,"key":"Pantograph"},{"floor":9.0,"key":"Ancient Tea Set"},{"floor":10.0,"key":"Bottled Lightning"},{"floor":11.0,"key":"Odd Mushroom"},{"floor":23.0,"key":"Potion Belt"},{"floor":26.0,"key":"Turnip"},{"floor":41.0,"key":"PreservedInsect"},{"floor":44.0,"key":"Unceasing Top"},{"floor":46.0,"key":"Bird Faced Urn"},{"floor":54,"key":"Calipers"}],"event_choices":[{"cards_removed":["Strike_G"],"damage_healed":0.0,"max_hp_gain":0.0,"max_hp_loss":0.0,"gold_gain":0.0,"event_name":"Living Wall","player_choice":"Forget","floor":2.0,"gold_loss":0.0,"damage_taken":0.0},{"damage_healed":0.0,"max_hp_gain":0.0,"max_hp_loss":0.0,"gold_gain":0.0,"event_name":"Match and Keep!","player_choice":"1 cards matched","floor":3.0,"gold_loss":0.0,"damage_taken":0.0,"cards_obtained":["Crippling Poison"]},{"damage_healed":0.0,"max_hp_gain":0.0,"max_hp_loss":0.0,"gold_gain":0.0,"event_name":"Mushrooms","player_choice":"Fought Mushrooms","floor":11.0,"gold_loss":0.0,"damage_taken":0.0},{"damage_healed":0.0,"max_hp_gain":0.0,"max_hp_loss":0.0,"gold_gain":0.0,"event_name":"WeMeetAgain","player_choice":"Gave Potion","floor":20.0,"gold_loss":0.0,"damage_taken":0.0,"relics_obtained":["Strawberry"]},{"damage_healed":0.0,"max_hp_gain":5.0,"max_hp_loss":0.0,"gold_gain":0.0,"event_name":"Forgotten Altar","player_choice":"Shed Blood","floor":24.0,"gold_loss":0.0,"damage_taken":21.0},{"damage_healed":0.0,"max_hp_gain":0.0,"max_hp_loss":0.0,"gold_gain":0.0,"event_name":"Drug Dealer","player_choice":"Inject Mutagens","floor":27.0,"gold_loss":0.0,"damage_taken":0.0,"relics_obtained":["MutagenicStrength"]},{"damage_healed":0.0,"max_hp_gain":0.0,"max_hp_loss":4.0,"gold_gain":0.0,"event_name":"Winding Halls","player_choice":"Max HP","floor":37.0,"gold_loss":0.0,"damage_taken":0.0},{"damage_healed":0.0,"max_hp_gain":0.0,"max_hp_loss":0.0,"gold_gain":0.0,"event_name":"MindBloom","player_choice":"Fight","floor":46.0,"gold_loss":0.0,"damage_taken":0.0}],"is_beta":false,"boss_relics":[{"not_picked":["Runic Dome","Astrolabe"],"picked":"Coffee Dripper"},{"not_picked":["Velvet Choker","Runic Pyramid"],"picked":"Cursed Key"}],"items_purged_floors":[48,53],"is_endless":false,"potions_floor_spawned":[4,11,14,16,19,23,31,38,41,46,47,54],"killed_by":"The Heart","ascension_level":1}