{"gold_per_floor":[111,111,58,74,74,74,100,120,145,162,180,212,228,248,248,351,351,331,256,256,355,370,382,413,413,438,438,467,1,11,29,29,126,126,137,156,5,23,23],"floor_reached":39,"playtime":2063,"items_purged":["Strike_G+1"],"score":776,"play_id":"cd43a7e5-5ebc-44b4-a7af-5e0f2e585217","local_time":"20190508102947","is_ascension_mode":true,"campfire_choices":[{"data":"Neutralize","floor":6,"key":"SMITH"},{"data":"Footwork","floor":15,"key":"SMITH"},{"data":"Dagger Spray","floor":25,"key":"SMITH"},{"data":"Dash","floor":27,"key":"SMITH"},{"data":"Neutralize","floor":32,"key":"SMITH"}],"neow_cost":"NONE","seed_source_timestamp":0,"circlet_count":0,"master_deck":["Defend_G+1","Defend_G+1","Defend_G+1","Defend_G+1","Defend_G+1","Survivor","Neutralize+1","Dodge and Roll","Neutralize+1","Venomology","Backflip","PiercingWail","Deflect","Dash+1","Footwork+1","Blur","Caltrops","Cloak And Dagger","Adrenaline","Deflect+1","Dagger Spray+1","Acrobatics","Quick Slash+1","Choke+1","Die Die Die","Setup+1","Riddle With Holes+1","Setup+1","Poisoned Stab+1","Poisoned Stab+1","Well Laid Plans"],"special_seed":0,"relics":["Ring of the Snake","NeowsBlessing","Bronze Scales","Oddly Smooth Stone","Bird Faced Urn","Philosopher\u0027s Stone","Art of War","Orichalcum","Strawberry","MealTicket","Mercury Hourglass","Astrolabe"],"potions_floor_usage":[12,16,16,18,23,24,24,24,28,33,38],"damage_taken":[{"damage":0.0,"enemies":"Small Slimes","floor":1.0,"turns":1.0},{"damage":0,"enemies":"Cultist","floor":4,"turns":1},{"damage":0,"enemies":"3 Sentries","floor":7,"turns":1},{"damage":2,"enemies":"Jaw Worm","floor":8,"turns":6},{"damage":0,"enemies":"3 Louse","floor":10,"turns":3},{"damage":0,"enemies":"Large Slime","floor":11,"turns":9},{"damage":16,"enemies":"Lagavulin","floor":12,"turns":11},{"damage":1,"enemies":"Blue Slaver","floor":13,"turns":4},{"damage":3,"enemies":"2 Fungi Beasts","floor":14,"turns":4},{"damage":0,"enemies":"Hexaghost","floor":16,"turns":11},{"damage":24,"enemies":"2 Thieves","floor":18,"turns":4},{"damage":5,"enemies":"Spheric Guardian","floor":22,"turns":4},{"damage":0,"enemies":"Centurion and Healer","floor":23,"turns":16},{"damage":19,"enemies":"Slavers","floor":24,"turns":7},{"damage":0,"enemies":"Book of Stabbing","floor":28,"turns":6},{"damage":0,"enemies":"Snake Plant","floor":30,"turns":4},{"damage":0,"enemies":"3 Cultists","floor":31,"turns":5},{"damage":14,"enemies":"Automaton","floor":33,"turns":13},{"damage":39,"enemies":"3 Darklings","floor":35,"turns":7},{"damage":0,"enemies":"3 Shapes","floor":36,"turns":5},{"damage":39,"enemies":"Transient","floor":38,"turns":5},{"damage":24,"enemies":"3 Darklings","floor":39,"turns":2}],"seed_played":"1861989888512325310","potions_obtained":[{"floor":1.0,"key":"FearPotion"},{"floor":4,"key":"FearPotion"},{"floor":10,"key":"SpeedPotion"},{"floor":22,"key":"Ancient Potion"},{"floor":24,"key":"FearPotion"},{"floor":33,"key":"Strength Potion"},{"floor":38,"key":"GhostInAJar"}],"is_trial":false,"path_per_floor":["?","$","M","?","?","?","$","M"],"character_chosen":"THE_SILENT","items_purchased":["Backflip","MealTicket","Mercury Hourglass","Well Laid Plans"],"campfire_rested":0,"item_purchase_floors":[3,29,29,37],"current_hp_per_floor":[63,63,63,63,63,63,63,61,61,61,61,45,48,49,49,53,66,46,46,46,46,45,49,34,34,34,34,45,45,49,53,53,43,69,34,38,53,20,0],"gold":23,"neow_bonus":"THREE_ENEMY_KILL","is_prod":false,"is_daily":false,"chose_seed":false,"campfire_upgraded":5,"win_rate":0,"timestamp":1557304187,"path_taken":["M","?","$","M","?","R","E","?","T","M","M","E","M","M","R","BOSS","M","?","?","?","M","M","E","R","T","R","E","?","M","?","R","BOSS","M","M","$","M","M"],"build_version":"2019-01-23","purchased_purges":1,"victory":false,"max_hp_per_floor":[70,70,70,70,70,70,70,70,70,70,70,70,70,70,70,70,70,70,70,70,70,70,70,70,70,70,70,77,77,77,77,77,77,77,77,77,77,77,77],"card_choices":[{"not_picked":["Accuracy","Heel Hook"],"picked":"Dodge and Roll","floor":1.0},{"not_picked":["Blade Dance","Quick Slash"],"picked":"PiercingWail","floor":4},{"not_picked":["Accuracy","Setup"],"picked":"Deflect","floor":7},{"not_picked":["Reflex","Flying Knee"],"picked":"Dash","floor":8},{"not_picked":["Backstab","Acrobatics"],"picked":"Footwork","floor":10},{"not_picked":["Underhanded Strike","Endless Agony"],"picked":"Blur","floor":11},{"not_picked":["Underhanded Strike","Quick Slash"],"picked":"Caltrops","floor":12},{"not_picked":["Sucker Punch","Underhanded Strike"],"picked":"Cloak And Dagger","floor":13},{"not_picked":["Sucker Punch","Blade Dance","Grand Finale"],"picked":"SKIP","floor":14},{"not_picked":["Venomology","Tools of the Trade"],"picked":"Adrenaline","floor":16},{"not_picked":["Underhanded Strike","Deadly Poison","Blade Dance"],"picked":"SKIP","floor":18},{"not_picked":["Reflex+1","Flying Knee"],"picked":"Deflect+1","floor":22},{"not_picked":["Underhanded Strike","Outmaneuver","Dodge and Roll"],"picked":"SKIP","floor":23},{"not_picked":["Finisher","Underhanded Strike+1"],"picked":"Dagger Spray","floor":24},{"not_picked":["Storm of Steel","Underhanded Strike"],"picked":"Acrobatics","floor":28},{"not_picked":["Flying Knee","Calculated Gamble"],"picked":"Quick Slash+1","floor":30},{"not_picked":["Masterful Stab","Slice"],"picked":"Choke+1","floor":31},{"not_picked":["Glass Knife","Unload"],"picked":"Die Die Die","floor":33},{"not_picked":["PiercingWail+1","Blur"],"picked":"Poisoned Stab+1","floor":35},{"not_picked":["Blade Dance+1","Dagger Spray"],"picked":"Poisoned Stab+1","floor":36},{"not_picked":["PiercingWail+1","Cloak And Dagger","Reflex"],"picked":"SKIP","floor":38}],"player_experience":576813,"relics_obtained":[{"floor":7,"key":"Bronze Scales"},{"floor":9,"key":"Oddly Smooth Stone"},{"floor":12,"key":"Bird Faced Urn"},{"floor":24,"key":"Art of War"},{"floor":26,"key":"Orichalcum"},{"floor":28,"key":"Strawberry"}],"event_choices":[{"damage_healed":0,"gold_gain":0,"player_choice":"2 cards matched","damage_taken":0,"max_hp_gain":0,"max_hp_loss":0,"event_name":"Match and Keep!","floor":2,"gold_loss":0,"cards_obtained":["Neutralize","Venomology"]},{"cards_removed":["Strike_G"],"damage_healed":0,"gold_gain":0,"player_choice":"Gave Gold","damage_taken":0,"max_hp_gain":0,"max_hp_loss":0,"event_name":"Beggar","floor":19,"gold_loss":75},{"damage_healed":0,"gold_gain":0,"player_choice":"Simplicity","damage_taken":0,"max_hp_gain":0,"max_hp_loss":0,"event_name":"Back to Basics","floor":20,"gold_loss":0,"cards_upgraded":["Defend_G","Defend_G","Defend_G","Defend_G","Defend_G","Strike_G","Strike_G","Strike_G","Strike_G"]},{"damage_healed":0,"gold_gain":99,"player_choice":"Stole From Cult","damage_taken":0,"max_hp_gain":0,"max_hp_loss":0,"event_name":"Nest","floor":21,"gold_loss":0}],"is_beta":false,"boss_relics":[{"not_picked":["Eternal Feather","Runic Pyramid"],"picked":"Philosopher\u0027s Stone"},{"not_picked":["Pandora\u0027s Box","Black Star"],"picked":"Astrolabe"}],"items_purged_floors":[37],"is_endless":false,"potions_floor_spawned":[1,4,10,13,22,24,33,35,38],"killed_by":"3 Darklings","ascension_level":9}