{"gold_per_floor":[113,4,4,104,117,117,151,151,151,163,180,255,270,26,26,131,131,150,3,3,21,32,60,60,74,98,98,136,198,243,267,279,388,400,423,435,462,474,105,139,139,139,139,139,153,153,171,181,181,181],"floor_reached":50,"playtime":3596,"items_purged":["Strike_B","Defend_B","Writhe"],"score":580,"play_id":"a7eeef4d-2470-4bc1-9d19-d63b24cc69ec","local_time":"20190315144447","is_ascension_mode":false,"campfire_choices":[{"data":"Darkness","floor":6,"key":"SMITH"},{"data":"Chill","floor":8,"key":"SMITH"},{"floor":15,"key":"REST"},{"data":"Electrodynamics","floor":32,"key":"SMITH"},{"data":"Consume","floor":41,"key":"SMITH"},{"data":"Dualcast","floor":44,"key":"SMITH"},{"data":"Loop","floor":46,"key":"SMITH"},{"floor":49,"key":"REST"}],"neow_cost":"TEN_PERCENT_HP_LOSS","seed_source_timestamp":20014634436186,"circlet_count":0,"master_deck":["Strike_B","Strike_B","Defend_B","Defend_B","Defend_B","Zap","Dualcast+1","Coolheaded","Chill+1","Darkness+1","Leap","Sweeping Beam","Loop+1","Self Repair","Electrodynamics+1","Self Repair+1","Writhe","Heatsinks+1","Capacitor+1","Turbo+1","Echo Form+1","Consume+1","Coolheaded","Defragment+1","Magnetism+1","White Noise+1","Zap","Jack Of All Trades","Coolheaded+1"],"relics":["Cracked Core","Torii","DataDisk","Cables","Bag of Preparation","White Beast Statue","PreservedInsect","Sundial","Ancient Tea Set","MawBank","Frozen Egg 2","Letter Opener","Inserter","Bag of Marbles","The Courier"],"potions_floor_usage":[10,16,16,21,22,25,30,30,31,31,33,40,40,40,50,50,50],"damage_taken":[{"damage":0,"enemies":"Small Slimes","floor":1,"turns":2},{"damage":0,"enemies":"Cultist","floor":5,"turns":4},{"damage":37,"enemies":"Gremlin Nob","floor":7,"turns":4},{"damage":0,"enemies":"Jaw Worm","floor":10,"turns":3},{"damage":1,"enemies":"2 Fungi Beasts","floor":11,"turns":3},{"damage":0,"enemies":"Exordium Thugs","floor":13,"turns":4},{"damage":2,"enemies":"Hexaghost","floor":16,"turns":8},{"damage":0,"enemies":"3 Byrds","floor":18,"turns":3},{"damage":0,"enemies":"Chosen","floor":21,"turns":4},{"damage":1,"enemies":"3 Cultists","floor":22,"turns":5},{"damage":0,"enemies":"Gremlin Leader","floor":23,"turns":5},{"damage":2,"enemies":"Snake Plant","floor":25,"turns":4},{"damage":12,"enemies":"Slavers","floor":28,"turns":4},{"damage":19,"enemies":"Book of Stabbing","floor":30,"turns":6},{"damage":20,"enemies":"Cultist and Chosen","floor":31,"turns":7},{"damage":35,"enemies":"Automaton","floor":33,"turns":11},{"damage":14,"enemies":"3 Darklings","floor":35,"turns":4},{"damage":0,"enemies":"3 Shapes","floor":37,"turns":5},{"damage":32,"enemies":"Nemesis","floor":40,"turns":7},{"damage":22,"enemies":"Transient","floor":45,"turns":5},{"damage":0,"enemies":"4 Shapes","floor":47,"turns":3},{"damage":44,"enemies":"Spire Growth","floor":48,"turns":4},{"damage":47,"enemies":"Time Eater","floor":50,"turns":5}],"seed_played":"6221483009419830401","potions_obtained":[{"floor":7,"key":"Dexterity Potion"},{"floor":10,"key":"Dexterity Potion"},{"floor":11,"key":"Swift Potion"},{"floor":16,"key":"Swift Potion"},{"floor":18,"key":"Energy Potion"},{"floor":21,"key":"SkillPotion"},{"floor":22,"key":"Weak Potion"},{"floor":23,"key":"Ancient Potion"},{"floor":25,"key":"Ancient Potion"},{"floor":28,"key":"SkillPotion"},{"floor":30,"key":"Swift Potion"},{"floor":31,"key":"LiquidBronze"},{"floor":33,"key":"FocusPotion"},{"floor":35,"key":"Ancient Potion"},{"floor":37,"key":"Fire Potion"},{"floor":40,"key":"FocusPotion"},{"floor":45,"key":"Dexterity Potion"},{"floor":47,"key":"Poison Potion"},{"floor":48,"key":"Energy Potion"}],"is_trial":false,"path_per_floor":["?","?","M","?","$","?","$","?","?","M","?","?","?"],"character_chosen":"DEFECT","items_purchased":["Chill","Bag of Preparation","PreservedInsect","Defragment+1","Magnetism+1"],"campfire_rested":2,"item_purchase_floors":[2,14,19,39,39],"current_hp_per_floor":[68,68,68,68,68,68,31,31,31,31,30,19,19,19,39,44,68,68,68,56,63,69,73,73,73,73,73,61,61,59,56,56,38,73,66,73,73,73,73,58,58,58,58,58,46,46,53,26,47,0],"gold":181,"neow_bonus":"ONE_RARE_RELIC","is_prod":false,"is_daily":false,"chose_seed":false,"campfire_upgraded":6,"win_rate":0.0,"timestamp":1552657487,"path_taken":["M","$","?","?","?","R","E","R","T","M","M","?","M","?","R","BOSS","M","$","?","M","M","E","?","M","T","?","E","?","E","?","R","BOSS","M","?","M","?","$","E","R","?","T","R","M","R","M","M","R","BOSS"],"build_version":"2019-01-23","purchased_purges":3,"victory":false,"max_hp_per_floor":[68,68,68,68,68,68,68,68,68,68,68,68,68,68,68,68,68,68,68,73,73,73,73,73,73,73,73,73,73,73,73,73,73,73,73,73,73,73,73,73,73,73,73,73,73,73,73,73,73,73],"card_choices":[{"not_picked":["Genetic Algorithm","Steam"],"picked":"Coolheaded","floor":1},{"not_picked":["Sweeping Beam","Steam"],"picked":"Darkness","floor":5},{"not_picked":["Storm","Beam Cell"],"picked":"Leap","floor":7},{"not_picked":["Barrage","Rainbow"],"picked":"Sweeping Beam","floor":10},{"not_picked":["Streamline","Redo"],"picked":"Loop","floor":11},{"not_picked":["Beam Cell","Streamline"],"picked":"Self Repair","floor":13},{"not_picked":["All For One","Thunder Strike"],"picked":"Electrodynamics","floor":16},{"not_picked":["Leap+1","Force Field","Steam"],"picked":"SKIP","floor":18},{"not_picked":["Stack+1","Hologram","Streamline+1"],"picked":"SKIP","floor":21},{"not_picked":["Heatsinks+1","Storm"],"picked":"Self Repair+1","floor":22},{"not_picked":["Steam","Ball Lightning","Hyperbeam"],"picked":"SKIP","floor":23},{"not_picked":["Genetic Algorithm+1","Redo","Compile Driver"],"picked":"SKIP","floor":25},{"not_picked":["Lockon","Barrage"],"picked":"Heatsinks+1","floor":28},{"not_picked":["Ball Lightning+1","Leap"],"picked":"Capacitor+1","floor":30},{"not_picked":["Auto Shields+1","Chill"],"picked":"Turbo+1","floor":31},{"not_picked":["Electrodynamics+1","Rainbow"],"picked":"Echo Form+1","floor":33},{"not_picked":["Stack+1","Streamline+1"],"picked":"Consume","floor":35},{"not_picked":["Sweeping Beam","Go for the Eyes"],"picked":"Coolheaded","floor":37},{"not_picked":["Go for the Eyes","Cold Snap"],"picked":"White Noise+1","floor":40},{"not_picked":["Leap","Go for the Eyes+1","Scrape"],"picked":"SKIP","floor":45},{"not_picked":["Ball Lightning+1","Streamline","Coolheaded"],"picked":"SKIP","floor":47},{"not_picked":["Force Field","Meteor Strike"],"picked":"Coolheaded+1","floor":48}],"player_experience":162157,"relics_obtained":[{"floor":7,"key":"DataDisk"},{"floor":9,"key":"Cables"},{"floor":23,"key":"Sundial"},{"floor":26,"key":"Ancient Tea Set"},{"floor":28,"key":"Frozen Egg 2"},{"floor":30,"key":"Letter Opener"},{"floor":40,"key":"Bag of Marbles"},{"floor":43,"key":"The Courier"}],"event_choices":[{"cards_removed":["Strike_B"],"damage_healed":0,"gold_gain":0,"player_choice":"Forget","damage_taken":0,"max_hp_gain":0,"max_hp_loss":0,"event_name":"Living Wall","floor":3,"gold_loss":0},{"damage_healed":0,"gold_gain":100,"player_choice":"Pray","damage_taken":0,"max_hp_gain":0,"max_hp_loss":0,"event_name":"Golden Shrine","floor":4,"gold_loss":0},{"damage_healed":0,"gold_gain":75,"player_choice":"Gather Gold","damage_taken":11,"max_hp_gain":0,"max_hp_loss":0,"event_name":"World of Goop","floor":12,"gold_loss":0},{"damage_healed":0,"gold_gain":0,"player_choice":"Shed Blood","damage_taken":17,"max_hp_gain":5,"max_hp_loss":0,"event_name":"Forgotten Altar","floor":20,"gold_loss":0},{"damage_healed":0,"gold_gain":0,"player_choice":"Opened","damage_taken":0,"relics_obtained":["MawBank"],"max_hp_gain":0,"max_hp_loss":0,"event_name":"The Mausoleum","floor":27,"gold_loss":0,"cards_obtained":["Writhe"]},{"damage_healed":0,"gold_gain":100,"player_choice":"Bet on Murderer","damage_taken":0,"max_hp_gain":0,"max_hp_loss":0,"event_name":"The Joust","floor":29,"gold_loss":50},{"damage_healed":18,"gold_gain":0,"player_choice":"Writhe","damage_taken":0,"max_hp_gain":0,"max_hp_loss":0,"event_name":"Winding Halls","floor":36,"gold_loss":0,"cards_obtained":["Writhe"]},{"damage_healed":0,"gold_gain":0,"player_choice":"Memory 1","damage_taken":0,"max_hp_gain":0,"max_hp_loss":0,"event_name":"SensoryStone","floor":38,"gold_loss":0},{"damage_healed":0,"gold_gain":0,"player_choice":"2 cards matched","damage_taken":0,"max_hp_gain":0,"max_hp_loss":0,"event_name":"Match and Keep!","floor":42,"gold_loss":0,"cards_obtained":["Zap","Jack Of All Trades"]}],"is_beta":false,"boss_relics":[{"not_picked":["Cursed Key","Lizard Tail"],"picked":"White Beast Statue"},{"not_picked":["Snecko Eye","Pandora\u0027s Box"],"picked":"Inserter"}],"items_purged_floors":[2,14,39],"is_endless":false,"potions_floor_spawned":[7,10,11,16,18,21,22,23,25,28,30,31,33,35,37,40,45,47,48],"killed_by":"Time Eater","ascension_level":0}