{"gold_per_floor":[115,115,30,47,47,47,47,77,122,147,161,161,178,197,197,296,296,314,314,189,204,204,238,238,272,320,320,339,97,125,137,137,235,235,249,297,19,31,42,67,83,83,157,172,204,204,204,221,221,221,221,221,18,50,50],"floor_reached":55,"playtime":5644,"items_purged":["Strike_B","Decay","Strike_B"],"score":782,"play_id":"33990c7c-8872-4035-8eb0-c1a114939196","local_time":"20190529141123","is_ascension_mode":true,"campfire_choices":[{"data":"Sweeping Beam","floor":6,"key":"SMITH"},{"data":"Zap","floor":12,"key":"SMITH"},{"data":"Reinforced Body","floor":15,"key":"SMITH"},{"data":"Seek","floor":24,"key":"SMITH"},{"data":"Coolheaded","floor":27,"key":"SMITH"},{"data":"Self Repair","floor":32,"key":"SMITH"},{"floor":47,"key":"RECALL"},{"floor":49,"key":"REST"},{"floor":52,"key":"REST"}],"neow_cost":"NONE","seed_source_timestamp":17289824430814,"circlet_count":0,"master_deck":["Defend_B","Defend_B","Defend_B","Zap+1","Dualcast","Sweeping Beam+1","Glacier","Cold Snap+1","Ball Lightning+1","Echo Form","Coolheaded+1","Reinforced Body+1","Go for the Eyes","Seek+1","Barrage+1","Turbo","Skim","Recycle","Turbo+1","Coolheaded+1","Chill","Electrodynamics","Self Repair+1","Doom and Gloom+1","Core Surge","Loop","Ball Lightning+1","Conserve Battery","Clumsy","Thunder Strike","Capacitor+1"],"relics":["Cracked Core","Meat on the Bone","Anchor","Whetstone","Unceasing Top","Cursed Key","Happy Flower","Centennial Puzzle","Pen Nib","Potion Belt","Fusion Hammer","Bird Faced Urn","OrangePellets","Ancient Tea Set","Regal Pillow","Bag of Marbles"],"potions_floor_usage":[10,16,18,18,30,33,33,45,50,55,55,55,55],"damage_taken":[{"damage":1,"enemies":"Cultist","floor":1,"turns":3},{"damage":0,"enemies":"2 Louse","floor":4,"turns":2},{"damage":10,"enemies":"3 Sentries","floor":8,"turns":7},{"damage":2,"enemies":"Gremlin Nob","floor":10,"turns":4},{"damage":0,"enemies":"Small Slimes","floor":11,"turns":3},{"damage":0,"enemies":"Exordium Wildlife","floor":13,"turns":4},{"damage":5,"enemies":"Blue Slaver","floor":14,"turns":3},{"damage":24,"enemies":"The Guardian","floor":16,"turns":14},{"damage":22,"enemies":"3 Byrds","floor":18,"turns":5},{"damage":0,"enemies":"Shell Parasite","floor":21,"turns":4},{"damage":2,"enemies":"Slavers","floor":23,"turns":7},{"damage":10,"enemies":"Gremlin Leader","floor":25,"turns":7},{"damage":3,"enemies":"Snake Plant","floor":28,"turns":5},{"damage":6,"enemies":"Slavers","floor":30,"turns":5},{"damage":0,"enemies":"3 Cultists","floor":31,"turns":2},{"damage":29,"enemies":"Collector","floor":33,"turns":10},{"damage":12,"enemies":"3 Darklings","floor":35,"turns":3},{"damage":15,"enemies":"2 Orb Walkers","floor":36,"turns":4},{"damage":9,"enemies":"Orb Walker","floor":38,"turns":4},{"damage":4,"enemies":"Spire Growth","floor":39,"turns":4},{"damage":50,"enemies":"Nemesis","floor":40,"turns":11},{"damage":0,"enemies":"Jaw Worm Horde","floor":41,"turns":3},{"damage":1,"enemies":"4 Shapes","floor":44,"turns":5},{"damage":8,"enemies":"Giant Head","floor":45,"turns":10},{"damage":4,"enemies":"Spire Growth","floor":48,"turns":5},{"damage":38,"enemies":"Awakened One","floor":50,"turns":12},{"damage":44,"enemies":"Shield and Spear","floor":54,"turns":8},{"damage":76,"enemies":"The Heart","floor":55,"turns":6}],"seed_played":"-3330461527467326146","potions_obtained":[{"floor":8,"key":"SteroidPotion"},{"floor":10,"key":"Swift Potion"},{"floor":11,"key":"SteroidPotion"},{"floor":18,"key":"EssenceOfSteel"},{"floor":21,"key":"SpeedPotion"},{"floor":31,"key":"Ancient Potion"},{"floor":36,"key":"SkillPotion"},{"floor":39,"key":"Fire Potion"},{"floor":40,"key":"AttackPotion"},{"floor":54,"key":"EssenceOfSteel"}],"is_trial":false,"path_per_floor":["?","?","?","M","?","M","?","?","?","?"],"character_chosen":"DEFECT","items_purchased":["Glacier","PowerPotion","Explosive Potion","Electrodynamics","OrangePellets","Loop","Regen Potion"],"campfire_rested":2,"item_purchase_floors":[3,3,20,29,37,37,53],"current_hp_per_floor":[81,69,69,69,69,69,69,59,59,57,57,57,57,52,52,40,82,60,60,60,60,60,58,58,48,48,48,45,45,51,51,51,44,82,70,75,75,82,82,66,82,78,78,78,78,78,78,78,78,54,78,78,78,48,0],"gold":50,"neow_bonus":"TEN_PERCENT_HP_BONUS","is_prod":false,"is_daily":false,"chose_seed":false,"campfire_upgraded":6,"win_rate":0,"timestamp":1559131883,"path_taken":["M","?","$","M","?","R","?","E","T","E","M","R","M","?","R","BOSS","M","?","$","?","?","E","R","E","T","R","M","$","E","M","R","BOSS","M","?","$","M","M","E","M","?","T","M","E","?","R","M","R","BOSS","R","$","E","BOSS"],"build_version":"2019-01-23","purchased_purges":3,"victory":false,"max_hp_per_floor":[82,82,82,82,82,82,82,82,82,82,82,82,82,82,82,82,82,82,82,82,82,82,82,82,82,82,82,82,82,82,82,82,82,82,82,82,82,82,82,82,82,78,78,78,78,78,78,78,78,78,78,78,78,78,78],"card_choices":[{"not_picked":["Turbo","White Noise"],"picked":"Sweeping Beam","floor":1},{"not_picked":["Barrage","Sweeping Beam"],"picked":"Cold Snap","floor":4},{"not_picked":["Rebound","Turbo"],"picked":"Ball Lightning","floor":8},{"not_picked":["Blizzard","All For One"],"picked":"Echo Form","floor":10},{"not_picked":["Cold Snap","Blizzard"],"picked":"Coolheaded","floor":11},{"not_picked":["Storm","BootSequence"],"picked":"Reinforced Body","floor":13},{"not_picked":["Steam","Melter"],"picked":"Go for the Eyes","floor":14},{"not_picked":["Thunder Strike","Machine Learning"],"picked":"Seek","floor":16},{"not_picked":["Reprogram","Rip and Tear"],"picked":"Barrage+1","floor":18},{"not_picked":["Stack+1","Steam"],"picked":"Turbo","floor":21},{"not_picked":["Streamline+1","Cold Snap"],"picked":"Turbo+1","floor":23},{"not_picked":["Skim","Reboot"],"picked":"Coolheaded+1","floor":25},{"not_picked":["White Noise+1","Coolheaded"],"picked":"Chill","floor":28},{"not_picked":["Redo+1","Turbo"],"picked":"Self Repair","floor":30},{"not_picked":["Compile Driver","Go for the Eyes"],"picked":"Doom and Gloom+1","floor":31},{"not_picked":["Rainbow","Echo Form"],"picked":"Core Surge","floor":33},{"not_picked":["Conserve Battery","Sweeping Beam","Turbo"],"picked":"SKIP","floor":35},{"not_picked":["Hologram","Redo"],"picked":"Ball Lightning+1","floor":38},{"not_picked":["Steam","Compile Driver+1"],"picked":"Conserve Battery","floor":39},{"not_picked":["Heatsinks+1","Rebound+1","Steam"],"picked":"SKIP","floor":40},{"not_picked":["Chaos+1","Barrage","Steam+1"],"picked":"SKIP","floor":41},{"not_picked":["Streamline","Rip and Tear+1","Cold Snap"],"picked":"SKIP","floor":44},{"not_picked":["FTL+1","Rip and Tear","Double Energy+1"],"picked":"SKIP","floor":45},{"not_picked":["Cold Snap","Streamline+1"],"picked":"Thunder Strike","floor":48},{"not_picked":["Leap","Turbo+1"],"picked":"Capacitor+1","floor":54}],"player_experience":725928,"relics_obtained":[{"floor":8,"key":"Anchor"},{"floor":9,"key":"Whetstone"},{"floor":10,"key":"Unceasing Top"},{"floor":23,"key":"Happy Flower"},{"floor":25,"key":"Centennial Puzzle"},{"floor":26,"key":"Pen Nib"},{"floor":30,"key":"Potion Belt"},{"floor":36,"key":"Bird Faced Urn"},{"floor":40,"key":"Ancient Tea Set"},{"floor":45,"key":"Regal Pillow"},{"floor":54,"key":"Bag of Marbles"}],"event_choices":[{"damage_healed":0,"gold_gain":0,"player_choice":"Success","damage_taken":12,"relics_obtained":["Meat on the Bone"],"max_hp_gain":0,"max_hp_loss":0,"event_name":"Scrap Ooze","floor":2,"gold_loss":0},{"damage_healed":0,"gold_gain":0,"player_choice":"Ignored","damage_taken":0,"max_hp_gain":0,"max_hp_loss":0,"event_name":"Liars Game","floor":5,"gold_loss":0},{"damage_healed":0,"gold_gain":0,"player_choice":"Searched \u00271\u0027 times","damage_taken":0,"max_hp_gain":0,"max_hp_loss":0,"event_name":"Dead Adventurer","floor":7,"gold_loss":0},{"damage_healed":0,"gold_gain":0,"player_choice":"Ignored","damage_taken":0,"max_hp_gain":0,"max_hp_loss":0,"event_name":"N\u0027loth","floor":19,"gold_loss":0},{"damage_healed":0,"gold_gain":0,"cards_transformed":["Strike_B","Strike_B"],"player_choice":"Became Test Subject","damage_taken":0,"max_hp_gain":0,"max_hp_loss":0,"event_name":"Drug Dealer","floor":22,"gold_loss":0,"cards_obtained":["Skim","Recycle"]},{"damage_healed":0,"gold_gain":0,"player_choice":"Fight","damage_taken":0,"max_hp_gain":0,"max_hp_loss":0,"event_name":"Mysterious Sphere","floor":36,"gold_loss":0},{"damage_healed":0,"gold_gain":0,"player_choice":"Max HP","damage_taken":0,"max_hp_gain":0,"max_hp_loss":4,"event_name":"Winding Halls","floor":42,"gold_loss":0},{"cards_removed":["Defend_B"],"damage_healed":0,"gold_gain":0,"player_choice":"Removed Skill","damage_taken":0,"max_hp_gain":0,"max_hp_loss":0,"event_name":"Falling","floor":46,"gold_loss":0}],"is_beta":false,"boss_relics":[{"not_picked":["Nuclear Battery","FrozenCore"],"picked":"Cursed Key"},{"not_picked":["Empty Cage","Tiny House"],"picked":"Fusion Hammer"}],"items_purged_floors":[20,29,53],"is_endless":false,"potions_floor_spawned":[8,10,11,18,21,31,36,39,40,54],"killed_by":"The Heart","ascension_level":1}