{"gold_per_floor":[109,120,120,130,55,55,86,86,86,102,122,136,156,185,185,281,281,300,314,329,329,348,348,363,363,363,19,37,37,56,155,155,260,260,276,276,119,129,129,129,145,145,145,160,160,179,179,208,208,208],"floor_reached":50,"playtime":1964,"items_purged":["Strike_R","Strike_R"],"score":512,"play_id":"8512671c-08ea-4f5b-9b10-a00054f40027","local_time":"20190624134822","is_ascension_mode":true,"campfire_choices":[{"data":"Bash","floor":6.0,"key":"SMITH"},{"data":"Immolate","floor":8.0,"key":"SMITH"},{"data":"Inflame","floor":15.0,"key":"SMITH"},{"data":"Dark Embrace","floor":23.0,"key":"SMITH"},{"data":"True Grit","floor":25.0,"key":"SMITH"},{"data":"Disarm","floor":29.0,"key":"SMITH"},{"data":"Double Tap","floor":32.0,"key":"SMITH"},{"floor":40.0,"key":"RECALL"},{"floor":42.0,"key":"REST"},{"floor":49,"key":"REST"}],"neow_cost":"NONE","seed_source_timestamp":0,"circlet_count":0,"master_deck":["Defend_R","Defend_R","Defend_R","Bash+1","Inflame+1","Armaments","Perfected Strike","Immolate+1","Shrug It Off","Twin Strike","True Grit","Battle Trance","Inflame+1","Double Tap+1","Rampage+1","Iron Wave+1","Thunderclap+1","Shrug It Off","Dark Embrace+1","True Grit+1","Armaments+1","Battle Trance","Disarm+1","Reaper","Offering","Wild Strike+1","Cleave+1","Havoc+1","Bludgeon"],"special_seed":0,"relics":["Burning Blood","Omamori","Du-Vu Doll","StoneCalendar","Bag of Marbles","Astrolabe","Meat on the Bone","Vajra","Medical Kit","Fusion Hammer","Bronze Scales","Letter Opener"],"potions_floor_usage":[],"damage_taken":[{"damage":0.0,"enemies":"Small Slimes","floor":1.0,"turns":3.0},{"damage":1.0,"enemies":"Cultist","floor":2.0,"turns":3.0},{"damage":0.0,"enemies":"2 Louse","floor":4.0,"turns":3.0},{"damage":38.0,"enemies":"3 Sentries","floor":7.0,"turns":16.0},{"damage":11.0,"enemies":"Large Slime","floor":10.0,"turns":4.0},{"damage":0.0,"enemies":"Blue Slaver","floor":11.0,"turns":5.0},{"damage":14.0,"enemies":"Exordium Wildlife","floor":12.0,"turns":3.0},{"damage":6.0,"enemies":"Red Slaver","floor":13.0,"turns":3.0},{"damage":23.0,"enemies":"Lagavulin","floor":14.0,"turns":4.0},{"damage":24.0,"enemies":"Slime Boss","floor":16.0,"turns":7.0},{"damage":5.0,"enemies":"3 Byrds","floor":18.0,"turns":2.0},{"damage":6.0,"enemies":"Shell Parasite","floor":19.0,"turns":7.0},{"damage":0.0,"enemies":"3 Cultists","floor":20.0,"turns":2.0},{"damage":0.0,"enemies":"Cultist and Chosen","floor":22.0,"turns":4.0},{"damage":11.0,"enemies":"Shelled Parasite and Fungi","floor":24.0,"turns":7.0},{"damage":3.0,"enemies":"Snake Plant","floor":28.0,"turns":6.0},{"damage":8.0,"enemies":"Snecko","floor":30.0,"turns":5.0},{"damage":75.0,"enemies":"Collector","floor":33.0,"turns":8.0},{"damage":24.0,"enemies":"3 Shapes","floor":35.0,"turns":5.0},{"damage":18.0,"enemies":"3 Darklings","floor":38.0,"turns":3.0},{"damage":6.0,"enemies":"Transient","floor":41.0,"turns":5.0},{"damage":14.0,"enemies":"Jaw Worm Horde","floor":44.0,"turns":3.0},{"damage":20,"enemies":"Sphere and 2 Shapes","floor":46,"turns":4},{"damage":23,"enemies":"Nemesis","floor":48,"turns":5},{"damage":87,"enemies":"Time Eater","floor":50,"turns":6}],"seed_played":"-6957254873875729854","potions_obtained":[{"floor":1.0,"key":"Ancient Potion"},{"floor":7.0,"key":"SteroidPotion"},{"floor":11.0,"key":"LiquidBronze"},{"floor":13.0,"key":"BloodPotion"},{"floor":19.0,"key":"Poison Potion"},{"floor":33.0,"key":"SkillPotion"}],"is_trial":false,"path_per_floor":["?","M","?","?","?","?","M","M","?"],"character_chosen":"IRONCLAD","items_purchased":["Medical Kit","Disarm","Bronze Scales"],"campfire_rested":2,"item_purchase_floors":[27,27,37],"current_hp_per_floor":[80,80,80,80,80,80,48,48,48,43,49,41,41,32,32,14,80,80,80,80,80,80,80,75,75,75,75,78,78,80,80,80,31,80,62,62,62,70,70,70,76,76,76,76,76,62,62,62,76,0],"gold":208,"neow_bonus":"RANDOM_COMMON_RELIC","is_prod":false,"is_daily":false,"chose_seed":false,"campfire_upgraded":7,"win_rate":0,"timestamp":1561376902,"path_taken":["M","M","?","?","$","R","E","R","T","M","M","M","M","E","R","BOSS","M","M","M","?","M","R","M","R","T","$","M","R","M","?","R","BOSS","M","?","$","M","?","R","?","R","T","?","$","M","?","E","R","BOSS"],"build_version":"2019-01-23","purchased_purges":2,"victory":false,"max_hp_per_floor":[80,80,80,80,80,80,80,80,80,80,80,80,80,80,80,80,80,80,80,80,80,80,80,80,80,80,80,80,80,80,80,80,80,80,80,76,76,76,76,76,76,76,76,76,76,76,76,76,76,76],"card_choices":[{"not_picked":["Twin Strike","Armaments"],"picked":"Inflame","floor":1.0},{"not_picked":["Headbutt","Seeing Red"],"picked":"Armaments","floor":2.0},{"not_picked":["Second Wind","Clash"],"picked":"Perfected Strike","floor":4.0},{"not_picked":["Blood for Blood","Metallicize"],"picked":"Immolate","floor":7.0},{"not_picked":["Iron Wave","Thunderclap"],"picked":"Shrug It Off","floor":10.0},{"not_picked":["Infernal Blade","Blood for Blood"],"picked":"Twin Strike","floor":11.0},{"not_picked":["Clothesline","Anger"],"picked":"True Grit","floor":12.0},{"not_picked":["Warcry","Shrug It Off"],"picked":"Battle Trance","floor":13.0},{"not_picked":["Second Wind","Sword Boomerang"],"picked":"Inflame","floor":14.0},{"not_picked":["Brutality","Juggernaut"],"picked":"Double Tap","floor":16.0},{"not_picked":["True Grit","Headbutt+1"],"picked":"Shrug It Off","floor":18.0},{"not_picked":["Headbutt","Shrug It Off"],"picked":"Dark Embrace","floor":19.0},{"not_picked":["Clash","Thunderclap"],"picked":"True Grit","floor":20.0},{"not_picked":["Carnage","Dual Wield"],"picked":"Armaments+1","floor":22.0},{"not_picked":["Rampage","Cleave"],"picked":"Battle Trance","floor":24.0},{"not_picked":["Dropkick","True Grit+1"],"picked":"Reaper","floor":28.0},{"not_picked":["Burning Pact+1","Dropkick","Dual Wield"],"picked":"SKIP","floor":30.0},{"not_picked":["Reaper","Fiend Fire"],"picked":"Offering","floor":33.0},{"not_picked":["Infernal Blade","Sword Boomerang"],"picked":"Wild Strike+1","floor":35.0},{"not_picked":["Feel No Pain","Sentinel"],"picked":"Cleave+1","floor":38.0},{"not_picked":["Body Slam+1","Pommel Strike+1"],"picked":"Havoc+1","floor":41.0},{"not_picked":["Flex","Hemokinesis","Clothesline"],"picked":"SKIP","floor":44.0},{"not_picked":["Cleave","Clash+1","Headbutt"],"picked":"SKIP","floor":46},{"not_picked":["Anger","Blood for Blood"],"picked":"Bludgeon","floor":48}],"player_experience":873593,"relics_obtained":[{"floor":7.0,"key":"Du-Vu Doll"},{"floor":9.0,"key":"StoneCalendar"},{"floor":14.0,"key":"Bag of Marbles"},{"floor":26.0,"key":"Vajra"},{"floor":48,"key":"Letter Opener"}],"event_choices":[{"damage_healed":0.0,"max_hp_gain":0.0,"max_hp_loss":0.0,"gold_gain":0.0,"event_name":"Upgrade Shrine","player_choice":"Upgraded","floor":3.0,"gold_loss":0.0,"damage_taken":0.0,"cards_upgraded":["Inflame"]},{"damage_healed":0.0,"max_hp_gain":0.0,"max_hp_loss":0.0,"gold_gain":0.0,"event_name":"The Mausoleum","player_choice":"Opened","floor":21.0,"gold_loss":0.0,"damage_taken":0.0,"relics_obtained":["Meat on the Bone"],"cards_obtained":["Writhe"]},{"damage_healed":0.0,"max_hp_gain":0.0,"max_hp_loss":0.0,"gold_gain":99.0,"event_name":"Nest","player_choice":"Stole From Cult","floor":31.0,"gold_loss":0.0,"damage_taken":0.0},{"damage_healed":0.0,"max_hp_gain":0.0,"max_hp_loss":4.0,"gold_gain":0.0,"event_name":"Winding Halls","player_choice":"Max HP","floor":36.0,"gold_loss":0.0,"damage_taken":0.0},{"damage_healed":0.0,"max_hp_gain":0.0,"max_hp_loss":0.0,"gold_gain":0.0,"event_name":"NoteForYourself","player_choice":"Ignored","floor":39.0,"gold_loss":0.0,"damage_taken":0.0},{"cards_removed":["Defend_R"],"damage_healed":0,"gold_gain":0,"player_choice":"Removed Skill","damage_taken":0,"max_hp_gain":0,"max_hp_loss":0,"event_name":"Falling","floor":47,"gold_loss":0}],"is_beta":false,"boss_relics":[{"not_picked":["White Beast Statue","Orrery"],"picked":"Astrolabe"},{"not_picked":["Snecko Eye","Velvet Choker"],"picked":"Fusion Hammer"}],"items_purged_floors":[5,27],"is_endless":false,"potions_floor_spawned":[1,7,11,12,13,19,20,33,38,44,48],"killed_by":"Time Eater","ascension_level":1}