{"gold_per_floor":[118,129,129,142,142,142,175,188,188,188,188,153,153,178,178,277,277,287,78,18,18,18,18,50,70,94,128,128,160,174,193,193,297,297,316,365,640,514,531,531,542,542,542,575,589,589,620,635,635,635,635,635,80,114,114],"floor_reached":56,"playtime":3215,"items_purged":["Strike_B+1"],"score":1397,"play_id":"9912e51e-d4e6-44e6-89eb-6aba7007bd6a","local_time":"20190529150710","is_ascension_mode":true,"campfire_choices":[{"data":"Zap","floor":6.0,"key":"SMITH"},{"data":"Genetic Algorithm","floor":10.0,"key":"SMITH"},{"data":"Cold Snap","floor":15.0,"key":"SMITH"},{"data":"Conserve Battery","floor":23.0,"key":"SMITH"},{"data":"Coolheaded","floor":28.0,"key":"SMITH"},{"data":"Dualcast","floor":32.0,"key":"SMITH"},{"floor":40.0,"key":"RECALL"},{"data":"Dark Shackles","floor":42.0,"key":"SMITH"},{"data":"Coolheaded","floor":46.0,"key":"SMITH"},{"data":"Undo","floor":49.0,"key":"SMITH"},{"data":"Defend_B","floor":52.0,"key":"SMITH"}],"neow_cost":"NONE","seed_source_timestamp":0,"circlet_count":0,"master_deck":["Defend_B+1","Defend_B+1","Defend_B","Defend_B","Zap+1","Dualcast+1","Genetic Algorithm+1","Undo+1","Coolheaded+1","Cold Snap+1","Electrodynamics","Conserve Battery+1","Coolheaded+1","Defragment+1","Ball Lightning+1","Hologram+1","Echo Form","Self Repair+1","White Noise+1","Machine Learning","Dark Shackles+1","Go for the Eyes+1","Static Discharge+1","Turbo+1","White Noise+1","Defragment","Capacitor","Skim","Capacitor","Glacier+1"],"special_seed":0,"relics":["Empty Cage","The Courier","Mango","Darkstone Periapt","Nunchaku","Nuclear Battery","OrangePellets","Kunai","Omamori","Mercury Hourglass","Thread and Needle","Sozu","StoneCalendar","Meat on the Bone","Strawberry","Bird Faced Urn","Orichalcum","Vajra"],"potions_floor_usage":[55],"damage_taken":[{"damage":0.0,"enemies":"Small Slimes","floor":1.0,"turns":4.0},{"damage":2.0,"enemies":"2 Louse","floor":2.0,"turns":2.0},{"damage":4.0,"enemies":"Cultist","floor":4.0,"turns":4.0},{"damage":13.0,"enemies":"3 Sentries","floor":7.0,"turns":8.0},{"damage":0.0,"enemies":"Large Slime","floor":8.0,"turns":7.0},{"damage":7.0,"enemies":"Lagavulin","floor":14.0,"turns":8.0},{"damage":9.0,"enemies":"The Guardian","floor":16.0,"turns":15.0},{"damage":0.0,"enemies":"3 Byrds","floor":18.0,"turns":4.0},{"damage":3.0,"enemies":"2 Thieves","floor":20.0,"turns":4.0},{"damage":2.0,"enemies":"Book of Stabbing","floor":24.0,"turns":8.0},{"damage":0.0,"enemies":"Cultist and Chosen","floor":25.0,"turns":7.0},{"damage":10.0,"enemies":"Slavers","floor":27.0,"turns":3.0},{"damage":5.0,"enemies":"Book of Stabbing","floor":29.0,"turns":5.0},{"damage":6.0,"enemies":"Sentry and Sphere","floor":30.0,"turns":4.0},{"damage":7.0,"enemies":"Snake Plant","floor":31.0,"turns":6.0},{"damage":0.0,"enemies":"Champ","floor":33.0,"turns":12.0},{"damage":13.0,"enemies":"3 Shapes","floor":35.0,"turns":3.0},{"damage":47.0,"enemies":"2 Orb Walkers","floor":36.0,"turns":6.0},{"damage":4.0,"enemies":"3 Darklings","floor":39.0,"turns":4.0},{"damage":0.0,"enemies":"Sphere and 2 Shapes","floor":41.0,"turns":5.0},{"damage":2.0,"enemies":"Nemesis","floor":44.0,"turns":9.0},{"damage":0.0,"enemies":"Jaw Worm Horde","floor":45.0,"turns":4.0},{"damage":0.0,"enemies":"Giant Head","floor":47.0,"turns":11.0},{"damage":0.0,"enemies":"Spire Growth","floor":48.0,"turns":6.0},{"damage":12.0,"enemies":"Donu and Deca","floor":50.0,"turns":9.0},{"damage":25.0,"enemies":"Shield and Spear","floor":54.0,"turns":7.0},{"damage":68,"enemies":"The Heart","floor":55,"turns":15}],"seed_played":"-1936887773599548577","potions_obtained":[{"floor":4.0,"key":"AttackPotion"},{"floor":7.0,"key":"Block Potion"},{"floor":16.0,"key":"SpeedPotion"},{"floor":24.0,"key":"Poison Potion"},{"floor":29.0,"key":"Explosive Potion"},{"floor":33.0,"key":"Ancient Potion"}],"is_trial":false,"path_per_floor":["?","?","?","T","M","?","?","M","?","?"],"character_chosen":"DEFECT","items_purchased":["OrangePellets","Coolheaded","Dark Shackles","Defragment","Capacitor","Skim","Capacitor","Bird Faced Urn","Orichalcum"],"campfire_rested":0,"item_purchase_floors":[19,19,38,53,53,53,53,53,53],"current_hp_per_floor":[75,73,73,69,62,62,49,49,63,63,45,67,67,60,60,51,89,89,89,86,86,86,86,84,84,84,74,74,69,63,76,76,86,89,86,59,59,59,75,75,89,89,89,89,89,89,96,96,96,94,96,96,96,95,58],"gold":114,"neow_bonus":"BOSS_RELIC","is_prod":false,"is_daily":false,"chose_seed":false,"campfire_upgraded":10,"win_rate":0,"timestamp":1559135230,"path_taken":["M","M","$","M","?","R","E","M","T","R","?","?","?","E","R","BOSS","M","$","?","?","?","R","E","M","T","E","R","E","M","?","R","BOSS","M","?","?","$","M","R","M","R","T","E","M","R","E","M","R","BOSS","R","$","E","BOSS"],"build_version":"2019-01-23","purchased_purges":1,"victory":true,"max_hp_per_floor":[75,75,75,75,75,75,75,75,89,89,89,89,89,89,89,89,89,89,89,89,89,89,89,89,89,89,89,89,89,89,89,89,89,89,89,89,89,89,89,89,89,89,89,89,89,89,96,96,96,96,96,96,96,96,96],"card_choices":[{"not_picked":["Barrage","Rebound","Turbo"],"picked":"SKIP","floor":1.0},{"not_picked":["Beam Cell","White Noise"],"picked":"Genetic Algorithm","floor":2.0},{"not_picked":["Go for the Eyes","Ball Lightning"],"picked":"Undo","floor":4.0},{"not_picked":["Leap","Storm"],"picked":"Coolheaded","floor":7.0},{"not_picked":["White Noise","Turbo"],"picked":"Cold Snap","floor":8.0},{"not_picked":["Aggregate","Heatsinks","Steam Power"],"picked":"SKIP","floor":14.0},{"not_picked":["Seek","Reboot"],"picked":"Electrodynamics","floor":16.0},{"not_picked":["Stack","Chill"],"picked":"Conserve Battery","floor":18.0},{"not_picked":["Go for the Eyes+1","Creative AI"],"picked":"Defragment+1","floor":20.0},{"not_picked":["Sweeping Beam","Capacitor"],"picked":"Ball Lightning+1","floor":24.0},{"not_picked":["Rebound","Beam Cell"],"picked":"Hologram+1","floor":25.0},{"not_picked":["Barrage","Rebound+1"],"picked":"Echo Form","floor":27.0},{"not_picked":["Stack","Darkness"],"picked":"Self Repair+1","floor":29.0},{"not_picked":["Steam","Heatsinks+1","Barrage"],"picked":"SKIP","floor":30.0},{"not_picked":["Fission","Force Field+1"],"picked":"White Noise+1","floor":31.0},{"not_picked":["All For One","Fission"],"picked":"Machine Learning","floor":33.0},{"not_picked":["BootSequence+1","Chill","Streamline+1"],"picked":"SKIP","floor":35.0},{"not_picked":["Sweeping Beam+1","Rebound+1","Leap+1"],"picked":"SKIP","floor":39.0},{"not_picked":["Conserve Battery+1","Genetic Algorithm+1"],"picked":"Go for the Eyes+1","floor":41.0},{"not_picked":["Fission","Barrage","Lockon+1"],"picked":"SKIP","floor":44.0},{"not_picked":["Fusion","Aggregate+1"],"picked":"Static Discharge+1","floor":45.0},{"not_picked":["Sunder+1","Hologram"],"picked":"Turbo+1","floor":47.0},{"not_picked":["Barrage+1","Streamline"],"picked":"White Noise+1","floor":48.0},{"not_picked":["Beam Cell+1","Rainbow"],"picked":"Glacier+1","floor":54.0}],"player_experience":731572,"relics_obtained":[{"floor":7.0,"key":"The Courier"},{"floor":9.0,"key":"Mango"},{"floor":13.0,"key":"Darkstone Periapt"},{"floor":14.0,"key":"Nunchaku"},{"floor":24.0,"key":"Kunai"},{"floor":26.0,"key":"Omamori"},{"floor":27.0,"key":"Mercury Hourglass"},{"floor":29.0,"key":"Thread and Needle"},{"floor":36.0,"key":"StoneCalendar"},{"floor":44.0,"key":"Meat on the Bone"},{"floor":47.0,"key":"Strawberry"},{"floor":54.0,"key":"Vajra"}],"event_choices":[{"cards_removed":["Strike_B"],"damage_healed":0.0,"max_hp_gain":0.0,"max_hp_loss":0.0,"gold_gain":0.0,"event_name":"Golden Wing","player_choice":"Card Removal","floor":5.0,"gold_loss":0.0,"damage_taken":7.0},{"damage_healed":0.0,"max_hp_gain":0.0,"max_hp_loss":0.0,"gold_gain":0.0,"event_name":"Shining Light","player_choice":"Entered Light","floor":11.0,"gold_loss":0.0,"damage_taken":18.0,"cards_upgraded":["Defend_B","Strike_B"]},{"damage_healed":22.0,"max_hp_gain":0.0,"max_hp_loss":0.0,"gold_gain":0.0,"event_name":"The Cleric","player_choice":"Healed","floor":12.0,"gold_loss":35.0,"damage_taken":0.0},{"damage_healed":0.0,"max_hp_gain":0.0,"max_hp_loss":0.0,"gold_gain":0.0,"event_name":"Vampires","player_choice":"Ignored","floor":21.0,"gold_loss":0.0,"damage_taken":0.0},{"damage_healed":0.0,"max_hp_gain":0.0,"max_hp_loss":0.0,"gold_gain":0.0,"event_name":"NoteForYourself","player_choice":"Ignored","floor":22.0,"gold_loss":0.0,"damage_taken":0.0},{"damage_healed":0.0,"max_hp_gain":0.0,"max_hp_loss":0.0,"gold_gain":0.0,"event_name":"Mysterious Sphere","player_choice":"Fight","floor":36.0,"gold_loss":0.0,"damage_taken":0.0},{"damage_healed":0.0,"max_hp_gain":0.0,"max_hp_loss":0.0,"gold_gain":275.0,"event_name":"Golden Shrine","player_choice":"Desecrate","floor":37.0,"gold_loss":0.0,"damage_taken":0.0,"cards_obtained":["Regret"]}],"is_beta":false,"boss_relics":[{"not_picked":["Orrery","Lizard Tail"],"picked":"Nuclear Battery"},{"not_picked":["Coffee Dripper","Runic Pyramid"],"picked":"Sozu"}],"items_purged_floors":[38],"is_endless":false,"potions_floor_spawned":[4,7,16,24,25,29,33,41,44,47,48],"ascension_level":1}