{"gold_per_floor":[116,132,132,132,132,166,166,194,221,221,221,241,241,316,316,414,414,434,444,444,444],"floor_reached":21,"playtime":914,"items_purged":[],"score":185,"play_id":"a8494d77-b9a1-4e30-8bda-8a6b624d7608","local_time":"20190302021018","is_ascension_mode":false,"campfire_choices":[{"floor":7,"key":"REST"},{"floor":10,"key":"REST"},{"floor":15,"key":"REST"}],"neow_cost":"PERCENT_DAMAGE","seed_source_timestamp":3496290411865,"circlet_count":0,"master_deck":["Strike_B","Strike_B","Strike_B","Defend_B","Defend_B","Defend_B","Zap+1","Dualcast","Gash+1","Reinforced Body","Gash","Redo"],"relics":["Cracked Core","Juzu Bracelet","Lantern","PreservedInsect","Pen Nib","Inserter","MutagenicStrength"],"potions_floor_usage":[8,16,16,21,21],"damage_taken":[{"damage":7,"enemies":"Small Slimes","floor":1,"turns":3},{"damage":1,"enemies":"Jaw Worm","floor":2,"turns":3},{"damage":32,"enemies":"Gremlin Nob","floor":6,"turns":4},{"damage":10,"enemies":"Lagavulin","floor":8,"turns":6},{"damage":0,"enemies":"2 Louse","floor":12,"turns":2},{"damage":24,"enemies":"The Guardian","floor":16,"turns":10},{"damage":25,"enemies":"3 Byrds","floor":18,"turns":6},{"damage":35,"enemies":"Shell Parasite","floor":19,"turns":7},{"damage":21,"enemies":"Centurion and Healer","floor":21,"turns":4}],"seed_played":"-8020692807712734146","potions_obtained":[{"floor":2,"key":"Explosive Potion"},{"floor":6,"key":"Block Potion"},{"floor":11,"key":"LiquidBronze"},{"floor":11,"key":"Ancient Potion"},{"floor":19,"key":"Poison Potion"}],"is_trial":false,"path_per_floor":["?","?","?","?","$","?","?"],"character_chosen":"DEFECT","items_purchased":[],"campfire_rested":3,"item_purchase_floors":[],"current_hp_per_floor":[47,46,46,39,39,7,29,19,19,41,41,41,41,30,52,28,75,50,15,15,0],"gold":444,"neow_bonus":"REMOVE_TWO","is_prod":false,"is_daily":false,"chose_seed":false,"campfire_upgraded":0,"win_rate":0.0,"timestamp":1551489018,"path_taken":["M","M","?","?","?","E","R","E","T","R","?","M","?","?","R","BOSS","M","M","?","M"],"build_version":"2019-01-23","purchased_purges":0,"victory":false,"max_hp_per_floor":[75,75,75,75,75,75,75,75,75,75,75,75,75,75,75,75,75,75,75,75,75],"card_choices":[{"not_picked":["Rip and Tear","Streamline"],"picked":"Gash","floor":1},{"not_picked":["Defragment","Hello World","Go for the Eyes"],"picked":"SKIP","floor":2},{"not_picked":["Steam","Undo"],"picked":"Reinforced Body","floor":6},{"not_picked":["Recycle","Loop"],"picked":"Gash","floor":8},{"not_picked":["Steam Power","Turbo","Chaos"],"picked":"SKIP","floor":12},{"not_picked":["Hologram+1","Conserve Battery"],"picked":"Redo","floor":18},{"not_picked":["Loop","Defragment","Darkness"],"picked":"SKIP","floor":19}],"player_experience":118047,"relics_obtained":[{"floor":6,"key":"Lantern"},{"floor":8,"key":"PreservedInsect"},{"floor":9,"key":"Pen Nib"}],"event_choices":[{"damage_healed":0,"gold_gain":0,"player_choice":"Grow","damage_taken":0,"max_hp_gain":0,"max_hp_loss":0,"event_name":"Living Wall","floor":3,"gold_loss":0,"cards_upgraded":["Zap"]},{"damage_healed":0,"gold_gain":0,"player_choice":"Success","damage_taken":7,"relics_obtained":["Juzu Bracelet"],"max_hp_gain":0,"max_hp_loss":0,"event_name":"Scrap Ooze","floor":4,"gold_loss":0},{"damage_healed":0,"gold_gain":0,"player_choice":"Upgraded","damage_taken":0,"max_hp_gain":0,"max_hp_loss":0,"event_name":"Upgrade Shrine","floor":5,"gold_loss":0,"cards_upgraded":["Gash"]},{"damage_healed":0,"gold_gain":0,"player_choice":"Got Potions","damage_taken":0,"max_hp_gain":0,"max_hp_loss":0,"event_name":"Lab","floor":11,"gold_loss":0},{"damage_healed":0,"gold_gain":75,"player_choice":"Gather Gold","damage_taken":11,"max_hp_gain":0,"max_hp_loss":0,"event_name":"World of Goop","floor":14,"gold_loss":0},{"damage_healed":0,"gold_gain":0,"player_choice":"Inject Mutagens","damage_taken":0,"relics_obtained":["MutagenicStrength"],"max_hp_gain":0,"max_hp_loss":0,"event_name":"Drug Dealer","floor":20,"gold_loss":0}],"is_beta":false,"boss_relics":[{"not_picked":["Busted Crown","Eternal Feather"],"picked":"Inserter"}],"items_purged_floors":[],"is_endless":false,"potions_floor_spawned":[2,6,12,19],"killed_by":"Centurion and Healer","ascension_level":0}