{"gold_per_floor":[15,27,27,27,40,72,72,105,105,105,136,136,146,165,165,268,268,280,60,76,76,90,90,90],"floor_reached":24,"playtime":1299,"items_purged":["Strike_B"],"score":452,"play_id":"16a907c6-34b8-41d8-8f4e-063cb224d1cd","local_time":"20190423085017","is_ascension_mode":true,"campfire_choices":[{"data":"Zap","floor":7,"key":"SMITH"},{"floor":10,"key":"REST"},{"data":"Go for the Eyes","floor":12,"key":"SMITH"},{"data":"Capacitor","floor":15,"key":"SMITH"},{"data":"Reinforced Body","floor":23,"key":"SMITH"}],"neow_cost":"NO_GOLD","seed_source_timestamp":0,"circlet_count":0,"master_deck":["Strike_B","Strike_B","Strike_B","Defend_B","Defend_B","Defend_B","Defend_B","Zap+1","Dualcast","Cold Snap","Capacitor+1","Go for the Eyes+1","Doom and Gloom","Steam","Seek","Sweeping Beam","Self Repair","Electrodynamics","Melter+1","Undo","Leap","Reinforced Body+1"],"special_seed":0,"relics":["Cracked Core","Pear","Orichalcum","Mercury Hourglass","Pantograph","Philosopher\u0027s Stone"],"potions_floor_usage":[6,11,16,18,24],"damage_taken":[{"damage":6,"enemies":"Cultist","floor":1,"turns":3},{"damage":2,"enemies":"2 Louse","floor":2,"turns":2},{"damage":7,"enemies":"Small Slimes","floor":5,"turns":4},{"damage":19,"enemies":"Gremlin Nob","floor":6,"turns":4},{"damage":24,"enemies":"3 Sentries","floor":8,"turns":6},{"damage":16,"enemies":"Gremlin Nob","floor":11,"turns":3},{"damage":0,"enemies":"Looter","floor":13,"turns":2},{"damage":6,"enemies":"Red Slaver","floor":14,"turns":2},{"damage":8,"enemies":"Slime Boss","floor":16,"turns":8},{"damage":32,"enemies":"2 Thieves","floor":18,"turns":4},{"damage":0,"enemies":"Spheric Guardian","floor":20,"turns":1},{"damage":36,"enemies":"Shelled Parasite and Fungi","floor":22,"turns":6},{"damage":54,"enemies":"Book of Stabbing","floor":24,"turns":5}],"seed_played":"-2559458120358617541","potions_obtained":[{"floor":1,"key":"Weak Potion"},{"floor":2,"key":"Swift Potion"},{"floor":6,"key":"Energy Potion"},{"floor":11,"key":"AttackPotion"},{"floor":13,"key":"Swift Potion"},{"floor":18,"key":"AttackPotion"},{"floor":21,"key":"SteroidPotion"}],"is_trial":false,"path_per_floor":["$","M","?","M"],"character_chosen":"DEFECT","items_purchased":["Undo","Regen Potion"],"campfire_rested":1,"item_purchase_floors":[19,19],"current_hp_per_floor":[76,74,74,74,67,58,58,34,34,63,47,47,47,41,41,65,91,66,66,73,73,44,44,0],"gold":90,"neow_bonus":"TWENTY_PERCENT_HP_BONUS","is_prod":false,"is_daily":false,"chose_seed":false,"campfire_upgraded":4,"win_rate":0,"timestamp":1556002217,"path_taken":["M","M","?","$","?","E","R","E","T","R","E","R","M","M","R","BOSS","M","$","M","?","?","R","E"],"build_version":"2019-01-23","purchased_purges":1,"victory":false,"max_hp_per_floor":[89,89,89,89,89,99,99,99,99,99,99,99,99,99,99,99,99,99,99,99,99,99,99,99],"card_choices":[{"not_picked":["Static Discharge","Scrape"],"picked":"Cold Snap","floor":1},{"not_picked":["Loop","Steam"],"picked":"Capacitor","floor":2},{"not_picked":["Hologram","Redo"],"picked":"Go for the Eyes","floor":5},{"not_picked":["Rebound","Beam Cell"],"picked":"Doom and Gloom","floor":6},{"not_picked":["Storm","Stack"],"picked":"Steam","floor":8},{"not_picked":["Chaos","Hologram"],"picked":"Seek","floor":11},{"not_picked":["FTL","Beam Cell"],"picked":"Sweeping Beam","floor":13},{"not_picked":["Hologram","Gash"],"picked":"Self Repair","floor":14},{"not_picked":["Core Surge","Echo Form"],"picked":"Electrodynamics","floor":16},{"not_picked":["Beam Cell","Rebound"],"picked":"Melter+1","floor":18},{"not_picked":["Conserve Battery","Sweeping Beam"],"picked":"Leap","floor":20},{"not_picked":["Hologram","Conserve Battery"],"picked":"Reinforced Body","floor":22}],"player_experience":498936,"relics_obtained":[{"floor":6,"key":"Pear"},{"floor":8,"key":"Orichalcum"},{"floor":9,"key":"Mercury Hourglass"},{"floor":11,"key":"Pantograph"}],"event_choices":[{"damage_healed":0,"gold_gain":0,"player_choice":"Got Potions","damage_taken":0,"max_hp_gain":0,"max_hp_loss":0,"event_name":"Lab","floor":21,"gold_loss":0}],"is_beta":false,"boss_relics":[{"not_picked":["Orrery","Runic Dome"],"picked":"Philosopher\u0027s Stone"}],"items_purged_floors":[19],"is_endless":false,"potions_floor_spawned":[1,2,6,11,13,18,22],"killed_by":"Book of Stabbing","ascension_level":7}