{"gold_per_floor":[218,231,243,243,255,255,270,287,365,440,450,450,466,310,310,415,415,434,634,377,377,377,377,396,396,396,409,409,409,56,69,69,164,164,179,179,194,194,209,219,236,236,236,236,249,262,262,281,281,281],"floor_reached":50,"playtime":5222,"items_purged":["Strike_B","Strike_B","Defend_B+1"],"score":440,"play_id":"9eacb962-2be2-4248-b2bc-2f40548543a8","local_time":"20190224153934","is_ascension_mode":false,"campfire_choices":[{"floor":6,"key":"REST"},{"data":"Redo","floor":12,"key":"SMITH"},{"floor":15,"key":"REST"},{"data":"Zap","floor":23,"key":"SMITH"},{"data":"Gash","floor":25,"key":"SMITH"},{"floor":32,"key":"REST"},{"floor":44,"key":"REST"},{"floor":49,"key":"REST"}],"neow_cost":"NONE","seed_source_timestamp":17153031682878,"circlet_count":0,"master_deck":["Strike_B+1","Strike_B+1","Defend_B+1","Defend_B+1","Defend_B+1","Zap+1","Dualcast+1","Redo+1","Genetic Algorithm+1","Gash","BootSequence","Gash+1","Ball Lightning","Cold Snap","Electrodynamics","Multi-Cast","Auto Shields+1","RitualDagger","Self Repair","Double Energy+1","Capacitor+1"],"relics":["Cracked Core","Gremlin Horn","White Beast Statue","Bronze Scales","Bag of Marbles","Lantern","Orrery","Pantograph"],"potions_floor_usage":[16,33,33,33,37,40,41,45,45,46,46,50,50],"damage_taken":[{"damage":0,"enemies":"Small Slimes","floor":1,"turns":3},{"damage":1,"enemies":"Cultist","floor":2,"turns":3},{"damage":0,"enemies":"2 Louse","floor":3,"turns":1},{"damage":7,"enemies":"Red Slaver","floor":5,"turns":4},{"damage":6,"enemies":"Looter","floor":7,"turns":3},{"damage":7,"enemies":"Large Slime","floor":8,"turns":5},{"damage":0,"enemies":"Red Slaver","floor":11,"turns":4},{"damage":0,"enemies":"Looter","floor":13,"turns":2},{"damage":50,"enemies":"Hexaghost","floor":16,"turns":10},{"damage":11,"enemies":"Chosen","floor":18,"turns":5},{"damage":0,"enemies":"Spheric Guardian","floor":24,"turns":3},{"damage":2,"enemies":"Cultist and Chosen","floor":27,"turns":4},{"damage":0,"enemies":"Snake Plant","floor":31,"turns":3},{"damage":45,"enemies":"Champ","floor":33,"turns":11},{"damage":0,"enemies":"3 Shapes","floor":35,"turns":4},{"damage":18,"enemies":"3 Darklings","floor":37,"turns":4},{"damage":0,"enemies":"4 Shapes","floor":39,"turns":5},{"damage":14,"enemies":"Jaw Worm Horde","floor":40,"turns":5},{"damage":16,"enemies":"Transient","floor":41,"turns":5},{"damage":31,"enemies":"Maw","floor":45,"turns":8},{"damage":27,"enemies":"Jaw Worm Horde","floor":46,"turns":5},{"damage":0,"enemies":"4 Shapes","floor":48,"turns":4},{"damage":79,"enemies":"Awakened One","floor":50,"turns":12}],"seed_played":"-319347027796207848","potions_obtained":[{"floor":1,"key":"Weak Potion"},{"floor":8,"key":"Ancient Potion"},{"floor":18,"key":"Block Potion"},{"floor":24,"key":"Fire Potion"},{"floor":27,"key":"PowerPotion"},{"floor":31,"key":"FocusPotion"},{"floor":33,"key":"Weak Potion"},{"floor":35,"key":"LiquidBronze"},{"floor":36,"key":"Strength Potion"},{"floor":37,"key":"Block Potion"},{"floor":39,"key":"EssenceOfSteel"},{"floor":40,"key":"FearPotion"},{"floor":41,"key":"Regen Potion"},{"floor":45,"key":"FocusPotion"},{"floor":46,"key":"Block Potion"},{"floor":48,"key":"LiquidBronze"}],"is_trial":false,"path_per_floor":["?","?","?","$","?","?","M","?","?","?","M","?","?","$"],"character_chosen":"DEFECT","items_purchased":["Electrodynamics","Bronze Scales","Lantern","Self Repair"],"campfire_rested":5,"item_purchase_floors":[14,20,30,30],"current_hp_per_floor":[75,74,74,59,52,74,68,61,61,54,54,54,54,54,75,25,75,64,64,64,64,64,64,64,64,64,62,56,56,56,56,75,30,75,75,75,64,64,71,64,55,55,55,75,56,36,36,36,58,0],"gold":281,"neow_bonus":"HUNDRED_GOLD","is_prod":false,"is_daily":false,"chose_seed":false,"campfire_upgraded":3,"win_rate":0.0,"timestamp":1551019174,"path_taken":["M","M","M","?","M","R","M","M","T","?","M","R","M","$","R","BOSS","M","?","?","?","?","R","M","R","T","?","?","?","$","M","R","BOSS","M","?","?","?","M","M","M","?","T","R","M","M","?","M","R","BOSS"],"build_version":"2019-01-23","purchased_purges":3,"victory":false,"max_hp_per_floor":[75,75,75,75,75,75,75,75,75,75,75,75,75,75,75,75,75,75,75,75,75,75,75,75,75,75,75,75,75,75,75,75,75,75,75,75,75,75,75,75,75,75,75,75,75,75,75,75,75,75],"card_choices":[{"not_picked":["Static Discharge","Rebound"],"picked":"Redo","floor":1},{"not_picked":["Steam Power","Rip and Tear"],"picked":"Genetic Algorithm","floor":2},{"not_picked":["Compile Driver","Sweeping Beam","Recycle"],"picked":"SKIP","floor":3},{"not_picked":["Go for the Eyes","Rebound"],"picked":"Gash","floor":5},{"not_picked":["Beam Cell","Coolheaded"],"picked":"BootSequence","floor":7},{"not_picked":["Sweeping Beam","FTL"],"picked":"Gash","floor":8},{"not_picked":["Redo","All For One"],"picked":"Ball Lightning","floor":11},{"not_picked":["Compile Driver","Rebound"],"picked":"Cold Snap","floor":13},{"not_picked":["Core Surge","Meteor Strike"],"picked":"Multi-Cast","floor":16},{"not_picked":["Cold Snap","Hello World","Compile Driver"],"picked":"SKIP","floor":18},{"not_picked":["Steam","Beam Cell+1"],"picked":"Gash+1","floor":24},{"not_picked":["Leap","Tempest+1"],"picked":"Auto Shields+1","floor":27},{"not_picked":["Rainbow","Redo","Genetic Algorithm+1"],"picked":"SKIP","floor":31},{"not_picked":["Self Repair+1","Ball Lightning+1"],"picked":"Double Energy+1","floor":34},{"not_picked":["Skim+1","Ball Lightning","Leap"],"picked":"SKIP","floor":35},{"not_picked":["Compile Driver","Streamline+1","Coolheaded+1"],"picked":"SKIP","floor":37},{"not_picked":["All For One","Conserve Battery+1","Turbo"],"picked":"SKIP","floor":39},{"not_picked":["Stack+1","Beam Cell+1","Conserve Battery"],"picked":"SKIP","floor":40},{"not_picked":["Recycle+1","Self Repair","BootSequence+1"],"picked":"SKIP","floor":41},{"not_picked":["Barrage+1","Fusion+1"],"picked":"Capacitor+1","floor":45},{"not_picked":["Go for the Eyes","Skim","Fusion"],"picked":"SKIP","floor":46},{"not_picked":["Undo+1","Darkness+1","Conserve Battery+1"],"picked":"SKIP","floor":48}],"player_experience":94282,"relics_obtained":[{"floor":9,"key":"Gremlin Horn"},{"floor":26,"key":"Bag of Marbles"},{"floor":43,"key":"Pantograph"}],"event_choices":[{"damage_healed":0,"gold_gain":0,"player_choice":"Entered Light","damage_taken":15,"max_hp_gain":0,"max_hp_loss":0,"event_name":"Shining Light","floor":4,"gold_loss":0,"cards_upgraded":["Genetic Algorithm","Strike_B"]},{"damage_healed":0,"gold_gain":75,"player_choice":"Touch","damage_taken":7,"max_hp_gain":0,"max_hp_loss":0,"event_name":"FaceTrader","floor":10,"gold_loss":0},{"damage_healed":0,"gold_gain":200,"player_choice":"Gold","damage_taken":0,"max_hp_gain":0,"max_hp_loss":0,"event_name":"Wheel of Change","floor":19,"gold_loss":0},{"damage_healed":0,"gold_gain":0,"player_choice":"Simplicity","damage_taken":0,"max_hp_gain":0,"max_hp_loss":0,"event_name":"Back to Basics","floor":21,"gold_loss":0,"cards_upgraded":["Strike_B","Defend_B","Defend_B","Defend_B","Defend_B"]},{"damage_healed":0,"gold_gain":0,"player_choice":"Forge","damage_taken":0,"max_hp_gain":0,"max_hp_loss":0,"event_name":"Accursed Blacksmith","floor":22,"gold_loss":0,"cards_upgraded":["Dualcast"]},{"damage_healed":0,"gold_gain":0,"player_choice":"Joined the Cult","damage_taken":6,"max_hp_gain":0,"max_hp_loss":0,"event_name":"Nest","floor":28,"gold_loss":0,"cards_obtained":["RitualDagger"]},{"damage_healed":0,"gold_gain":0,"player_choice":"Ignored","damage_taken":0,"max_hp_gain":0,"max_hp_loss":0,"event_name":"Ghosts","floor":29,"gold_loss":0},{"damage_healed":0,"gold_gain":0,"player_choice":"Got Potions","damage_taken":0,"max_hp_gain":0,"max_hp_loss":0,"event_name":"Lab","floor":36,"gold_loss":0},{"cards_removed":["Gash"],"damage_healed":0,"gold_gain":0,"player_choice":"Removed Attack","damage_taken":0,"max_hp_gain":0,"max_hp_loss":0,"event_name":"Falling","floor":38,"gold_loss":0},{"damage_healed":0,"gold_gain":0,"player_choice":"Memory 1","damage_taken":0,"max_hp_gain":0,"max_hp_loss":0,"event_name":"SensoryStone","floor":42,"gold_loss":0}],"is_beta":false,"boss_relics":[{"not_picked":["Runic Dome","Fusion Hammer"],"picked":"White Beast Statue"},{"not_picked":["Busted Crown","Cursed Key"],"picked":"Orrery"}],"items_purged_floors":[14,20,30],"is_endless":false,"potions_floor_spawned":[1,8,18,24,27,31,33,35,37,39,40,41,45,46,48],"killed_by":"Awakened One","ascension_level":0}