{"gold_per_floor":[219,219,239,253,97,97,107,107,134,196,196,166,266,298,298,399,399,412,412,428,428,36,36,53,116,116,133,150,150,150],"floor_reached":30,"playtime":1350,"items_purged":["Strike_B","Defend_B"],"score":310,"play_id":"b731db60-7545-48fe-b613-0128e4ab9ec2","local_time":"20190403154016","is_ascension_mode":true,"campfire_choices":[{"data":"Zap","floor":6,"key":"SMITH"},{"floor":11,"key":"REST"},{"floor":15,"key":"REST"},{"floor":23,"key":"REST"}],"neow_cost":"NONE","seed_source_timestamp":4124941226762,"circlet_count":0,"master_deck":["Defend_B","Defend_B","Zap+1","Dualcast+1","Genetic Algorithm","Coolheaded","Ball Lightning+1","Doom and Gloom","Ball Lightning","Go for the Eyes","Genetic Algorithm","Core Surge","Consume+1","Gash+1","Defragment","Conserve Battery","Conserve Battery+1","Gash","Undo"],"relics":["Cracked Core","Juzu Bracelet","Vajra","Cables","Empty Cage","Runic Capacitor","Tiny Chest","Mango"],"potions_floor_usage":[10,14,25,27,27,28],"damage_taken":[{"damage":7,"enemies":"Small Slimes","floor":1,"turns":3},{"damage":4,"enemies":"2 Louse","floor":3,"turns":3},{"damage":2,"enemies":"Jaw Worm","floor":4,"turns":3},{"damage":9,"enemies":"3 Louse","floor":7,"turns":2},{"damage":3,"enemies":"3 Sentries","floor":10,"turns":5},{"damage":5,"enemies":"Lagavulin","floor":14,"turns":5},{"damage":31,"enemies":"Slime Boss","floor":16,"turns":6},{"damage":21,"enemies":"2 Thieves","floor":18,"turns":3},{"damage":6,"enemies":"Spheric Guardian","floor":20,"turns":3},{"damage":18,"enemies":"Snecko","floor":24,"turns":4},{"damage":4,"enemies":"Book of Stabbing","floor":25,"turns":6},{"damage":9,"enemies":"Centurion and Healer","floor":27,"turns":5},{"damage":5,"enemies":"Shelled Parasite and Fungi","floor":28,"turns":5},{"damage":43,"enemies":"Gremlin Leader","floor":30,"turns":4}],"seed_played":"3338812073314497653","potions_obtained":[{"floor":1,"key":"Swift Potion"},{"floor":3,"key":"Weak Potion"},{"floor":7,"key":"Energy Potion"},{"floor":20,"key":"SkillPotion"},{"floor":25,"key":"Energy Potion"},{"floor":27,"key":"FocusPotion"}],"is_trial":false,"path_per_floor":["?","?","?","?","?","?","?","?"],"character_chosen":"DEFECT","items_purchased":["Doom and Gloom","Runic Capacitor","Defragment","Conserve Battery"],"campfire_rested":3,"item_purchase_floors":[5,22,22,22],"current_hp_per_floor":[68,61,57,55,55,55,46,31,31,28,50,50,50,45,67,36,75,54,40,34,34,34,58,40,36,50,41,36,36,0],"gold":150,"neow_bonus":"HUNDRED_GOLD","is_prod":false,"is_daily":false,"chose_seed":false,"campfire_upgraded":1,"win_rate":0,"timestamp":1554298816,"path_taken":["M","?","M","M","$","R","M","?","T","?","R","?","?","E","R","BOSS","M","?","M","?","$","R","M","E","T","M","M","?","E"],"build_version":"2019-01-23","purchased_purges":2,"victory":false,"max_hp_per_floor":[75,75,75,75,75,75,75,75,75,75,75,75,75,75,75,75,75,75,80,80,80,80,80,80,80,94,94,94,94,94],"card_choices":[{"not_picked":["Coolheaded","Melter"],"picked":"Genetic Algorithm","floor":1},{"not_picked":["Go for the Eyes","Hello World"],"picked":"Coolheaded","floor":3},{"not_picked":["Turbo","Steam"],"picked":"Ball Lightning","floor":4},{"not_picked":["Compile Driver","Leap"],"picked":"Ball Lightning","floor":7},{"not_picked":["Steam","Skim"],"picked":"Go for the Eyes","floor":10},{"not_picked":["Static Discharge","Auto Shields"],"picked":"Genetic Algorithm","floor":14},{"not_picked":["Meteor Strike","Reboot"],"picked":"Core Surge","floor":16},{"not_picked":["Ball Lightning","Steam"],"picked":"Consume+1","floor":18},{"not_picked":["Compile Driver","Ball Lightning"],"picked":"Gash+1","floor":20},{"not_picked":["Chaos","Force Field","Auto Shields"],"picked":"SKIP","floor":24},{"not_picked":["Compile Driver","Streamline"],"picked":"Conserve Battery+1","floor":25},{"not_picked":["Conserve Battery","Rebound"],"picked":"Gash","floor":27},{"not_picked":["Leap","Conserve Battery"],"picked":"Undo","floor":28}],"player_experience":375186,"relics_obtained":[{"floor":9,"key":"Juzu Bracelet"},{"floor":10,"key":"Vajra"},{"floor":14,"key":"Cables"},{"floor":25,"key":"Tiny Chest"},{"floor":26,"key":"Mango"}],"event_choices":[{"cards_removed":["Strike_B"],"damage_healed":0,"gold_gain":0,"player_choice":"Card Removal","damage_taken":7,"max_hp_gain":0,"max_hp_loss":0,"event_name":"Golden Wing","floor":2,"gold_loss":0},{"damage_healed":0,"gold_gain":0,"player_choice":"Entered Light","damage_taken":15,"max_hp_gain":0,"max_hp_loss":0,"event_name":"Shining Light","floor":8,"gold_loss":0,"cards_upgraded":["Ball Lightning","Dualcast"]},{"damage_healed":0,"gold_gain":0,"player_choice":"Searched \u00271\u0027 times","damage_taken":0,"max_hp_gain":0,"max_hp_loss":0,"event_name":"Dead Adventurer","floor":10,"gold_loss":0},{"damage_healed":0,"gold_gain":0,"player_choice":"Left Gold","damage_taken":0,"max_hp_gain":0,"max_hp_loss":0,"event_name":"World of Goop","floor":12,"gold_loss":30},{"damage_healed":0,"gold_gain":100,"player_choice":"Pray","damage_taken":0,"max_hp_gain":0,"max_hp_loss":0,"event_name":"Golden Shrine","floor":13,"gold_loss":0},{"damage_healed":0,"gold_gain":0,"player_choice":"Shed Blood","damage_taken":19,"max_hp_gain":5,"max_hp_loss":0,"event_name":"Forgotten Altar","floor":19,"gold_loss":0},{"cards_removed":["Defend_B"],"damage_healed":0,"gold_gain":0,"player_choice":"Card Removal","damage_taken":0,"max_hp_gain":0,"max_hp_loss":0,"event_name":"Wheel of Change","floor":21,"gold_loss":0},{"damage_healed":0,"gold_gain":0,"player_choice":"Ignored","damage_taken":0,"max_hp_gain":0,"max_hp_loss":0,"event_name":"Cursed Tome","floor":29,"gold_loss":0}],"is_beta":false,"boss_relics":[{"not_picked":["Coffee Dripper","Philosopher\u0027s Stone"],"picked":"Empty Cage"}],"items_purged_floors":[5,22],"is_endless":false,"potions_floor_spawned":[1,3,7,20,25,27],"killed_by":"Gremlin Leader","ascension_level":3}