{"gold_per_floor":[149,168,168,93,108,138,138,138,138,10,44,44,63,79,79,202,202,218,233,257,257,275,275,293,332,332,346,364,364,364,398,398,398],"floor_reached":33,"playtime":1723,"items_purged":["Strike_B"],"score":374,"play_id":"2019a3a7-aca1-4988-9329-a084fac72e12","local_time":"20190409145027","is_ascension_mode":true,"campfire_choices":[{"data":"Zap","floor":7,"key":"SMITH"},{"data":"Dualcast","floor":12,"key":"SMITH"},{"floor":15,"key":"REST"},{"data":"Fission","floor":23,"key":"SMITH"},{"floor":29,"key":"REST"},{"floor":32,"key":"REST"}],"neow_cost":"NONE","seed_source_timestamp":0,"circlet_count":0,"master_deck":["Defend_B","Defend_B","Defend_B","Zap+1","Dualcast+1","Cold Snap","Self Repair","Chill","Hyperbeam","Cold Snap","Undo","Cold Snap+1","Darkness","Sweeping Beam+1","Core Surge+1","Hello World+1","Scrape+1","Machine Learning+1","Redo+1","FTL+1","Conserve Battery","Fission+1","Meteor Strike+1","Auto Shields+1","Gash+1","Writhe","Ball Lightning+1"],"special_seed":0,"relics":["Cracked Core","Tiny Chest","StoneCalendar","Golden Idol","Shovel","Molten Egg 2","Astrolabe","Question Card","Pear","Potion Belt","Prayer Wheel"],"potions_floor_usage":[6,6,25,28],"damage_taken":[{"damage":7.0,"enemies":"Jaw Worm","floor":1.0,"turns":3.0},{"damage":0.0,"enemies":"Cultist","floor":2.0,"turns":3.0},{"damage":4.0,"enemies":"2 Louse","floor":5.0,"turns":3.0},{"damage":48,"enemies":"Gremlin Nob","floor":6,"turns":5},{"damage":10,"enemies":"Lagavulin","floor":11,"turns":6},{"damage":1,"enemies":"Blue Slaver","floor":13,"turns":4},{"damage":8,"enemies":"3 Louse","floor":14,"turns":2},{"damage":33,"enemies":"Hexaghost","floor":16,"turns":10},{"damage":9,"enemies":"Spheric Guardian","floor":18,"turns":3},{"damage":7,"enemies":"Chosen","floor":19,"turns":3},{"damage":8,"enemies":"Snecko","floor":20,"turns":4},{"damage":3,"enemies":"3 Cultists","floor":22,"turns":4},{"damage":4,"enemies":"Centurion and Healer","floor":24,"turns":5},{"damage":34,"enemies":"Slavers","floor":25,"turns":2},{"damage":23,"enemies":"Snake Plant","floor":27,"turns":3},{"damage":0,"enemies":"Snecko","floor":28,"turns":2},{"damage":14,"enemies":"Book of Stabbing","floor":31,"turns":5},{"damage":59,"enemies":"Collector","floor":33,"turns":7}],"seed_played":"5538285382354816913","potions_obtained":[{"floor":2.0,"key":"Strength Potion"},{"floor":5.0,"key":"Regen Potion"},{"floor":6,"key":"LiquidBronze"},{"floor":11,"key":"Ancient Potion"},{"floor":16,"key":"Poison Potion"},{"floor":25,"key":"Weak Potion"},{"floor":31,"key":"LiquidBronze"}],"is_trial":false,"path_per_floor":["?","$","?","?","?"],"character_chosen":"DEFECT","items_purchased":["Cold Snap","Undo"],"campfire_rested":3,"item_purchase_floors":[10,10],"current_hp_per_floor":[68,68,68,68,64,37,37,37,37,37,34,34,40,32,52,26,58,49,49,41,41,45,45,48,21,31,8,8,31,31,24,47,0],"gold":398,"neow_bonus":"RANDOM_COMMON_RELIC","is_prod":false,"is_daily":false,"chose_seed":false,"campfire_upgraded":3,"win_rate":0,"timestamp":1554814227,"path_taken":["M","M","?","?","M","E","R","?","T","$","E","R","M","M","R","BOSS","M","M","M","?","M","R","M","E","T","M","M","R","?","E","R","BOSS"],"build_version":"2019-01-23","purchased_purges":1,"victory":false,"max_hp_per_floor":[75,75,75,75,75,75,75,69,69,69,69,69,69,69,69,69,69,69,69,69,69,69,69,69,69,79,79,79,79,79,79,79,79],"card_choices":[{"not_picked":["Go for the Eyes","Redo"],"picked":"Cold Snap","floor":1.0},{"not_picked":["Ball Lightning","Darkness"],"picked":"Self Repair","floor":2.0},{"not_picked":["Steam","Gash"],"picked":"Chill","floor":5.0},{"not_picked":["Heatsinks","Reprogram"],"picked":"Hyperbeam","floor":6},{"not_picked":["Rip and Tear","Reinforced Body"],"picked":"Cold Snap","floor":11},{"not_picked":["Compile Driver+1","Heatsinks"],"picked":"Darkness","floor":13},{"not_picked":["Compile Driver+1","Stack"],"picked":"Sweeping Beam+1","floor":14},{"not_picked":["Creative AI","Seek"],"picked":"Core Surge+1","floor":16},{"not_picked":["Rebound+1","Streamline+1"],"picked":"Redo+1","floor":18},{"not_picked":["Rebound+1","Rip and Tear+1"],"picked":"FTL+1","floor":19},{"not_picked":["Steam Power","Fusion"],"picked":"Conserve Battery","floor":20},{"not_picked":["Hologram","Doom and Gloom+1"],"picked":"Fission","floor":22},{"not_picked":["Compile Driver+1","Tempest","Redo"],"picked":"SKIP","floor":24},{"not_picked":["Sweeping Beam+1","Conserve Battery"],"picked":"Meteor Strike+1","floor":25},{"not_picked":["Stack","Gash+1","Coolheaded"],"picked":"Auto Shields+1","floor":27},{"not_picked":["Skim","Rebound+1","Storm"],"picked":"Gash+1","floor":28},{"not_picked":["Scrape+1","Leap","Hologram"],"picked":"Ball Lightning+1","floor":31}],"player_experience":423782,"relics_obtained":[{"floor":6,"key":"StoneCalendar"},{"floor":9,"key":"Shovel"},{"floor":11,"key":"Molten Egg 2"},{"floor":25,"key":"Question Card"},{"floor":26,"key":"Pear"},{"floor":31,"key":"Prayer Wheel"}],"event_choices":[{"cards_removed":["Strike_B"],"damage_healed":0.0,"max_hp_gain":0.0,"max_hp_loss":0.0,"gold_gain":0.0,"event_name":"Purifier","player_choice":"Purged","floor":3.0,"gold_loss":0.0,"damage_taken":0.0},{"damage_healed":0,"gold_gain":0,"player_choice":"Lose Max HP","damage_taken":0,"relics_obtained":["Golden Idol"],"max_hp_gain":0,"max_hp_loss":6,"event_name":"Golden Idol","floor":8,"gold_loss":0},{"damage_healed":0,"gold_gain":0,"player_choice":"Ignored","damage_taken":0,"max_hp_gain":0,"max_hp_loss":0,"event_name":"Ghosts","floor":21,"gold_loss":0},{"damage_healed":0,"gold_gain":0,"player_choice":"Opened","damage_taken":0,"relics_obtained":["Potion Belt"],"max_hp_gain":0,"max_hp_loss":0,"event_name":"The Mausoleum","floor":30,"gold_loss":0,"cards_obtained":["Writhe"]}],"is_beta":false,"boss_relics":[{"not_picked":["Pandora\u0027s Box","FrozenCore"],"picked":"Astrolabe"}],"items_purged_floors":[4],"is_endless":false,"potions_floor_spawned":[2,5,6,11,16,22,25,31],"killed_by":"Collector","ascension_level":5}