{"gold_per_floor":[18,18,18,35,53,88,88,101,148,148,161,161,173,204,204,204],"floor_reached":16,"playtime":732,"items_purged":[],"score":112,"play_id":"bf39cc7d-796b-49c6-a70b-2a071a50d542","local_time":"20190719062213","is_ascension_mode":false,"campfire_choices":[{"data":"Searing Blow","floor":7.0,"key":"SMITH"},{"data":"Armaments","floor":12.0,"key":"SMITH"},{"floor":15.0,"key":"REST"}],"neow_cost":"NO_GOLD","seed_source_timestamp":198309675258396,"circlet_count":0,"master_deck":["Strike_R","Strike_R","Strike_R","Strike_R","Defend_R","Defend_R","Defend_R","Defend_R","Bash","Inflame","Armaments+1","Searing Blow+1","Dual Wield"],"special_seed":0,"relics":["Burning Blood","Champion Belt","Darkstone Periapt","Juzu Bracelet","Blood Vial","Singing Bowl"],"potions_floor_usage":[],"damage_taken":[{"damage":10.0,"enemies":"Jaw Worm","floor":1.0,"turns":3.0},{"damage":2.0,"enemies":"Small Slimes","floor":4.0,"turns":4.0},{"damage":14.0,"enemies":"2 Louse","floor":5.0,"turns":2.0},{"damage":19.0,"enemies":"Lagavulin","floor":6.0,"turns":8.0},{"damage":18.0,"enemies":"Blue Slaver","floor":8.0,"turns":4.0},{"damage":4.0,"enemies":"Exordium Thugs","floor":11.0,"turns":4.0},{"damage":10.0,"enemies":"Looter","floor":13.0,"turns":4.0},{"damage":33.0,"enemies":"3 Sentries","floor":14.0,"turns":10.0},{"damage":45,"enemies":"Hexaghost","floor":16,"turns":9}],"seed_played":"8244002336654473507","potions_obtained":[{"floor":4.0,"key":"Fire Potion"},{"floor":5.0,"key":"Poison Potion"},{"floor":8.0,"key":"AttackPotion"}],"is_trial":false,"path_per_floor":["M","?","?","M","M","E","R","M","T","?","M","R","M","E","R","B"],"character_chosen":"IRONCLAD","items_purchased":[],"campfire_rested":1,"item_purchase_floors":[],"current_hp_per_floor":[76,76,69,73,65,52,52,40,40,40,44,44,42,19,43,0],"gold":204,"neow_bonus":"ONE_RARE_RELIC","is_prod":false,"is_daily":false,"chose_seed":false,"campfire_upgraded":2,"win_rate":0,"timestamp":1563542533,"path_taken":["M","?","?","M","M","E","R","?","T","?","M","R","M","E","R","BOSS"],"build_version":"2019-07-18","purchased_purges":0,"victory":false,"max_hp_per_floor":[80,80,80,80,80,80,80,80,80,80,80,80,80,82,82,82],"card_choices":[{"not_picked":["Twin Strike","Bloodletting"],"picked":"Inflame","floor":1.0},{"not_picked":["Havoc","Clothesline","Perfected Strike"],"picked":"SKIP","floor":4.0},{"not_picked":["Entrench","Rage"],"picked":"Armaments","floor":5.0},{"not_picked":["Rage","Shrug It Off"],"picked":"Searing Blow","floor":6.0},{"not_picked":["Clash","Evolve","Wild Strike"],"picked":"SKIP","floor":8.0},{"not_picked":["Sword Boomerang","Anger"],"picked":"Dual Wield","floor":11.0},{"not_picked":["Power Through","Corruption","Shrug It Off"],"picked":"SKIP","floor":13.0},{"not_picked":["Disarm","Entrench","Flex"],"picked":"Singing Bowl","floor":14.0}],"player_experience":1138205,"relics_obtained":[{"floor":6.0,"key":"Darkstone Periapt"},{"floor":9.0,"key":"Juzu Bracelet"},{"floor":14.0,"key":"Singing Bowl"}],"event_choices":[{"damage_healed":0.0,"max_hp_gain":0.0,"max_hp_loss":0.0,"gold_gain":0.0,"event_name":"Golden Idol","player_choice":"Ignored","floor":2.0,"gold_loss":0.0,"damage_taken":0.0},{"cards_removed":["Strike_R"],"damage_healed":0.0,"max_hp_gain":0.0,"max_hp_loss":0.0,"gold_gain":0.0,"event_name":"Golden Wing","player_choice":"Card Removal","floor":3.0,"gold_loss":0.0,"damage_taken":7.0},{"damage_healed":0.0,"max_hp_gain":0.0,"max_hp_loss":0.0,"gold_gain":0.0,"event_name":"Dead Adventurer","player_choice":"Searched \u00272\u0027 times","floor":10.0,"gold_loss":0.0,"damage_taken":0.0,"relics_obtained":["Blood Vial"]}],"is_beta":true,"boss_relics":[],"items_purged_floors":[],"is_endless":false,"potions_floor_spawned":[4,5,8],"killed_by":"Hexaghost","ascension_level":0}