{"gold_per_floor":[110,39,39,55,5,5,37,112,157,432,432,447,242,260,260,358,358,374,92,109,128,3,38,58,58,127,52,0,0,24,24,24,24],"floor_reached":33,"playtime":1670,"items_purged":["Regret","Defend_G","Defend_G"],"score":261,"play_id":"7662a086-e6cf-46b2-9152-01dda001481c","local_time":"20190629040952","is_ascension_mode":false,"campfire_choices":[{"data":"Crippling Poison","floor":6,"key":"SMITH"},{"data":"Heel Hook","floor":11,"key":"SMITH"},{"floor":15,"key":"REST"},{"floor":25,"key":"REST"},{"floor":29,"key":"REST"},{"data":"Noxious Fumes","floor":32,"key":"SMITH"}],"neow_cost":"NONE","seed_source_timestamp":19993267280838,"circlet_count":0,"master_deck":["Strike_G","Strike_G","Strike_G","Defend_G","Defend_G","Defend_G","Survivor","Neutralize+1","Acrobatics","Cloak And Dagger","Sucker Punch","Crippling Poison+1","Heel Hook+1","Backstab","Noxious Fumes+1","Deflect","Adrenaline","Expertise","Escape Plan","Well Laid Plans+1","Terror","Deadly Poison+1"],"relics":["Ring of the Snake","Blue Candle","Lantern","Philosopher\u0027s Stone","Pen Nib","FossilizedHelix","Dodecahedron","Centennial Puzzle","Gremlin Horn"],"potions_floor_usage":[7,16,16,23],"damage_taken":[{"damage":3,"enemies":"Jaw Worm","floor":1,"turns":4},{"damage":6,"enemies":"Cultist","floor":4,"turns":4},{"damage":24,"enemies":"Lagavulin","floor":7,"turns":9},{"damage":0,"enemies":"Small Slimes","floor":12,"turns":3},{"damage":0,"enemies":"3 Louse","floor":14,"turns":1},{"damage":26,"enemies":"Slime Boss","floor":16,"turns":10},{"damage":0,"enemies":"Chosen","floor":18,"turns":5},{"damage":5,"enemies":"Shell Parasite","floor":20,"turns":3},{"damage":17,"enemies":"Chosen and Byrds","floor":21,"turns":7},{"damage":32,"enemies":"Book of Stabbing","floor":23,"turns":5},{"damage":7,"enemies":"Shelled Parasite and Fungi","floor":24,"turns":4},{"damage":59,"enemies":"Collector","floor":33,"turns":6}],"seed_played":"5684942047472983118","potions_obtained":[{"floor":3,"key":"EssenceOfSteel"},{"floor":3,"key":"SteroidPotion"},{"floor":3,"key":"Explosive Potion"},{"floor":4,"key":"Poison Potion"},{"floor":16,"key":"SteroidPotion"},{"floor":20,"key":"Dexterity Potion"},{"floor":24,"key":"Swift Potion"}],"is_trial":false,"path_per_floor":["M","$","?","M","?","R","E","?","T","?","R","M","$","M","R","B",null,"M","$","M","M","$","E","M","R","T","?","?","R","T","?","R","B"],"character_chosen":"THE_SILENT","items_purchased":["Cloak And Dagger","Sucker Punch","Noxious Fumes","Deflect","Escape Plan","Pen Nib"],"campfire_rested":3,"item_purchase_floors":[2,2,13,13,19,19],"current_hp_per_floor":[67,67,67,61,61,61,37,26,26,26,26,26,26,26,47,21,70,70,70,65,48,48,16,9,30,30,30,30,51,51,51,51,0],"gold":24,"neow_bonus":"UPGRADE_CARD","is_prod":false,"is_daily":false,"chose_seed":false,"campfire_upgraded":3,"win_rate":0,"timestamp":1561806592,"path_taken":["M","$","?","?","?","R","E","?","T","?","R","M","$","?","R","BOSS","M","$","M","M","?","E","M","R","T","?","?","R","?","?","R","BOSS"],"build_version":"2019-06-28","purchased_purges":3,"victory":false,"max_hp_per_floor":[70,70,70,70,70,70,70,70,70,70,70,70,70,70,70,70,70,70,70,70,70,70,70,70,70,70,70,70,70,70,70,70,70],"card_choices":[{"not_picked":["Quick Slash","Tactician"],"picked":"Acrobatics","floor":1},{"not_picked":["Blade Dance","Deflect"],"picked":"Crippling Poison","floor":4},{"not_picked":["Eviscerate","Bane"],"picked":"Heel Hook","floor":7},{"not_picked":["Choke","Acrobatics"],"picked":"Backstab","floor":12},{"not_picked":["Riddle With Holes","Distraction","Finisher"],"picked":"SKIP","floor":14},{"not_picked":["Malaise","A Thousand Cuts"],"picked":"Adrenaline","floor":16},{"not_picked":["Bane","Poisoned Stab"],"picked":"Expertise","floor":18},{"not_picked":["Bane","Concentrate"],"picked":"Well Laid Plans+1","floor":20},{"not_picked":["Outmaneuver","Reflex+1","Slice+1"],"picked":"SKIP","floor":21},{"not_picked":["Predator","Sucker Punch+1"],"picked":"Terror","floor":23},{"not_picked":["Predator","Masterful Stab+1"],"picked":"Deadly Poison+1","floor":24}],"player_experience":1079154,"relics_obtained":[{"floor":7,"key":"Blue Candle"},{"floor":9,"key":"Lantern"},{"floor":23,"key":"FossilizedHelix"},{"floor":26,"key":"Dodecahedron"},{"floor":30,"key":"Centennial Puzzle"}],"event_choices":[{"damage_healed":0,"gold_gain":0,"player_choice":"Got Potions","damage_taken":0,"max_hp_gain":0,"max_hp_loss":0,"event_name":"Lab","floor":3,"gold_loss":0},{"cards_removed":["Strike_G"],"damage_healed":0,"gold_gain":0,"player_choice":"Card Removal","damage_taken":0,"max_hp_gain":0,"max_hp_loss":0,"event_name":"The Cleric","floor":5,"gold_loss":50},{"damage_healed":0,"gold_gain":75,"player_choice":"Gather Gold","damage_taken":11,"max_hp_gain":0,"max_hp_loss":0,"event_name":"World of Goop","floor":8,"gold_loss":0},{"damage_healed":0,"gold_gain":275,"player_choice":"Desecrate","damage_taken":0,"max_hp_gain":0,"max_hp_loss":0,"event_name":"Golden Shrine","floor":10,"gold_loss":0,"cards_obtained":["Regret"]},{"cards_removed":["Strike_G"],"damage_healed":0,"gold_gain":0,"player_choice":"Gave Gold","damage_taken":0,"max_hp_gain":0,"max_hp_loss":0,"event_name":"Beggar","floor":27,"gold_loss":75},{"damage_healed":0,"gold_gain":0,"player_choice":"Paid Fearfully","damage_taken":0,"max_hp_gain":0,"max_hp_loss":0,"event_name":"Masked Bandits","floor":28,"gold_loss":52},{"damage_healed":0,"gold_gain":0,"player_choice":"Gave Potion","damage_taken":0,"relics_obtained":["Gremlin Horn"],"max_hp_gain":0,"max_hp_loss":0,"event_name":"WeMeetAgain","floor":31,"gold_loss":0}],"is_beta":true,"boss_relics":[{"not_picked":["White Beast Statue","Snecko Eye"],"picked":"Philosopher\u0027s Stone"}],"items_purged_floors":[13,19,22],"is_endless":false,"potions_floor_spawned":[4,16,20,24],"killed_by":"Collector","ascension_level":0}