{"gold_per_floor":[113,126,16,35,46,46,71,71,141,141,141,158,168,197,197,301,301,319,33,53,67,67,95,10,10,10,39,39,58,58,258,258,356,356,372,382,382,382,24,24,59,59,59,78,78,112,112,125,125,125,125,125,25,56,56],"floor_reached":56,"playtime":2801,"items_purged":["Strike_G","Strike_G"],"score":1381,"play_id":"8d6f4d68-d2ed-4c9f-8620-aeb997105655","local_time":"20190708130054","is_ascension_mode":true,"campfire_choices":[{"data":"Neutralize","floor":6.0,"key":"SMITH"},{"data":"Tools of the Trade","floor":8.0,"key":"SMITH"},{"data":"Footwork","floor":10.0,"key":"SMITH"},{"data":"Deadly Poison","floor":15.0,"key":"SMITH"},{"data":"Catalyst","floor":25.0,"key":"SMITH"},{"data":"Bouncing Flask","floor":28.0,"key":"SMITH"},{"data":"Catalyst","floor":32.0,"key":"SMITH"},{"data":"Enlightenment","floor":40.0,"key":"SMITH"},{"floor":42.0,"key":"RECALL"},{"data":"Well Laid Plans","floor":45.0,"key":"SMITH"},{"data":"Dash","floor":47.0,"key":"SMITH"},{"data":"Backflip","floor":49.0,"key":"SMITH"},{"data":"The Bomb","floor":52.0,"key":"SMITH"}],"neow_cost":"NONE","seed_source_timestamp":0,"circlet_count":0,"master_deck":["Defend_G","Defend_G","Defend_G","Defend_G","Defend_G","Strike_G","Strike_G","Survivor","Neutralize+1","Tools of the Trade+1","Deadly Poison+1","Dagger Spray","Footwork+1","Backflip+1","Bouncing Flask+1","Heel Hook","Catalyst+1","Dagger Spray","Bullet Time","Dash+1","Poisoned Stab+1","Catalyst+1","Writhe","Reflex+1","Acrobatics+1","Bullet Time","PiercingWail","Noxious Fumes+1","Enlightenment+1","The Bomb+1","Well Laid Plans+1","Well Laid Plans+1"],"special_seed":0,"relics":["Ring of the Snake","StoneCalendar","Bottled Tornado","CultistMask","Dream Catcher","Snecko Eye","Thread and Needle","Calipers","Nunchaku","Ginger","Sundial","Torii","Sozu","Lee\u0027s Waffle","Snake Skull","Pantograph","Anchor","Vajra"],"potions_floor_usage":[55,55],"damage_taken":[{"damage":0.0,"enemies":"Jaw Worm","floor":1.0,"turns":6.0},{"damage":0.0,"enemies":"Cultist","floor":2.0,"turns":4.0},{"damage":0.0,"enemies":"Small Slimes","floor":4.0,"turns":5.0},{"damage":0.0,"enemies":"Blue Slaver","floor":5.0,"turns":6.0},{"damage":2.0,"enemies":"Lagavulin","floor":7.0,"turns":7.0},{"damage":0.0,"enemies":"Exordium Thugs","floor":12.0,"turns":4.0},{"damage":0.0,"enemies":"Red Slaver","floor":13.0,"turns":5.0},{"damage":18.0,"enemies":"3 Sentries","floor":14.0,"turns":7.0},{"damage":39.0,"enemies":"Slime Boss","floor":16.0,"turns":7.0},{"damage":0.0,"enemies":"Chosen","floor":18.0,"turns":3.0},{"damage":8.0,"enemies":"Shell Parasite","floor":20.0,"turns":4.0},{"damage":0.0,"enemies":"Chosen and Byrds","floor":21.0,"turns":4.0},{"damage":0.0,"enemies":"Gremlin Leader","floor":23.0,"turns":4.0},{"damage":2.0,"enemies":"Slavers","floor":27.0,"turns":5.0},{"damage":17.0,"enemies":"Snake Plant","floor":29.0,"turns":3.0},{"damage":0.0,"enemies":"Collector","floor":33.0,"turns":2.0},{"damage":12.0,"enemies":"3 Shapes","floor":35.0,"turns":5.0},{"damage":10.0,"enemies":"3 Darklings","floor":36.0,"turns":6.0},{"damage":22.0,"enemies":"Nemesis","floor":41.0,"turns":5.0},{"damage":3.0,"enemies":"Jaw Worm Horde","floor":44.0,"turns":4.0},{"damage":0.0,"enemies":"Giant Head","floor":46.0,"turns":4.0},{"damage":0.0,"enemies":"Writhing Mass","floor":48.0,"turns":4.0},{"damage":42.0,"enemies":"Time Eater","floor":50.0,"turns":6.0},{"damage":29.0,"enemies":"Shield and Spear","floor":54.0,"turns":6.0},{"damage":28,"enemies":"The Heart","floor":55,"turns":5}],"seed_played":"8597424920286350536","potions_obtained":[{"floor":5.0,"key":"Block Potion"},{"floor":7.0,"key":"Ancient Potion"},{"floor":16.0,"key":"AttackPotion"},{"floor":18.0,"key":"SteroidPotion"},{"floor":20.0,"key":"GhostInAJar"},{"floor":29.0,"key":"Energy Potion"}],"is_trial":false,"path_per_floor":["?","M","?","?","M","$","?","?","?","$","M"],"character_chosen":"THE_SILENT","items_purchased":["Footwork","Thread and Needle","Lee\u0027s Waffle","Snake Skull"],"campfire_rested":0,"item_purchase_floors":[3,19,39,39],"current_hp_per_floor":[70,70,70,70,70,70,68,68,68,68,68,68,68,50,50,11,70,70,70,62,62,62,62,62,62,62,60,60,43,43,43,43,43,70,58,48,48,38,73,73,51,51,51,48,48,48,48,48,48,31,73,73,73,44,41],"gold":56,"neow_bonus":"TRANSFORM_CARD","is_prod":false,"is_daily":false,"chose_seed":false,"campfire_upgraded":12,"win_rate":0,"timestamp":1562583654,"path_taken":["M","M","$","M","M","R","E","R","T","R","?","M","?","E","R","BOSS","M","$","M","M","?","E","?","R","T","E","R","?","?","?","R","BOSS","M","M","?","?","?","R","E","R","T","?","R","E","R","M","R","BOSS","R","$","E","BOSS"],"build_version":"2019-01-23","purchased_purges":2,"victory":true,"max_hp_per_floor":[70,70,70,70,70,70,70,70,70,70,70,70,70,70,70,70,70,70,70,70,70,70,70,70,70,70,70,70,70,70,70,70,70,70,70,70,66,66,73,73,73,73,73,73,73,73,73,73,73,73,73,73,73,73,73],"card_choices":[{"not_picked":["Quick Slash","Cloak And Dagger"],"picked":"Deadly Poison","floor":1.0},{"not_picked":["Cloak And Dagger","Flying Knee"],"picked":"Dagger Spray","floor":2.0},{"not_picked":["Bane","Escape Plan"],"picked":"Backflip","floor":4.0},{"not_picked":["Dagger Throw","Venomology"],"picked":"Bouncing Flask","floor":5.0},{"not_picked":["Outmaneuver","Backstab"],"picked":"Heel Hook","floor":7.0},{"not_picked":["Endless Agony","Bane"],"picked":"Catalyst","floor":12.0},{"not_picked":["Dodge and Roll","Flying Knee"],"picked":"Dagger Spray","floor":13.0},{"not_picked":["Expertise","Accuracy","Dagger Spray"],"picked":"SKIP","floor":14.0},{"not_picked":["Night Terror","Tools of the Trade"],"picked":"Bullet Time","floor":16.0},{"not_picked":["Quick Slash+1","Concentrate+1"],"picked":"Dash","floor":18.0},{"not_picked":["Finisher","Dagger Throw"],"picked":"Poisoned Stab+1","floor":20.0},{"not_picked":["Blur","Deflect+1"],"picked":"Catalyst","floor":21.0},{"not_picked":["Dagger Throw","After Image"],"picked":"Reflex+1","floor":23.0},{"not_picked":["Phantasmal Killer","Backflip"],"picked":"Acrobatics+1","floor":27.0},{"not_picked":["Deflect+1","Calculated Gamble+1","Bane"],"picked":"SKIP","floor":29.0},{"not_picked":["Malaise","Phantasmal Killer"],"picked":"Bullet Time","floor":33.0},{"not_picked":["Slice+1","Dagger Spray+1"],"picked":"PiercingWail","floor":35.0},{"not_picked":["Dagger Throw+1","Setup+1"],"picked":"Noxious Fumes+1","floor":36.0},{"not_picked":["Magnetism","Violence"],"picked":"Enlightenment","floor":38.0},{"not_picked":["PanicButton","Secret Technique"],"picked":"The Bomb","floor":38.0},{"not_picked":["Sucker Punch","Flying Knee","Venomology"],"picked":"SKIP","floor":41.0},{"not_picked":["Dodge and Roll+1","Footwork+1"],"picked":"Well Laid Plans","floor":44.0},{"not_picked":["Dagger Spray","Dash"],"picked":"Well Laid Plans+1","floor":46.0},{"not_picked":["Expertise","Sucker Punch+1","Infinite Blades+1"],"picked":"SKIP","floor":48.0},{"not_picked":["Phantasmal Killer","Blade Dance","Backstab+1"],"picked":"SKIP","floor":54.0}],"player_experience":983442,"relics_obtained":[{"floor":7.0,"key":"StoneCalendar"},{"floor":9.0,"key":"Bottled Tornado"},{"floor":14.0,"key":"Dream Catcher"},{"floor":23.0,"key":"Nunchaku"},{"floor":26.0,"key":"Sundial"},{"floor":27.0,"key":"Torii"},{"floor":41.0,"key":"Pantograph"},{"floor":46.0,"key":"Anchor"},{"floor":54.0,"key":"Vajra"}],"event_choices":[{"damage_healed":0.0,"max_hp_gain":0.0,"max_hp_loss":0.0,"gold_gain":0.0,"event_name":"FaceTrader","player_choice":"Trade","floor":11.0,"gold_loss":0.0,"damage_taken":0.0,"relics_obtained":["CultistMask"]},{"damage_healed":0.0,"max_hp_gain":0.0,"max_hp_loss":0.0,"gold_gain":0.0,"event_name":"The Mausoleum","player_choice":"Opened","floor":22.0,"gold_loss":0.0,"damage_taken":0.0,"relics_obtained":["Calipers"],"cards_obtained":["Writhe"]},{"damage_healed":0.0,"max_hp_gain":0.0,"max_hp_loss":0.0,"gold_gain":0.0,"event_name":"Addict","player_choice":"Obtained Relic","floor":24.0,"gold_loss":85.0,"damage_taken":0.0,"relics_obtained":["Ginger"]},{"damage_healed":0.0,"max_hp_gain":0.0,"max_hp_loss":0.0,"gold_gain":200.0,"event_name":"Wheel of Change","player_choice":"Gold","floor":31.0,"gold_loss":0.0,"damage_taken":0.0},{"damage_healed":0.0,"max_hp_gain":0.0,"max_hp_loss":4.0,"gold_gain":0.0,"event_name":"Winding Halls","player_choice":"Max HP","floor":37.0,"gold_loss":0.0,"damage_taken":0.0},{"damage_healed":0.0,"max_hp_gain":0.0,"max_hp_loss":0.0,"gold_gain":0.0,"event_name":"SensoryStone","player_choice":"Memory 3","floor":38.0,"gold_loss":0.0,"damage_taken":10.0}],"is_beta":false,"boss_relics":[{"not_picked":["Lizard Tail","Orrery"],"picked":"Snecko Eye"},{"not_picked":["Calling Bell","WristBlade"],"picked":"Sozu"}],"items_purged_floors":[3,53],"is_endless":false,"potions_floor_spawned":[5,7,16,18,20,29,35,36,41],"ascension_level":1}