{"gold_per_floor":[19,19,29,45,62,62,88,88,88,115,115,148,98,111,111,208,208,225,225,243,258,104,104,116,143,166,166,21,52,68,86,86,191,191,205,222,222,241,261,261,280,308,308,308,408,10,0,0,0,0,0,0,0,25,25],"floor_reached":56,"playtime":3022,"items_purged":["Strike_R"],"score":1283,"play_id":"7f85af1b-3855-400f-9613-0791e3ce41ca","local_time":"20190624095426","is_ascension_mode":true,"campfire_choices":[{"data":"Metallicize","floor":6,"key":"SMITH"},{"data":"Bash","floor":8,"key":"SMITH"},{"data":"Feed","floor":11,"key":"SMITH"},{"data":"Flame Barrier","floor":15,"key":"SMITH"},{"data":"Corruption","floor":23,"key":"SMITH"},{"data":"Flame Barrier","floor":27,"key":"SMITH"},{"data":"Impervious","floor":32,"key":"SMITH"},{"floor":40,"key":"RECALL"},{"data":"Berserk","floor":44,"key":"SMITH"},{"data":"Metamorphosis","floor":49,"key":"SMITH"},{"data":"Shockwave","floor":52,"key":"SMITH"}],"neow_cost":"NO_GOLD","seed_source_timestamp":4100553306617,"circlet_count":0,"master_deck":["Strike_R+1","Defend_R","Defend_R","Defend_R","Defend_R","Bash+1","Metallicize+1","Flame Barrier+1","Anger+1","Flame Barrier+1","Feed+1","Anger+1","Uppercut+1","Impervious+1","Iron Wave+1","Thunderclap+1","Cleave+1","Corruption+1","Anger+1","Whirlwind+1","Shockwave+1","Berserk+1","Clothesline+1","Entrench+1","Madness","Madness","Shrug It Off","Uppercut+1","Shrug It Off","Metamorphosis+1","Body Slam+1"],"relics":["Burning Blood","Kunai","Calipers","Unceasing Top","Molten Egg 2","Runic Pyramid","Self Forming Clay","Whetstone","Vajra","Pear","Mark of Pain","Smiling Mask","Thread and Needle","Brimstone","Red Mask","StoneCalendar"],"potions_floor_usage":[12,16,16,29,50,55,55,55],"damage_taken":[{"damage":1,"enemies":"Cultist","floor":1,"turns":4},{"damage":3,"enemies":"Jaw Worm","floor":3,"turns":5},{"damage":0,"enemies":"2 Louse","floor":4,"turns":4},{"damage":9,"enemies":"Large Slime","floor":5,"turns":8},{"damage":20,"enemies":"Gremlin Nob","floor":7,"turns":5},{"damage":14,"enemies":"3 Sentries","floor":10,"turns":15},{"damage":27,"enemies":"Lagavulin","floor":12,"turns":9},{"damage":2,"enemies":"Blue Slaver","floor":14,"turns":3},{"damage":3,"enemies":"Hexaghost","floor":16,"turns":8},{"damage":22,"enemies":"2 Thieves","floor":18,"turns":5},{"damage":3,"enemies":"Shell Parasite","floor":20,"turns":6},{"damage":7,"enemies":"Snecko","floor":21,"turns":7},{"damage":6,"enemies":"Centurion and Healer","floor":24,"turns":8},{"damage":11,"enemies":"Book of Stabbing","floor":25,"turns":6},{"damage":10,"enemies":"Slavers","floor":29,"turns":4},{"damage":5,"enemies":"Snake Plant","floor":30,"turns":4},{"damage":1,"enemies":"Snecko","floor":31,"turns":4},{"damage":4,"enemies":"Automaton","floor":33,"turns":10},{"damage":11,"enemies":"Orb Walker","floor":35,"turns":3},{"damage":7,"enemies":"3 Shapes","floor":36,"turns":2},{"damage":2,"enemies":"Jaw Worm Horde","floor":38,"turns":5},{"damage":5,"enemies":"3 Darklings","floor":39,"turns":4},{"damage":0,"enemies":"4 Shapes","floor":41,"turns":5},{"damage":8,"enemies":"Giant Head","floor":42,"turns":10},{"damage":0,"enemies":"Mind Bloom Boss Battle","floor":45,"turns":5},{"damage":26,"enemies":"Time Eater","floor":50,"turns":8},{"damage":34,"enemies":"Shield and Spear","floor":54,"turns":5},{"damage":72,"enemies":"The Heart","floor":55,"turns":7}],"seed_played":"-7941117257615152242","potions_obtained":[{"floor":1,"key":"SpeedPotion"},{"floor":4,"key":"SpeedPotion"},{"floor":10,"key":"Energy Potion"},{"floor":12,"key":"SkillPotion"},{"floor":20,"key":"Swift Potion"},{"floor":24,"key":"PowerPotion"},{"floor":31,"key":"LiquidBronze"},{"floor":33,"key":"Fruit Juice"},{"floor":54,"key":"GamblersBrew"}],"is_trial":false,"path_per_floor":["M","M","?","?","M","?","?","?","$"],"character_chosen":"IRONCLAD","items_purchased":["Corruption","Vajra","Brimstone","Shrug It Off","Metamorphosis"],"campfire_rested":0,"item_purchase_floors":[22,28,46,46,46],"current_hp_per_floor":[80,80,80,80,77,77,63,63,63,55,55,38,38,42,42,45,84,72,64,71,74,74,74,78,77,77,77,77,87,88,97,97,103,126,125,128,111,119,124,124,134,136,136,136,146,146,146,146,146,135,163,163,163,139,73],"gold":25,"neow_bonus":"REMOVE_TWO","is_prod":false,"is_daily":false,"chose_seed":false,"campfire_upgraded":10,"win_rate":0,"timestamp":1561362866,"path_taken":["M","$","?","?","M","R","E","R","T","E","R","E","?","M","R","BOSS","M","?","M","M","$","R","?","E","T","R","$","E","M","M","R","BOSS","M","M","?","M","M","R","M","E","T","R","?","$","?","?","R","BOSS","R","$","E","BOSS"],"build_version":"2019-01-23","purchased_purges":1,"victory":true,"max_hp_per_floor":[80,80,80,80,80,80,80,80,80,80,80,84,84,84,84,84,84,88,88,92,96,96,96,100,104,104,104,104,118,118,122,122,126,126,130,134,134,138,142,142,146,150,150,150,154,154,154,154,154,163,163,163,163,167,167],"card_choices":[{"not_picked":["Entrench","Pommel Strike"],"picked":"Metallicize","floor":1},{"not_picked":["Shrug It Off","Burning Pact"],"picked":"Flame Barrier","floor":3},{"not_picked":["Reckless Charge","Perfected Strike"],"picked":"Anger","floor":4},{"not_picked":["Heavy Blade","Reckless Charge"],"picked":"Flame Barrier","floor":5},{"not_picked":["Rage","Feel No Pain","Searing Blow"],"picked":"SKIP","floor":7},{"not_picked":["Armaments","Disarm"],"picked":"Feed","floor":10},{"not_picked":["Combust","Sword Boomerang"],"picked":"Anger","floor":12},{"not_picked":["Headbutt+1","True Grit"],"picked":"Uppercut+1","floor":14},{"not_picked":["Fiend Fire+1","Feed+1"],"picked":"Impervious","floor":16},{"not_picked":["Rampage+1","Wild Strike+1"],"picked":"Iron Wave+1","floor":18},{"not_picked":["Twin Strike+1","Searing Blow+1"],"picked":"Thunderclap+1","floor":20},{"not_picked":["Pummel+1","Flex+1"],"picked":"Cleave+1","floor":21},{"not_picked":["Wild Strike+1","Clash+1"],"picked":"Anger+1","floor":24},{"not_picked":["Pommel Strike+1","Pummel+1"],"picked":"Whirlwind+1","floor":25},{"not_picked":["Exhume","Thunderclap+1","Blood for Blood+1"],"picked":"SKIP","floor":29},{"not_picked":["Wild Strike+1","Heavy Blade+1","Perfected Strike+1"],"picked":"SKIP","floor":30},{"not_picked":["Seeing Red+1","Sword Boomerang+1"],"picked":"Shockwave","floor":31},{"not_picked":["Exhume","Juggernaut"],"picked":"Berserk","floor":33},{"not_picked":["Pommel Strike+1","Sword Boomerang+1"],"picked":"Clothesline+1","floor":35},{"not_picked":["Anger+1","Perfected Strike+1"],"picked":"Entrench+1","floor":36},{"not_picked":["Searing Blow+1","Thunderclap+1","Wild Strike+1"],"picked":"SKIP","floor":38},{"not_picked":["Thunderclap+1","Rampage+1","Clash+1"],"picked":"SKIP","floor":39},{"not_picked":["Disarm","Fiend Fire+1"],"picked":"Shrug It Off","floor":41},{"not_picked":["Reckless Charge+1","Anger+1","Seeing Red"],"picked":"SKIP","floor":42},{"not_picked":["Body Slam+1","Sword Boomerang+1"],"picked":"Uppercut+1","floor":45},{"not_picked":["Inflame+1","Headbutt+1"],"picked":"Body Slam+1","floor":54}],"player_experience":861182,"relics_obtained":[{"floor":7,"key":"Kunai"},{"floor":9,"key":"Calipers"},{"floor":10,"key":"Unceasing Top"},{"floor":12,"key":"Molten Egg 2"},{"floor":25,"key":"Self Forming Clay"},{"floor":26,"key":"Whetstone"},{"floor":29,"key":"Pear"},{"floor":42,"key":"Smiling Mask"},{"floor":45,"key":"Thread and Needle"},{"floor":54,"key":"StoneCalendar"}],"event_choices":[{"cards_removed":["Strike_R"],"damage_healed":0,"gold_gain":0,"player_choice":"Card Removal","damage_taken":0,"max_hp_gain":0,"max_hp_loss":0,"event_name":"The Cleric","floor":13,"gold_loss":50},{"damage_healed":0,"gold_gain":0,"player_choice":"Damaged","damage_taken":8,"max_hp_gain":0,"max_hp_loss":0,"event_name":"Wheel of Change","floor":19,"gold_loss":0},{"damage_healed":0,"gold_gain":0,"player_choice":"Embrace Madness","damage_taken":17,"max_hp_gain":0,"max_hp_loss":0,"event_name":"Winding Halls","floor":37,"gold_loss":0,"cards_obtained":["Madness","Madness"]},{"damage_healed":0,"gold_gain":0,"player_choice":"Fight","damage_taken":0,"max_hp_gain":0,"max_hp_loss":0,"event_name":"MindBloom","floor":45,"gold_loss":0},{"damage_healed":0,"gold_gain":0,"player_choice":"Paid","damage_taken":0,"relics_obtained":["Red Mask"],"max_hp_gain":0,"max_hp_loss":0,"event_name":"Tomb of Lord Red Mask","floor":47,"gold_loss":10}],"is_beta":false,"boss_relics":[{"not_picked":["Runic Cube","Astrolabe"],"picked":"Runic Pyramid"},{"not_picked":["Velvet Choker","Empty Cage"],"picked":"Mark of Pain"}],"items_purged_floors":[22],"is_endless":false,"potions_floor_spawned":[1,4,10,12,20,24,31,33,36,42,45,54],"ascension_level":1}