{"gold_per_floor":[116,134,154,0,0,31,92,125,125,137,62,73,87,106,106,106],"floor_reached":16,"playtime":2067,"items_purged":["Strike_R"],"score":114,"play_id":"70289285-47bb-4e98-9ec3-5e7c0644478a","local_time":"20190415234440","is_ascension_mode":false,"campfire_choices":[{"floor":15,"key":"DIG"}],"neow_cost":"NONE","seed_source_timestamp":32011334975873,"circlet_count":0,"master_deck":["Strike_R","Strike_R","Strike_R","Strike_R","Defend_R+1","Defend_R","Defend_R","Defend_R+1","Bash","Anger","Flex","Anger","Flex","Dropkick","Iron Wave","Feed","Flame Barrier","Limit Break","Heavy Blade"],"relics":["Burning Blood","Pen Nib","Charon\u0027s Ashes","Mercury Hourglass","Art of War","Shovel","Pear"],"potions_floor_usage":[14,16],"damage_taken":[{"damage":0,"enemies":"Cultist","floor":1,"turns":2},{"damage":6,"enemies":"Jaw Worm","floor":2,"turns":4},{"damage":7,"enemies":"2 Louse","floor":3,"turns":2},{"damage":23,"enemies":"Lagavulin","floor":6,"turns":5},{"damage":18,"enemies":"Lagavulin Event","floor":7,"turns":5},{"damage":14,"enemies":"3 Sentries","floor":8,"turns":4},{"damage":0,"enemies":"Looter","floor":10,"turns":2},{"damage":0,"enemies":"Exordium Wildlife","floor":12,"turns":3},{"damage":4,"enemies":"2 Fungi Beasts","floor":13,"turns":2},{"damage":0,"enemies":"Large Slime","floor":14,"turns":4},{"damage":62,"enemies":"The Guardian","floor":16,"turns":9}],"seed_played":"-5140273311177258580","potions_obtained":[{"floor":2,"key":"Swift Potion"},{"floor":10,"key":"Regen Potion"},{"floor":12,"key":"Swift Potion"},{"floor":13,"key":"SkillPotion"}],"is_trial":false,"path_per_floor":["M","M","M","$","?","E","?","E","T","M","$","M","M","M","R","B"],"character_chosen":"IRONCLAD","items_purchased":["Pen Nib"],"campfire_rested":0,"item_purchase_floors":[4],"current_hp_per_floor":[80,80,79,79,63,46,34,26,26,32,32,38,43,49,59,0],"gold":106,"neow_bonus":"THREE_CARDS","is_prod":false,"is_daily":false,"chose_seed":false,"campfire_upgraded":0,"win_rate":0,"timestamp":1555397080,"path_taken":["M","M","?","$","?","E","?","E","T","M","$","M","M","M","R","BOSS"],"build_version":"2019-04-04","purchased_purges":1,"victory":false,"max_hp_per_floor":[80,80,80,80,80,80,80,80,80,80,80,80,83,83,93,93],"card_choices":[{"not_picked":["Perfected Strike","Dropkick"],"picked":"Anger","floor":0},{"not_picked":["Evolve","Iron Wave"],"picked":"Flex","floor":1},{"not_picked":["Twin Strike","Dual Wield"],"picked":"Anger","floor":2},{"not_picked":["Shrug It Off","True Grit"],"picked":"Flex","floor":3},{"not_picked":["Barricade","Corruption"],"picked":"Dropkick","floor":6},{"not_picked":["True Grit","Flex"],"picked":"Iron Wave","floor":7},{"not_picked":["Disarm","Fire Breathing"],"picked":"Feed","floor":8},{"not_picked":["Twin Strike","Perfected Strike"],"picked":"Flame Barrier","floor":10},{"not_picked":["Clothesline","Perfected Strike","Combust"],"picked":"SKIP","floor":12},{"not_picked":["Reckless Charge","Combust"],"picked":"Limit Break","floor":13},{"not_picked":["Clash","Cleave"],"picked":"Heavy Blade","floor":14}],"player_experience":1062955,"relics_obtained":[{"floor":6,"key":"Charon\u0027s Ashes"},{"floor":7,"key":"Mercury Hourglass"},{"floor":8,"key":"Art of War"},{"floor":9,"key":"Shovel"},{"floor":15,"key":"Pear"}],"event_choices":[{"damage_healed":0,"gold_gain":0,"player_choice":"Entered Light","damage_taken":16,"max_hp_gain":0,"max_hp_loss":0,"event_name":"Shining Light","floor":5,"gold_loss":0,"cards_upgraded":["Defend_R","Defend_R"]},{"damage_healed":0,"gold_gain":0,"player_choice":"Searched \u00271\u0027 times","damage_taken":0,"max_hp_gain":0,"max_hp_loss":0,"event_name":"Dead Adventurer","floor":7,"gold_loss":0}],"is_beta":true,"boss_relics":[],"items_purged_floors":[11],"is_endless":false,"potions_floor_spawned":[2,10,12,13],"killed_by":"The Guardian","ascension_level":0}