{"gold_per_floor":[109,284,284,44,57,57,84,104,129,162,162,174,174,5,5,104,104,116,134,74,88,88,105,135,151,151,151,162,174,174,200,200,304,304,314,614,92,92,92,123,123,138,162,182,210,210,235,246,246,246,246,246,40,71,71],"floor_reached":56,"playtime":3369,"items_purged":["Pain","Strike_G","Strike_G"],"score":1387,"play_id":"b85ed402-c6ad-49e2-9613-2e66a3db2334","local_time":"20190719084601","is_ascension_mode":true,"campfire_choices":[{"data":"Neutralize","floor":6.0,"key":"SMITH"},{"data":"Noxious Fumes","floor":13.0,"key":"SMITH"},{"data":"Bouncing Flask","floor":15.0,"key":"SMITH"},{"data":"Footwork","floor":27.0,"key":"SMITH"},{"data":"Wraith Form v2","floor":30.0,"key":"SMITH"},{"data":"Backflip","floor":32.0,"key":"SMITH"},{"floor":41.0,"key":"RECALL"},{"data":"Adrenaline","floor":46.0,"key":"SMITH"},{"data":"Well Laid Plans","floor":49.0,"key":"SMITH"},{"data":"Crippling Poison","floor":52.0,"key":"SMITH"}],"neow_cost":"NONE","seed_source_timestamp":0,"circlet_count":0,"master_deck":["Defend_G","Defend_G","Defend_G","Defend_G","Defend_G","Strike_G+1","Strike_G+1","Survivor","Neutralize+1","Predator","Noxious Fumes+1","PiercingWail","Bouncing Flask","Dodge and Roll","Backflip+1","Well Laid Plans+1","Bouncing Flask+1","Wraith Form v2+1","Poisoned Stab+1","Footwork+1","Deadly Poison+1","Adrenaline+1","Caltrops","Crippling Poison+1","Panacea","Caltrops+1","Deadly Poison+1","Sucker Punch+1","Noxious Fumes+1","Deflect+1","Deflect+1","Predator+1"],"special_seed":0,"relics":["Ring of the Snake","WarpedTongs","Dream Catcher","Oddly Smooth Stone","Whetstone","Coffee Dripper","Bag of Preparation","Philosopher\u0027s Stone","Anchor","Letter Opener","Orichalcum","Vajra","Potion Belt","Paper Crane","OrangePellets","Thread and Needle"],"potions_floor_usage":[55,55,55],"damage_taken":[{"damage":0.0,"enemies":"Small Slimes","floor":1.0,"turns":3.0},{"damage":2.0,"enemies":"Cultist","floor":5.0,"turns":4.0},{"damage":28.0,"enemies":"3 Sentries","floor":7.0,"turns":9.0},{"damage":4.0,"enemies":"Jaw Worm","floor":8.0,"turns":5.0},{"damage":10.0,"enemies":"Gremlin Nob","floor":10.0,"turns":4.0},{"damage":1.0,"enemies":"Blue Slaver","floor":12.0,"turns":4.0},{"damage":0.0,"enemies":"Hexaghost","floor":16.0,"turns":9.0},{"damage":0.0,"enemies":"Spheric Guardian","floor":18.0,"turns":5.0},{"damage":6.0,"enemies":"3 Byrds","floor":19.0,"turns":4.0},{"damage":1.0,"enemies":"Snake Plant","floor":21.0,"turns":5.0},{"damage":2.0,"enemies":"Snecko","floor":23.0,"turns":5.0},{"damage":3.0,"enemies":"Slavers","floor":24.0,"turns":7.0},{"damage":0.0,"enemies":"Shelled Parasite and Fungi","floor":25.0,"turns":6.0},{"damage":0.0,"enemies":"Chosen and Byrds","floor":28.0,"turns":5.0},{"damage":1.0,"enemies":"Snake Plant","floor":29.0,"turns":4.0},{"damage":4.0,"enemies":"Gremlin Leader","floor":31.0,"turns":10.0},{"damage":24.0,"enemies":"Automaton","floor":33.0,"turns":10.0},{"damage":5.0,"enemies":"3 Darklings","floor":35.0,"turns":5.0},{"damage":0.0,"enemies":"Nemesis","floor":40.0,"turns":7.0},{"damage":0.0,"enemies":"Orb Walker","floor":42.0,"turns":3.0},{"damage":0.0,"enemies":"Jaw Worm Horde","floor":44.0,"turns":4.0},{"damage":2.0,"enemies":"Giant Head","floor":45.0,"turns":8.0},{"damage":23.0,"enemies":"Nemesis","floor":47.0,"turns":7.0},{"damage":1.0,"enemies":"Writhing Mass","floor":48.0,"turns":5.0},{"damage":3.0,"enemies":"Donu and Deca","floor":50.0,"turns":8.0},{"damage":3.0,"enemies":"Shield and Spear","floor":54.0,"turns":7.0},{"damage":19,"enemies":"The Heart","floor":55,"turns":8}],"seed_played":"-8240543982412231309","potions_obtained":[{"floor":8.0,"key":"Dexterity Potion"},{"floor":10.0,"key":"PowerPotion"},{"floor":16.0,"key":"Block Potion"},{"floor":21.0,"key":"EntropicBrew"},{"floor":25.0,"key":"Energy Potion"},{"floor":33.0,"key":"PowerPotion"},{"floor":35.0,"key":"Strength Potion"},{"floor":40.0,"key":"LiquidBronze"},{"floor":44.0,"key":"Dexterity Potion"},{"floor":47.0,"key":"Ancient Potion"}],"is_trial":false,"path_per_floor":["?","?","M","?","?","M","?","T","?"],"character_chosen":"THE_SILENT","items_purchased":["Noxious Fumes","PiercingWail","Bouncing Flask","Bouncing Flask","Anchor","Caltrops","Crippling Poison","Panacea","OrangePellets"],"campfire_rested":0,"item_purchase_floors":[4,4,4,14,37,37,37,37,53],"current_hp_per_floor":[77,77,77,77,75,75,47,43,43,33,33,32,32,32,32,32,77,77,71,71,70,70,68,65,65,65,65,65,64,64,60,60,36,77,72,72,72,72,72,72,72,72,72,72,70,70,47,46,46,43,73,73,73,70,51],"gold":71,"neow_bonus":"TEN_PERCENT_HP_BONUS","is_prod":false,"is_daily":false,"chose_seed":false,"campfire_upgraded":9,"win_rate":0,"timestamp":1563518761,"path_taken":["M","?","?","$","M","R","E","?","T","E","?","M","R","$","R","BOSS","M","M","?","M","$","?","E","M","T","R","M","M","R","E","R","BOSS","M","?","$","?","?","E","R","M","T","M","E","R","E","M","R","BOSS","R","$","E","BOSS"],"build_version":"2019-01-23","purchased_purges":3,"victory":true,"max_hp_per_floor":[77,77,77,77,77,77,77,77,77,77,77,77,77,77,77,77,77,77,77,77,77,77,77,77,77,77,77,77,77,77,77,77,77,77,77,77,77,77,73,73,73,73,73,73,73,73,73,73,73,73,73,73,73,73,73],"card_choices":[{"not_picked":["Sucker Punch","Prepared"],"picked":"Predator","floor":1.0},{"not_picked":["Sucker Punch","Blade Dance","Acrobatics"],"picked":"SKIP","floor":5.0},{"not_picked":["Backstab","Unload"],"picked":"Dodge and Roll","floor":7.0},{"not_picked":["Acrobatics","Deflect"],"picked":"Backflip","floor":8.0},{"not_picked":["Acrobatics","Outmaneuver"],"picked":"Well Laid Plans","floor":10.0},{"not_picked":["Setup","Dagger Throw","Prepared"],"picked":"SKIP","floor":12.0},{"not_picked":["Envenom","Malaise"],"picked":"Wraith Form v2","floor":16.0},{"not_picked":["Blade Dance","Flechettes+1","Dodge and Roll"],"picked":"SKIP","floor":18.0},{"not_picked":["Endless Agony","Underhanded Strike","All Out Attack"],"picked":"SKIP","floor":19.0},{"not_picked":["Quick Slash","Sucker Punch"],"picked":"Poisoned Stab+1","floor":21.0},{"not_picked":["Acrobatics","Eviscerate","Underhanded Strike"],"picked":"SKIP","floor":23.0},{"not_picked":["Endless Agony+1","Cloak And Dagger+1"],"picked":"Footwork","floor":24.0},{"not_picked":["Dagger Throw","Flying Knee","Blade Dance"],"picked":"SKIP","floor":25.0},{"not_picked":["Choke+1","Prepared+1","Dodge and Roll"],"picked":"SKIP","floor":28.0},{"not_picked":["Cloak And Dagger","Expertise+1","Flechettes"],"picked":"SKIP","floor":29.0},{"not_picked":["Noxious Fumes","Underhanded Strike"],"picked":"Deadly Poison+1","floor":31.0},{"not_picked":["Venomology","Glass Knife"],"picked":"Adrenaline","floor":33.0},{"not_picked":["Bane","Flying Knee+1","Slice"],"picked":"SKIP","floor":35.0},{"not_picked":["Eviscerate+1","Prepared+1"],"picked":"Caltrops+1","floor":40.0},{"not_picked":["Heel Hook","Reflex+1"],"picked":"Deadly Poison+1","floor":42.0},{"not_picked":["Dagger Throw","Dodge and Roll"],"picked":"Sucker Punch+1","floor":44.0},{"not_picked":["Dagger Spray","Dodge and Roll"],"picked":"Noxious Fumes+1","floor":45.0},{"not_picked":["Acrobatics","Dodge and Roll"],"picked":"Deflect+1","floor":47.0},{"not_picked":["Storm of Steel","Acrobatics"],"picked":"Deflect+1","floor":48.0},{"not_picked":["Blade Dance","Reflex+1"],"picked":"Predator+1","floor":54.0}],"player_experience":1057243,"relics_obtained":[{"floor":7.0,"key":"Dream Catcher"},{"floor":9.0,"key":"Oddly Smooth Stone"},{"floor":10.0,"key":"Whetstone"},{"floor":24.0,"key":"Bag of Preparation"},{"floor":38.0,"key":"Letter Opener"},{"floor":40.0,"key":"Orichalcum"},{"floor":43.0,"key":"Vajra"},{"floor":45.0,"key":"Potion Belt"},{"floor":47.0,"key":"Paper Crane"},{"floor":54.0,"key":"Thread and Needle"}],"event_choices":[{"damage_healed":0.0,"max_hp_gain":0.0,"max_hp_loss":0.0,"gold_gain":175.0,"event_name":"Liars Game","player_choice":"AGREE","floor":2.0,"gold_loss":0.0,"damage_taken":0.0,"cards_obtained":["Doubt"]},{"damage_healed":0.0,"max_hp_gain":0.0,"max_hp_loss":0.0,"gold_gain":0.0,"event_name":"Accursed Blacksmith","player_choice":"Rummage","floor":3.0,"gold_loss":0.0,"damage_taken":0.0,"relics_obtained":["WarpedTongs"],"cards_obtained":["Pain"]},{"cards_removed":["Doubt"],"damage_healed":0.0,"max_hp_gain":0.0,"max_hp_loss":0.0,"gold_gain":0.0,"event_name":"Living Wall","player_choice":"Forget","floor":11.0,"gold_loss":0.0,"damage_taken":0.0},{"cards_removed":["Strike_G"],"damage_healed":0.0,"max_hp_gain":0.0,"max_hp_loss":0.0,"gold_gain":0.0,"event_name":"Designer","player_choice":"Single Remove","floor":20.0,"gold_loss":60.0,"damage_taken":0.0},{"damage_healed":0.0,"max_hp_gain":0.0,"max_hp_loss":0.0,"gold_gain":300.0,"event_name":"Wheel of Change","player_choice":"Gold","floor":36.0,"gold_loss":0.0,"damage_taken":0.0},{"damage_healed":0.0,"max_hp_gain":0.0,"max_hp_loss":4.0,"gold_gain":0.0,"event_name":"Winding Halls","player_choice":"Max HP","floor":39.0,"gold_loss":0.0,"damage_taken":0.0}],"is_beta":false,"boss_relics":[{"not_picked":["HoveringKite","Pandora\u0027s Box"],"picked":"Coffee Dripper"},{"not_picked":["Fusion Hammer","Runic Dome"],"picked":"Philosopher\u0027s Stone"}],"items_purged_floors":[4,14,37],"is_endless":false,"potions_floor_spawned":[8,10,16,18,21,25,28,33,35,40,44,47],"ascension_level":1}