{"gold_per_floor":[113,113,188,204,19,44,44,62,62,81,92,102,102,128,128,224,224,243,263,263,274,309,309,336,336,336,336,30,30,30,59,59,156,156,175,397,415,427,527,527,552,563,634,634,634,669,689,707,707,707,707,707,508,541,541],"floor_reached":56,"playtime":6492,"items_purged":["Strike_G","Writhe"],"score":1845,"play_id":"5f0ccf04-666a-4d0f-aba7-fcdb81fb378f","local_time":"20190521102915","is_ascension_mode":true,"campfire_choices":[{"data":"Noxious Fumes","floor":7,"key":"SMITH"},{"floor":13,"key":"REST"},{"floor":15,"key":"REST"},{"floor":23,"key":"REST"},{"floor":25,"key":"REST"},{"data":"Apotheosis","floor":32,"key":"SMITH"},{"floor":40,"key":"RECALL"},{"data":"Backflip","floor":49,"key":"SMITH"},{"floor":52,"key":"REST"}],"neow_cost":"NONE","seed_source_timestamp":2717239160198,"circlet_count":0,"master_deck":["AscendersBane","Defend_G","Defend_G","Defend_G","Defend_G","Defend_G","Strike_G","Survivor","Neutralize","Poisoned Stab","Cloak And Dagger","Noxious Fumes+1","Dash","A Thousand Cuts","Dodge and Roll","Backflip+1","Dodge and Roll","Storm of Steel","Die Die Die","Footwork","Backflip+1","Backstab","Infinite Blades","Glass Knife","Apotheosis+1","Noxious Fumes","Malaise","Corpse Explosion","Blade Dance","Setup+1","PiercingWail","Noxious Fumes+1","Crippling Poison+1","Caltrops+1","Deflect+1","Parasite","Backflip+1","Good Instincts"],"relics":["Ring of the Snake","Ninja Scroll","Ancient Tea Set","Kunai","Philosopher\u0027s Stone","Red Mask","Letter Opener","Paper Crane","Membership Card","Shuriken","Sozu","Dead Branch","Juzu Bracelet","Lantern","ClockworkSouvenir","Ornamental Fan"],"potions_floor_usage":[19,22,24,35],"damage_taken":[{"damage":0,"enemies":"Jaw Worm","floor":1,"turns":6},{"damage":1,"enemies":"Small Slimes","floor":4,"turns":7},{"damage":10,"enemies":"Gremlin Nob","floor":6,"turns":5},{"damage":0,"enemies":"Cultist","floor":8,"turns":3},{"damage":3,"enemies":"Blue Slaver","floor":10,"turns":3},{"damage":10,"enemies":"Large Slime","floor":11,"turns":6},{"damage":11,"enemies":"Exordium Wildlife","floor":12,"turns":4},{"damage":17,"enemies":"Lagavulin","floor":14,"turns":8},{"damage":13,"enemies":"Hexaghost","floor":16,"turns":12},{"damage":2,"enemies":"Shell Parasite","floor":18,"turns":7},{"damage":13,"enemies":"Spheric Guardian","floor":19,"turns":5},{"damage":17,"enemies":"Snake Plant","floor":21,"turns":5},{"damage":22,"enemies":"Masked Bandits","floor":22,"turns":6},{"damage":0,"enemies":"Gremlin Leader","floor":24,"turns":9},{"damage":6,"enemies":"Book of Stabbing","floor":31,"turns":6},{"damage":13,"enemies":"Collector","floor":33,"turns":8},{"damage":16,"enemies":"3 Darklings","floor":35,"turns":3},{"damage":0,"enemies":"3 Shapes","floor":37,"turns":5},{"damage":8,"enemies":"Jaw Worm Horde","floor":38,"turns":3},{"damage":0,"enemies":"Mind Bloom Boss Battle","floor":39,"turns":6},{"damage":0,"enemies":"Reptomancer","floor":41,"turns":5},{"damage":7,"enemies":"Spire Growth","floor":42,"turns":4},{"damage":1,"enemies":"Nemesis","floor":46,"turns":5},{"damage":0,"enemies":"Maw","floor":47,"turns":5},{"damage":3,"enemies":"Writhing Mass","floor":48,"turns":7},{"damage":25,"enemies":"Donu and Deca","floor":50,"turns":5},{"damage":22,"enemies":"Shield and Spear","floor":54,"turns":4},{"damage":38,"enemies":"The Heart","floor":55,"turns":11}],"seed_played":"5146714480180422306","potions_obtained":[{"floor":6,"key":"SneckoOil"},{"floor":10,"key":"SpeedPotion"},{"floor":12,"key":"Fire Potion"},{"floor":19,"key":"AttackPotion"},{"floor":33,"key":"Ancient Potion"}],"is_trial":false,"path_per_floor":["?","?","?","M","?","?","$","?","?","?","?","?"],"character_chosen":"THE_SILENT","items_purchased":["Noxious Fumes","Dash","Membership Card","Apotheosis","Noxious Fumes","ClockworkSouvenir","Good Instincts"],"campfire_rested":5,"item_purchase_floors":[5,5,28,28,28,53,53],"current_hp_per_floor":[70,63,52,51,51,41,41,41,41,38,28,17,40,23,46,33,66,64,51,51,34,12,35,35,58,58,58,58,58,58,52,52,39,68,52,52,52,44,44,44,44,37,37,56,56,55,55,52,52,27,65,77,77,55,17],"gold":541,"neow_bonus":"TEN_PERCENT_HP_BONUS","is_prod":false,"is_daily":false,"chose_seed":false,"campfire_upgraded":3,"win_rate":0,"timestamp":1558427355,"path_taken":["M","?","?","M","$","E","R","M","T","M","M","M","R","E","R","BOSS","M","M","?","?","?","R","E","R","T","?","?","?","$","E","R","BOSS","M","?","M","M","?","R","E","M","T","?","?","E","M","M","R","BOSS","R","$","E","BOSS"],"build_version":"2019-01-23","purchased_purges":2,"victory":true,"max_hp_per_floor":[77,77,77,77,77,77,77,77,77,77,77,77,77,77,77,77,77,77,77,77,77,77,77,77,77,77,77,77,77,77,77,77,77,77,77,77,77,77,77,77,77,77,77,77,77,77,77,77,77,77,77,77,77,77,77],"card_choices":[{"not_picked":["Prepared","Choke"],"picked":"Poisoned Stab","floor":1},{"not_picked":["Deflect","Poisoned Stab"],"picked":"Cloak And Dagger","floor":4},{"not_picked":["Bane","Heel Hook","Flying Knee"],"picked":"SKIP","floor":6},{"not_picked":["Dash","Deflect"],"picked":"A Thousand Cuts","floor":8},{"not_picked":["Sucker Punch","Slice"],"picked":"Dodge and Roll","floor":10},{"not_picked":["Cloak And Dagger","Flechettes"],"picked":"Backflip","floor":11},{"not_picked":["Predator","Distraction"],"picked":"Dodge and Roll","floor":12},{"not_picked":["Outmaneuver","Prepared"],"picked":"Storm of Steel","floor":14},{"not_picked":["Storm of Steel","Doppelganger"],"picked":"Die Die Die","floor":16},{"not_picked":["Deflect","Bouncing Flask+1"],"picked":"Footwork","floor":18},{"not_picked":["Bane","Crippling Poison+1"],"picked":"Backflip+1","floor":19},{"not_picked":["Accuracy","Quick Slash"],"picked":"Backstab","floor":21},{"not_picked":["Predator+1","Slice"],"picked":"Infinite Blades","floor":22},{"not_picked":["Dagger Throw+1","Heel Hook"],"picked":"Glass Knife","floor":24},{"not_picked":["Setup","Noxious Fumes"],"picked":"Malaise","floor":31},{"not_picked":["Glass Knife","Phantasmal Killer"],"picked":"Corpse Explosion","floor":33},{"not_picked":["Tactician","Distraction+1"],"picked":"Blade Dance","floor":35},{"not_picked":["Deadly Poison","Reflex"],"picked":"Setup+1","floor":37},{"not_picked":["Predator+1","Eviscerate"],"picked":"PiercingWail","floor":38},{"not_picked":["Backflip","Riddle With Holes+1"],"picked":"Noxious Fumes+1","floor":39},{"not_picked":["Phantasmal Killer","Terror+1"],"picked":"Crippling Poison+1","floor":41},{"not_picked":["Cloak And Dagger","Quick Slash+1"],"picked":"Caltrops+1","floor":42},{"not_picked":["Night Terror","Footwork"],"picked":"Deflect+1","floor":46},{"not_picked":["Bouncing Flask+1","Dagger Throw+1","Flying Knee"],"picked":"SKIP","floor":47},{"not_picked":["Blade Dance","Sucker Punch+1"],"picked":"Backflip+1","floor":48},{"not_picked":["Dodge and Roll","Outmaneuver+1","Bullet Time"],"picked":"SKIP","floor":54}],"player_experience":667719,"relics_obtained":[{"floor":6,"key":"Ninja Scroll"},{"floor":9,"key":"Ancient Tea Set"},{"floor":14,"key":"Kunai"},{"floor":22,"key":"Red Mask"},{"floor":24,"key":"Letter Opener"},{"floor":26,"key":"Paper Crane"},{"floor":31,"key":"Shuriken"},{"floor":39,"key":"Dead Branch"},{"floor":41,"key":"Juzu Bracelet"},{"floor":46,"key":"Lantern"},{"floor":54,"key":"Ornamental Fan"}],"event_choices":[{"cards_removed":["Strike_G"],"damage_healed":0,"gold_gain":0,"player_choice":"Card Removal","damage_taken":7,"max_hp_gain":0,"max_hp_loss":0,"event_name":"Golden Wing","floor":2,"gold_loss":0},{"damage_healed":0,"gold_gain":75,"player_choice":"Gather Gold","damage_taken":11,"max_hp_gain":0,"max_hp_loss":0,"event_name":"World of Goop","floor":3,"gold_loss":0},{"cards_removed":["Strike_G"],"damage_healed":0,"gold_gain":0,"player_choice":"Offered Basic","damage_taken":0,"max_hp_gain":0,"max_hp_loss":0,"event_name":"Bonfire Elementals","floor":20,"gold_loss":0},{"damage_healed":0,"gold_gain":0,"player_choice":"Fought Bandits","damage_taken":0,"max_hp_gain":0,"max_hp_loss":0,"event_name":"Masked Bandits","floor":22,"gold_loss":0},{"damage_healed":0,"gold_gain":0,"player_choice":"Ignored","damage_taken":0,"max_hp_gain":0,"max_hp_loss":0,"event_name":"Vampires","floor":27,"gold_loss":0},{"cards_removed":["Strike_G"],"damage_healed":0,"gold_gain":0,"player_choice":"Elegance","damage_taken":0,"max_hp_gain":0,"max_hp_loss":0,"event_name":"Back to Basics","floor":29,"gold_loss":0},{"damage_healed":0,"gold_gain":222,"player_choice":"Wore Mask","damage_taken":0,"max_hp_gain":0,"max_hp_loss":0,"event_name":"Tomb of Lord Red Mask","floor":36,"gold_loss":0},{"damage_healed":0,"gold_gain":0,"player_choice":"Fight","damage_taken":0,"max_hp_gain":0,"max_hp_loss":0,"event_name":"MindBloom","floor":39,"gold_loss":0},{"damage_healed":19,"gold_gain":0,"player_choice":"Writhe","damage_taken":0,"max_hp_gain":0,"max_hp_loss":0,"event_name":"Winding Halls","floor":44,"gold_loss":0,"cards_obtained":["Writhe"]},{"damage_healed":0,"gold_gain":0,"player_choice":"Ignored","damage_taken":0,"max_hp_gain":0,"max_hp_loss":0,"event_name":"Mysterious Sphere","floor":45,"gold_loss":0}],"is_beta":false,"boss_relics":[{"not_picked":["Coffee Dripper","Velvet Choker"],"picked":"Philosopher\u0027s Stone"},{"not_picked":["Tiny House","White Beast Statue"],"picked":"Sozu"}],"items_purged_floors":[5,53],"is_endless":false,"potions_floor_spawned":[6,10,12,18,19,33,35,38,39,42,47],"ascension_level":10}