{"gold_per_floor":[109,124,199,214,214,214,249,269,292,292,323,334,347,359,359,454,454,471,39,58,71,91,91,117,135,135,135,170,170,181,181,181,283,283,294,304,324,70,82,114,114,124,204,219,319,319,419,35,35,35,35,35,35,61,61],"floor_reached":56,"playtime":3336,"items_purged":["Strike_G","Normality","Normality"],"score":1303,"play_id":"94cb4781-150e-422e-a3ff-9e880e025a42","local_time":"20190701091220","is_ascension_mode":true,"campfire_choices":[{"data":"Crippling Poison","floor":6.0,"key":"SMITH"},{"data":"Glass Knife","floor":10.0,"key":"SMITH"},{"data":"Footwork","floor":15.0,"key":"SMITH"},{"floor":23.0,"key":"RECALL"},{"floor":27.0,"key":"REST"},{"floor":29.0,"key":"REST"},{"floor":32.0,"key":"REST"},{"floor":41.0,"key":"REST"},{"floor":46.0,"key":"REST"},{"floor":49.0,"key":"REST"},{"floor":52.0,"key":"REST"}],"neow_cost":"NONE","seed_source_timestamp":0,"circlet_count":0,"master_deck":["Defend_G","Defend_G","Defend_G+1","Defend_G","Defend_G","Strike_G","Strike_G","Strike_G","Strike_G","Survivor+1","Neutralize+1","Backflip","Crippling Poison+1","Glass Knife+1","Deadly Poison","PiercingWail","Footwork+1","Sucker Punch","PiercingWail","Malaise","Caltrops","Leg Sweep","Cloak And Dagger","Deadly Poison+1","Noxious Fumes","Heel Hook+1","Dagger Spray+1","Quick Slash+1","After Image","Predator+1","After Image","Backflip+1","Leg Sweep","Poisoned Stab+1","PiercingWail+1","Deadly Poison+1"],"special_seed":0,"relics":["Ring of the Snake","War Paint","Pen Nib","Omamori","Ancient Tea Set","Fusion Hammer","ClockworkSouvenir","Bag of Preparation","Ornamental Fan","Calipers","Regal Pillow","Bag of Marbles","Calling Bell","Lantern","Molten Egg 2","Mango","Snake Skull","The Courier","Nunchaku","TwistedFunnel","Strawberry","Sundial"],"potions_floor_usage":[55,55,55],"damage_taken":[{"damage":2.0,"enemies":"Small Slimes","floor":1.0,"turns":5.0},{"damage":0.0,"enemies":"Cultist","floor":2.0,"turns":4.0},{"damage":0.0,"enemies":"2 Louse","floor":4.0,"turns":3.0},{"damage":17.0,"enemies":"Lagavulin","floor":7.0,"turns":10.0},{"damage":7.0,"enemies":"Looter","floor":8.0,"turns":3.0},{"damage":22.0,"enemies":"Gremlin Nob","floor":11.0,"turns":4.0},{"damage":2.0,"enemies":"Gremlin Gang","floor":12.0,"turns":4.0},{"damage":2.0,"enemies":"Exordium Thugs","floor":13.0,"turns":4.0},{"damage":0.0,"enemies":"Lots of Slimes","floor":14.0,"turns":4.0},{"damage":4.0,"enemies":"Hexaghost","floor":16.0,"turns":11.0},{"damage":0.0,"enemies":"3 Byrds","floor":18.0,"turns":4.0},{"damage":4.0,"enemies":"Shell Parasite","floor":20.0,"turns":7.0},{"damage":0.0,"enemies":"Snake Plant","floor":21.0,"turns":4.0},{"damage":4.0,"enemies":"Centurion and Healer","floor":22.0,"turns":8.0},{"damage":1.0,"enemies":"Book of Stabbing","floor":24.0,"turns":7.0},{"damage":0.0,"enemies":"3 Cultists","floor":25.0,"turns":6.0},{"damage":1.0,"enemies":"Slavers","floor":28.0,"turns":6.0},{"damage":0.0,"enemies":"Snake Plant","floor":30.0,"turns":5.0},{"damage":28.0,"enemies":"Champ","floor":33.0,"turns":16.0},{"damage":2.0,"enemies":"3 Shapes","floor":35.0,"turns":6.0},{"damage":5.0,"enemies":"Orb Walker","floor":36.0,"turns":3.0},{"damage":5.0,"enemies":"4 Shapes","floor":37.0,"turns":8.0},{"damage":2.0,"enemies":"Jaw Worm Horde","floor":39.0,"turns":6.0},{"damage":52.0,"enemies":"Giant Head","floor":40.0,"turns":13.0},{"damage":15.0,"enemies":"Maw","floor":42.0,"turns":9.0},{"damage":0.0,"enemies":"4 Shapes","floor":44.0,"turns":6.0},{"damage":2.0,"enemies":"Mind Bloom Boss Battle","floor":45.0,"turns":6.0},{"damage":5.0,"enemies":"Awakened One","floor":50.0,"turns":19.0},{"damage":9.0,"enemies":"Shield and Spear","floor":54.0,"turns":8.0},{"damage":65,"enemies":"The Heart","floor":55,"turns":14}],"seed_played":"5206165056966134284","potions_obtained":[{"floor":1.0,"key":"LiquidBronze"},{"floor":8.0,"key":"SpeedPotion"},{"floor":11.0,"key":"FearPotion"},{"floor":20.0,"key":"Fire Potion"},{"floor":25.0,"key":"Dexterity Potion"},{"floor":44.0,"key":"FearPotion"},{"floor":45.0,"key":"Poison Potion"}],"is_trial":false,"path_per_floor":["?","?","M","$","?","?","?"],"character_chosen":"THE_SILENT","items_purchased":["ClockworkSouvenir","Bag of Preparation","Snake Skull","TwistedFunnel","Strawberry"],"campfire_rested":7,"item_purchase_floors":[19,19,38,48,48],"current_hp_per_floor":[68,68,57,57,57,57,40,33,33,33,11,9,7,7,7,3,70,70,70,66,66,62,62,61,61,61,70,69,70,70,70,70,42,84,82,77,72,72,70,18,58,43,43,43,41,81,81,88,91,86,91,91,91,82,17],"gold":61,"neow_bonus":"RANDOM_COMMON_RELIC","is_prod":false,"is_daily":false,"chose_seed":false,"campfire_upgraded":3,"win_rate":0,"timestamp":1561965140,"path_taken":["M","M","?","M","?","R","E","M","T","R","E","?","M","M","R","BOSS","M","?","M","M","M","R","E","M","T","R","E","R","M","?","R","BOSS","M","M","M","$","M","E","R","M","T","M","?","R","?","$","R","BOSS","R","$","E","BOSS"],"build_version":"2019-01-23","purchased_purges":3,"victory":true,"max_hp_per_floor":[70,70,70,70,70,70,70,70,70,70,70,70,70,70,70,70,70,70,70,70,70,70,70,70,70,70,70,70,70,70,70,70,70,84,84,84,84,84,84,84,84,84,84,84,84,84,84,91,91,91,91,91,91,91,91],"card_choices":[{"not_picked":["Terror","Quick Slash"],"picked":"Backflip","floor":1.0},{"not_picked":["Finisher","Prepared","Concentrate"],"picked":"SKIP","floor":2.0},{"not_picked":["PiercingWail","Slice"],"picked":"Crippling Poison","floor":4.0},{"not_picked":["Night Terror","Prepared"],"picked":"Glass Knife","floor":7.0},{"not_picked":["PiercingWail","Bane"],"picked":"Deadly Poison","floor":8.0},{"not_picked":["Escape Plan","Deflect"],"picked":"PiercingWail","floor":11.0},{"not_picked":["Eviscerate","Endless Agony"],"picked":"Footwork","floor":12.0},{"not_picked":["Flechettes","All Out Attack"],"picked":"Sucker Punch","floor":13.0},{"not_picked":["Dagger Spray","Underhanded Strike"],"picked":"PiercingWail","floor":14.0},{"not_picked":["Venomology","Night Terror"],"picked":"Malaise","floor":16.0},{"not_picked":["Riddle With Holes","Heel Hook"],"picked":"Caltrops","floor":18.0},{"not_picked":["Heel Hook","Tactician"],"picked":"Leg Sweep","floor":20.0},{"not_picked":["Riddle With Holes","Setup+1"],"picked":"Cloak And Dagger","floor":21.0},{"not_picked":["Deflect+1","Flechettes"],"picked":"Deadly Poison+1","floor":22.0},{"not_picked":["Blade Dance","Flechettes"],"picked":"Noxious Fumes","floor":24.0},{"not_picked":["Blade Dance","Sucker Punch"],"picked":"Heel Hook+1","floor":25.0},{"not_picked":["Blur","Unload"],"picked":"Dagger Spray+1","floor":28.0},{"not_picked":["Dagger Throw","Acrobatics+1"],"picked":"Quick Slash+1","floor":30.0},{"not_picked":["Bullet Time","Unload"],"picked":"After Image","floor":33.0},{"not_picked":["Cloak And Dagger","Well Laid Plans"],"picked":"Predator+1","floor":35.0},{"not_picked":["Poisoned Stab+1","Backflip","Bouncing Flask"],"picked":"SKIP","floor":36.0},{"not_picked":["Tactician","Endless Agony+1"],"picked":"After Image","floor":37.0},{"not_picked":["Reflex","Bane+1"],"picked":"Backflip+1","floor":39.0},{"not_picked":["Caltrops+1","Bane+1"],"picked":"Leg Sweep","floor":40.0},{"not_picked":["Bane+1","Setup","Riddle With Holes+1"],"picked":"SKIP","floor":42.0},{"not_picked":["Expertise+1","Dodge and Roll"],"picked":"Poisoned Stab+1","floor":44.0},{"not_picked":["Dodge and Roll","Choke+1"],"picked":"PiercingWail+1","floor":45.0},{"not_picked":["Poisoned Stab+1","Heel Hook+1"],"picked":"Deadly Poison+1","floor":54.0}],"player_experience":931569,"relics_obtained":[{"floor":7.0,"key":"Pen Nib"},{"floor":9.0,"key":"Omamori"},{"floor":11.0,"key":"Ancient Tea Set"},{"floor":24.0,"key":"Ornamental Fan"},{"floor":26.0,"key":"Calipers"},{"floor":28.0,"key":"Regal Pillow"},{"floor":34.0,"key":"Lantern"},{"floor":34.0,"key":"Molten Egg 2"},{"floor":34.0,"key":"Mango"},{"floor":40.0,"key":"The Courier"},{"floor":45.0,"key":"Nunchaku"},{"floor":54.0,"key":"Sundial"}],"event_choices":[{"damage_healed":0.0,"max_hp_gain":0.0,"max_hp_loss":0.0,"gold_gain":75.0,"event_name":"World of Goop","player_choice":"Gather Gold","floor":3.0,"gold_loss":0.0,"damage_taken":11.0},{"damage_healed":0.0,"max_hp_gain":0.0,"max_hp_loss":0.0,"gold_gain":0.0,"event_name":"Upgrade Shrine","player_choice":"Upgraded","floor":5.0,"gold_loss":0.0,"damage_taken":0.0,"cards_upgraded":["Neutralize"]},{"damage_healed":0.0,"max_hp_gain":0.0,"max_hp_loss":0.0,"gold_gain":0.0,"event_name":"The Mausoleum","player_choice":"Opened","floor":31.0,"gold_loss":0.0,"damage_taken":0.0,"relics_obtained":["Bag of Marbles"],"cards_obtained":["Writhe"]},{"damage_healed":0.0,"max_hp_gain":0.0,"max_hp_loss":0.0,"gold_gain":0.0,"event_name":"MindBloom","player_choice":"Fight","floor":45.0,"gold_loss":0.0,"damage_taken":0.0},{"damage_healed":0.0,"max_hp_gain":0.0,"max_hp_loss":0.0,"gold_gain":100.0,"event_name":"Golden Shrine","player_choice":"Pray","floor":47.0,"gold_loss":0.0,"damage_taken":0.0}],"is_beta":false,"boss_relics":[{"not_picked":["Orrery","Runic Dome"],"picked":"Fusion Hammer"},{"not_picked":["Coffee Dripper","Lizard Tail"],"picked":"Calling Bell"}],"items_purged_floors":[19,38,48],"is_endless":false,"potions_floor_spawned":[1,8,11,20,25,33,37,39,44,45],"ascension_level":1}