{"gold_per_floor":[116,41,54,54,71,106,126,137,137,157,170,170,170,187,187,187],"floor_reached":16,"playtime":827,"items_purged":["Defend_G"],"score":106,"play_id":"77931424-b3bc-4ca5-bc52-26fdb0f40177","local_time":"20190423152750","is_ascension_mode":false,"campfire_choices":[{"data":"Catalyst","floor":12,"key":"SMITH"},{"data":"Crippling Poison","floor":15,"key":"SMITH"}],"neow_cost":"NONE","seed_source_timestamp":99933657059611,"circlet_count":0,"master_deck":["Defend_G","Defend_G","Defend_G","Defend_G","Strike_G","Strike_G","Strike_G","Strike_G","Strike_G","Survivor","Neutralize","Backflip","Catalyst+1","Crippling Poison+1","Bullet Time","Footwork","Backstab","Acrobatics","Eviscerate","Crippling Poison+1"],"relics":["Ring of the Snake","NeowsBlessing","Anchor","Gambling Chip"],"potions_floor_usage":[6,16,16],"damage_taken":[{"damage":0,"enemies":"Jaw Worm","floor":1,"turns":1},{"damage":0,"enemies":"2 Louse","floor":3,"turns":1},{"damage":0,"enemies":"Small Slimes","floor":5,"turns":1},{"damage":18,"enemies":"3 Sentries","floor":6,"turns":6},{"damage":11,"enemies":"Exordium Thugs","floor":7,"turns":6},{"damage":0,"enemies":"2 Fungi Beasts","floor":8,"turns":4},{"damage":0,"enemies":"Looter","floor":10,"turns":3},{"damage":8,"enemies":"Large Slime","floor":11,"turns":7},{"damage":0,"enemies":"2 Fungi Beasts","floor":14,"turns":2},{"damage":5,"enemies":"Slime Boss","floor":16,"turns":8}],"seed_played":"3553760341657815669","potions_obtained":[{"floor":1,"key":"SkillPotion"},{"floor":6,"key":"Block Potion"},{"floor":10,"key":"Fire Potion"},{"floor":11,"key":"LiquidBronze"}],"is_trial":false,"path_per_floor":["M","$","M","$","M","E","M","M","T","M","M","R","?","M","R","B"],"character_chosen":"THE_SILENT","items_purchased":[],"campfire_rested":0,"item_purchase_floors":[],"current_hp_per_floor":[70,70,70,70,70,52,41,41,41,41,33,33,33,33,33,28],"gold":187,"neow_bonus":"THREE_ENEMY_KILL","is_prod":false,"is_daily":false,"chose_seed":false,"campfire_upgraded":2,"win_rate":0,"timestamp":1556058470,"path_taken":["M","$","M","$","M","E","M","M","T","M","M","R","?","M","R","BOSS"],"build_version":"2019-04-21","purchased_purges":1,"victory":false,"max_hp_per_floor":[70,70,70,70,70,70,70,70,70,70,70,70,70,70,70,70],"card_choices":[{"not_picked":["Finisher","Deflect"],"picked":"Backflip","floor":1},{"not_picked":["Bane","Blur"],"picked":"Catalyst","floor":3},{"not_picked":["Flying Knee","Underhanded Strike"],"picked":"Crippling Poison","floor":5},{"not_picked":["Underhanded Strike","Skewer"],"picked":"Bullet Time","floor":6},{"not_picked":["Quick Slash","Calculated Gamble"],"picked":"Footwork","floor":7},{"not_picked":["Sucker Punch","Riddle With Holes"],"picked":"Backstab","floor":8},{"not_picked":["Prepared","Accuracy"],"picked":"Acrobatics","floor":10},{"not_picked":["Dagger Throw","Quick Slash"],"picked":"Eviscerate","floor":11},{"not_picked":["Predator","Bane"],"picked":"Crippling Poison","floor":14}],"player_experience":1072444,"relics_obtained":[{"floor":6,"key":"Anchor"},{"floor":9,"key":"Gambling Chip"}],"event_choices":[{"damage_healed":0,"gold_gain":0,"player_choice":"Grow","damage_taken":0,"max_hp_gain":0,"max_hp_loss":0,"event_name":"Living Wall","floor":13,"gold_loss":0,"cards_upgraded":["Crippling Poison"]}],"is_beta":true,"boss_relics":[],"items_purged_floors":[2],"is_endless":false,"potions_floor_spawned":[1,6,10,11],"killed_by":"Slime Boss","ascension_level":0}