{"gold_per_floor":[114,43,43,118,135,170,182,216,282,309,341,388,413,443,455,467],"floor_reached":16,"playtime":797,"items_purged":[],"score":114,"play_id":"d835142d-1d2a-4c08-8f7c-97af15092b69","local_time":"20190303022629","is_ascension_mode":false,"campfire_choices":[{"floor":7.0,"key":"REST"},{"floor":15,"key":"REST"}],"neow_cost":"NONE","seed_source_timestamp":0,"circlet_count":0,"master_deck":["Strike_B","Strike_B","Strike_B","Strike_B","Defend_B","Defend_B","Defend_B","Defend_B","Zap","Dualcast","Cold Snap","Self Repair","Gash","Redo","Coolheaded"],"special_seed":0,"relics":["Cracked Core","MawBank","PreservedInsect","Omamori"],"potions_floor_usage":[14,16,16],"damage_taken":[{"damage":6.0,"enemies":"Cultist","floor":1.0,"turns":3.0},{"damage":0.0,"enemies":"Small Slimes","floor":5.0,"turns":3.0},{"damage":28.0,"enemies":"Gremlin Nob","floor":6.0,"turns":4.0},{"damage":8.0,"enemies":"Jaw Worm","floor":8.0,"turns":3.0},{"damage":7,"enemies":"Blue Slaver","floor":10,"turns":4},{"damage":11,"enemies":"2 Fungi Beasts","floor":11,"turns":3},{"damage":31,"enemies":"Lagavulin","floor":12,"turns":7},{"damage":8,"enemies":"Looter","floor":13,"turns":3},{"damage":21,"enemies":"Large Slime","floor":14,"turns":7},{"damage":94,"enemies":"Hexaghost","floor":16,"turns":14}],"seed_played":"-6923656447152027442","potions_obtained":[{"floor":1.0,"key":"LiquidBronze"},{"floor":5.0,"key":"Regen Potion"},{"floor":8,"key":"SkillPotion"},{"floor":11,"key":"Regen Potion"}],"is_trial":false,"path_per_floor":["$","?","?","M"],"character_chosen":"DEFECT","items_purchased":["Self Repair"],"campfire_rested":2,"item_purchase_floors":[2],"current_hp_per_floor":[76,76,76,68,75,54,78,77,77,77,73,49,48,48,72,0],"gold":467,"neow_bonus":"TEN_PERCENT_HP_BONUS","is_prod":false,"is_daily":false,"chose_seed":false,"campfire_upgraded":0,"win_rate":0.0,"timestamp":1551576389,"path_taken":["M","?","?","?","M","E","R","M","T","M","?","E","M","M","R","BOSS"],"build_version":"2019-01-23","purchased_purges":0,"victory":false,"max_hp_per_floor":[82,82,82,82,82,82,82,82,82,82,82,82,82,82,82,82],"card_choices":[{"not_picked":["Lockon","Turbo"],"picked":"Cold Snap","floor":1.0},{"not_picked":["Redo","Beam Cell"],"picked":"Gash","floor":5.0},{"not_picked":["Turbo","Sunder","Barrage"],"picked":"SKIP","floor":6.0},{"not_picked":["Barrage","Amplify","Hologram"],"picked":"SKIP","floor":8},{"not_picked":["Doom and Gloom","Cold Snap","Sweeping Beam"],"picked":"SKIP","floor":10},{"not_picked":["Conserve Battery","Hologram"],"picked":"Redo","floor":11},{"not_picked":["Storm","Reprogram","Glacier"],"picked":"SKIP","floor":12},{"not_picked":["White Noise","Hologram","Sweeping Beam"],"picked":"SKIP","floor":13},{"not_picked":["Cold Snap","Tempest"],"picked":"Coolheaded","floor":14}],"player_experience":118961,"relics_obtained":[{"floor":6.0,"key":"MawBank"},{"floor":9,"key":"PreservedInsect"},{"floor":12,"key":"Omamori"}],"event_choices":[{"damage_healed":0.0,"max_hp_gain":0.0,"max_hp_loss":0.0,"gold_gain":0.0,"event_name":"The Cleric","player_choice":"Leave","floor":3.0,"gold_loss":0.0,"damage_taken":0.0},{"damage_healed":0.0,"max_hp_gain":0.0,"max_hp_loss":0.0,"gold_gain":75.0,"event_name":"FaceTrader","player_choice":"Touch","floor":4.0,"gold_loss":0.0,"damage_taken":8.0}],"is_beta":false,"boss_relics":[],"items_purged_floors":[],"is_endless":false,"potions_floor_spawned":[1,5,8,11,13],"killed_by":"Hexaghost","ascension_level":0}