{"gold_per_floor":[117,117,117,134,60,95,95,128,153,153,166,9,27,41,41,146,146,163,163,88,88,88,88,122,142,224,257,288,301,301,317,317,420,420,432,443,66,81,94,94,119,138,163,163,31,31,31,45,45,45],"floor_reached":51,"playtime":2412,"items_purged":[],"score":750,"play_id":"553a2970-747f-41b2-8bc8-1acb3acb8843","local_time":"20190509095256","daily_mods":["Heirloom","Red Cards","Night Terrors"],"is_ascension_mode":false,"campfire_choices":[{"data":"Neutralize","floor":7,"key":"SMITH"},{"floor":15,"key":"REST"},{"data":"Demon Form","floor":23,"key":"SMITH"},{"data":"Wraith Form v2","floor":30,"key":"SMITH"},{"data":"Adrenaline","floor":32,"key":"SMITH"},{"data":"Heavy Blade","floor":40,"key":"SMITH"},{"data":"Inflame","floor":44,"key":"SMITH"},{"data":"Armaments","floor":49,"key":"SMITH"}],"neow_cost":"","seed_source_timestamp":0,"circlet_count":0,"master_deck":["Survivor","Neutralize+1","Cloak And Dagger","Predator+1","Adrenaline+1","Corruption","Spot Weakness","Headbutt","Demon Form+1","Sentinel","Pummel","After Image","Reaper","Clothesline","Wraith Form v2+1","Thunderclap+1","Twin Strike+1","Inflame+1","Armaments+1","Choke","Calculated Gamble","Reaper","Heavy Blade+1","Dash","Anger","Battle Trance"],"special_seed":0,"relics":["Ring of the Snake","Incense Burner","Whetstone","Ancient Tea Set","War Paint","Happy Flower","Pandora\u0027s Box","Pantograph","Bottled Lightning","Red Mask","Ornamental Fan","Busted Crown","Strange Spoon","Oddly Smooth Stone","Strawberry","Centennial Puzzle"],"potions_floor_usage":[6,16,16,16,16,25,28,28,33,50,50,50],"damage_taken":[{"damage":1.0,"enemies":"Cultist","floor":1.0,"turns":4.0},{"damage":0,"enemies":"2 Louse","floor":4,"turns":4},{"damage":30,"enemies":"Lagavulin","floor":6,"turns":7},{"damage":4,"enemies":"Gremlin Nob","floor":8,"turns":4},{"damage":0,"enemies":"Small Slimes","floor":11,"turns":3},{"damage":12,"enemies":"2 Fungi Beasts","floor":13,"turns":3},{"damage":5,"enemies":"3 Louse","floor":14,"turns":4},{"damage":4,"enemies":"Hexaghost","floor":16,"turns":8},{"damage":1,"enemies":"Chosen","floor":18,"turns":4},{"damage":27,"enemies":"Book of Stabbing","floor":24,"turns":7},{"damage":8,"enemies":"3 Byrds","floor":25,"turns":4},{"damage":8,"enemies":"Masked Bandits","floor":27,"turns":3},{"damage":39,"enemies":"Gremlin Leader","floor":28,"turns":6},{"damage":0,"enemies":"Snecko","floor":29,"turns":4},{"damage":3,"enemies":"Centurion and Healer","floor":31,"turns":5},{"damage":8,"enemies":"Champ","floor":33,"turns":9},{"damage":3,"enemies":"Orb Walker","floor":35,"turns":4},{"damage":1,"enemies":"3 Shapes","floor":36,"turns":3},{"damage":5,"enemies":"Sphere and 2 Shapes","floor":38,"turns":5},{"damage":30,"enemies":"3 Darklings","floor":39,"turns":5},{"damage":2,"enemies":"Giant Head","floor":41,"turns":8},{"damage":7,"enemies":"Spire Growth","floor":42,"turns":5},{"damage":3,"enemies":"Jaw Worm Horde","floor":48,"turns":3},{"damage":20,"enemies":"Time Eater","floor":50,"turns":9}],"seed_played":"-8488940371147805906","potions_obtained":[{"floor":4,"key":"Explosive Potion"},{"floor":6,"key":"EntropicBrew"},{"floor":11,"key":"GhostInAJar"},{"floor":24,"key":"AttackPotion"},{"floor":27,"key":"LiquidBronze"},{"floor":28,"key":"Poison Potion"},{"floor":29,"key":"Dexterity Potion"},{"floor":33,"key":"AttackPotion"}],"is_trial":true,"path_per_floor":["?","?","?","M","?","?","?","?","?","?"],"character_chosen":"THE_SILENT","items_purchased":["GhostInAJar","Happy Flower","Strange Spoon","Oddly Smooth Stone","Heavy Blade","Battle Trance","Fruit Juice"],"campfire_rested":1,"item_purchase_floors":[5,12,37,37,37,45,45],"current_hp_per_floor":[69,62,67,67,67,37,37,33,33,33,33,33,21,16,70,66,70,69,56,56,75,75,75,60,64,64,56,17,29,29,58,58,67,75,75,75,75,70,61,61,66,76,76,76,76,76,76,78,78,83],"gold":45,"neow_bonus":"","is_prod":false,"is_daily":false,"chose_seed":false,"campfire_upgraded":7,"win_rate":0,"timestamp":1557388376,"path_taken":["M","?","?","M","$","E","R","E","T","?","?","$","M","M","R","BOSS","M","?","?","?","$","R","E","M","T","?","E","M","R","M","R","BOSS","M","M","$","M","M","R","E","M","T","R","$","?","?","M","R","BOSS"],"build_version":"2019-01-23","purchased_purges":0,"victory":true,"max_hp_per_floor":[70,70,75,75,75,75,75,75,75,75,75,75,75,75,70,70,70,70,75,75,75,75,75,75,75,75,75,75,75,75,75,75,75,75,75,75,75,75,75,75,82,82,82,82,82,78,78,78,78,83],"card_choices":[{"not_picked":["Twin Strike","Sever Soul"],"picked":"Cloak And Dagger","floor":1.0},{"not_picked":["Sentinel","True Grit"],"picked":"Predator","floor":4},{"not_picked":["Metallicize","Backflip"],"picked":"Adrenaline","floor":6},{"not_picked":["Pommel Strike","Eviscerate"],"picked":"Corruption","floor":8},{"not_picked":["Blood for Blood","Iron Wave"],"picked":"Spot Weakness","floor":11},{"not_picked":["Pummel","Ghostly Armor"],"picked":"Headbutt","floor":13},{"not_picked":["Outmaneuver","Infernal Blade","Twin Strike"],"picked":"SKIP","floor":14},{"not_picked":["Dark Embrace","Barricade"],"picked":"Demon Form","floor":16},{"not_picked":["Intimidate","Accuracy"],"picked":"Thunderclap+1","floor":18},{"not_picked":["Clash","Accuracy"],"picked":"Twin Strike+1","floor":24},{"not_picked":["Night Terror","Hemokinesis","Shrug It Off"],"picked":"SKIP","floor":25},{"not_picked":["Ghostly Armor","Metallicize+1"],"picked":"Inflame","floor":27},{"not_picked":["Deadly Poison+1","Dagger Throw"],"picked":"Armaments","floor":28},{"not_picked":["Deadly Poison","Disarm"],"picked":"Choke","floor":29},{"not_picked":["Reflex","Catalyst"],"picked":"Calculated Gamble","floor":31},{"not_picked":["Phantasmal Killer","Brutality"],"picked":"Reaper","floor":33},{"not_picked":["Poisoned Stab"],"picked":"SKIP","floor":35},{"not_picked":["Accuracy"],"picked":"SKIP","floor":36},{"not_picked":["Warcry"],"picked":"SKIP","floor":38},{"not_picked":[],"picked":"Dash","floor":39},{"not_picked":[],"picked":"Anger","floor":41},{"not_picked":["Body Slam+1"],"picked":"SKIP","floor":42},{"not_picked":["Quick Slash"],"picked":"SKIP","floor":48}],"player_experience":596737,"relics_obtained":[{"floor":6,"key":"Whetstone"},{"floor":8,"key":"Ancient Tea Set"},{"floor":9,"key":"War Paint"},{"floor":24,"key":"Pantograph"},{"floor":26,"key":"Bottled Lightning"},{"floor":27,"key":"Red Mask"},{"floor":28,"key":"Ornamental Fan"},{"floor":41,"key":"Strawberry"},{"floor":43,"key":"Centennial Puzzle"}],"event_choices":[{"cards_removed":["Strike_G"],"damage_healed":0.0,"max_hp_gain":0.0,"max_hp_loss":0.0,"gold_gain":0.0,"event_name":"Golden Wing","player_choice":"Card Removal","floor":2.0,"gold_loss":0.0,"damage_taken":7.0},{"damage_healed":0.0,"max_hp_gain":5.0,"max_hp_loss":0.0,"gold_gain":0.0,"event_name":"Big Fish","player_choice":"Donut","floor":3.0,"gold_loss":0.0,"damage_taken":0.0},{"cards_removed":["Strike_G"],"damage_healed":0,"gold_gain":0,"player_choice":"Purged","damage_taken":0,"max_hp_gain":0,"max_hp_loss":0,"event_name":"Purifier","floor":10,"gold_loss":0},{"damage_healed":0,"gold_gain":0,"player_choice":"Shed Blood","damage_taken":18,"max_hp_gain":5,"max_hp_loss":0,"event_name":"Forgotten Altar","floor":19,"gold_loss":0},{"cards_removed":["Underhanded Strike"],"damage_healed":0,"gold_gain":0,"player_choice":"Gave Gold","damage_taken":0,"max_hp_gain":0,"max_hp_loss":0,"event_name":"Beggar","floor":20,"gold_loss":75},{"damage_healed":25,"gold_gain":0,"player_choice":"Heal","damage_taken":0,"max_hp_gain":0,"max_hp_loss":0,"event_name":"The Library","floor":21,"gold_loss":0},{"damage_healed":0,"gold_gain":0,"player_choice":"Fought Bandits","damage_taken":0,"max_hp_gain":0,"max_hp_loss":0,"event_name":"Masked Bandits","floor":27,"gold_loss":0},{"damage_healed":0,"gold_gain":0,"player_choice":"Max HP","damage_taken":0,"max_hp_gain":0,"max_hp_loss":4,"event_name":"Winding Halls","floor":46,"gold_loss":0},{"cards_removed":["Inflame"],"damage_healed":0,"gold_gain":0,"player_choice":"Removed Power","damage_taken":0,"max_hp_gain":0,"max_hp_loss":0,"event_name":"Falling","floor":47,"gold_loss":0}],"is_beta":false,"boss_relics":[{"not_picked":["Snecko Eye","Lizard Tail"],"picked":"Pandora\u0027s Box"},{"not_picked":["Eternal Feather","Runic Pyramid"],"picked":"Busted Crown"}],"items_purged_floors":[],"is_endless":false,"potions_floor_spawned":[4,6,11,13,14,24,27,28,29,33,36,41,48],"ascension_level":0}