{"gold_per_floor":[15,115,126,54,117,117,135,135,181,208,208,241,0,13,13,115,115,82,95,105,204,204,204,232,232,232,232,243,257,282,311,311,406,406,419,471,481,499,72,72,100,100,100,100,120,120,81,95,95,95,95,95,50,50],"floor_reached":54,"playtime":3535,"items_purged":["Strike_G"],"score":826,"play_id":"b6201511-60ba-49a9-ae30-389ba43828a6","local_time":"20190701113149","is_ascension_mode":true,"campfire_choices":[{"data":"Neutralize","floor":6,"key":"SMITH"},{"data":"Footwork","floor":8,"key":"SMITH"},{"data":"Well Laid Plans","floor":11,"key":"SMITH"},{"data":"Deadly Poison","floor":15,"key":"SMITH"},{"data":"Leg Sweep","floor":23,"key":"SMITH"},{"data":"Predator","floor":25,"key":"SMITH"},{"data":"Glass Knife","floor":27,"key":"SMITH"},{"data":"Dash","floor":32,"key":"SMITH"},{"floor":40,"key":"RECALL"},{"data":"Dash","floor":44,"key":"SMITH"},{"data":"Wraith Form v2","floor":49,"key":"SMITH"},{"data":"Bouncing Flask","floor":52,"key":"SMITH"}],"neow_cost":"NO_GOLD","seed_source_timestamp":9910004771503,"circlet_count":0,"master_deck":["Defend_G","Defend_G","Defend_G","Defend_G","Defend_G","Strike_G","Survivor","Neutralize+1","Calculated Gamble","Dagger Throw","Predator+1","Footwork+1","Well Laid Plans+1","Deadly Poison+1","Deflect","Leg Sweep+1","Die Die Die","Backflip","Riddle With Holes","Glass Knife+1","PiercingWail","Dash+1","Eviscerate","After Image","Phantasmal Killer","Dash+1","Parasite","Bouncing Flask+1","Wraith Form v2+1","PiercingWail"],"relics":["Ring of the Snake","Blood Vial","Bottled Lightning","Pear","Medical Kit","Snecko Eye","Ancient Tea Set","Dodecahedron","Boot","Red Mask","Cursed Key","Turnip","ClockworkSouvenir","Vajra"],"potions_floor_usage":[10,30,30,33],"damage_taken":[{"damage":8,"enemies":"Jaw Worm","floor":1,"turns":8},{"damage":6,"enemies":"Cultist","floor":3,"turns":6},{"damage":0,"enemies":"Small Slimes","floor":7,"turns":2},{"damage":4,"enemies":"Lagavulin","floor":10,"turns":6},{"damage":19,"enemies":"Gremlin Nob","floor":12,"turns":4},{"damage":1,"enemies":"Blue Slaver","floor":14,"turns":4},{"damage":0,"enemies":"Hexaghost","floor":16,"turns":13},{"damage":11,"enemies":"2 Thieves","floor":18,"turns":5},{"damage":0,"enemies":"Chosen","floor":19,"turns":7},{"damage":8,"enemies":"Shelled Parasite and Fungi","floor":20,"turns":7},{"damage":0,"enemies":"Book of Stabbing","floor":24,"turns":6},{"damage":0,"enemies":"Sentry and Sphere","floor":28,"turns":5},{"damage":3,"enemies":"Snake Plant","floor":29,"turns":7},{"damage":4,"enemies":"Slavers","floor":30,"turns":6},{"damage":4,"enemies":"Masked Bandits","floor":31,"turns":3},{"damage":16,"enemies":"Champ","floor":33,"turns":10},{"damage":0,"enemies":"3 Shapes","floor":35,"turns":4},{"damage":0,"enemies":"2 Orb Walkers","floor":36,"turns":4},{"damage":0,"enemies":"3 Darklings","floor":37,"turns":4},{"damage":0,"enemies":"Maw","floor":38,"turns":8},{"damage":21,"enemies":"Nemesis","floor":41,"turns":8},{"damage":0,"enemies":"Spire Growth","floor":45,"turns":5},{"damage":17,"enemies":"4 Shapes","floor":48,"turns":5},{"damage":32,"enemies":"Awakened One","floor":50,"turns":18},{"damage":88,"enemies":"Shield and Spear","floor":54,"turns":8}],"seed_played":"8912532978481642018","potions_obtained":[{"floor":3,"key":"AttackPotion"},{"floor":10,"key":"Fruit Juice"},{"floor":12,"key":"AttackPotion"},{"floor":14,"key":"Explosive Potion"},{"floor":16,"key":"Energy Potion"},{"floor":33,"key":"Energy Potion"},{"floor":35,"key":"Dexterity Potion"},{"floor":41,"key":"Ancient Potion"}],"is_trial":false,"path_per_floor":["?","$","?","?","?","M","?","?","T","T"],"character_chosen":"THE_SILENT","items_purchased":["Predator","Medical Kit","Deflect","Phantasmal Killer","ClockworkSouvenir","Bouncing Flask","PiercingWail"],"campfire_rested":0,"item_purchase_floors":[4,13,13,39,39,47,53],"current_hp_per_floor":[62,62,56,56,56,56,56,56,56,54,54,47,47,48,48,50,80,69,71,65,65,65,65,67,67,67,67,69,68,66,64,64,55,85,85,85,85,85,85,85,64,64,64,64,66,66,66,51,51,21,85,85,85,0],"gold":50,"neow_bonus":"REMOVE_TWO","is_prod":false,"is_daily":false,"chose_seed":false,"campfire_upgraded":11,"win_rate":0,"timestamp":1561973509,"path_taken":["M","?","M","?","?","R","M","R","T","E","R","E","$","M","R","BOSS","M","M","M","?","?","R","E","R","T","R","M","?","E","?","R","BOSS","M","?","M","M","$","R","E","?","T","R","M","?","$","M","R","BOSS","R","$","E"],"build_version":"2019-01-23","purchased_purges":1,"victory":false,"max_hp_per_floor":[70,70,70,70,70,70,70,70,70,70,70,80,80,80,80,80,80,80,80,80,80,80,80,80,80,80,80,80,80,80,80,80,85,85,85,85,85,85,85,85,85,85,85,85,85,85,85,85,85,85,85,85,85,85],"card_choices":[{"not_picked":["Bane","Blur"],"picked":"Calculated Gamble","floor":1},{"not_picked":["Concentrate","Riddle With Holes"],"picked":"Dagger Throw","floor":3},{"not_picked":["Flechettes","Bane"],"picked":"Footwork","floor":7},{"not_picked":["Tactician","Bane"],"picked":"Well Laid Plans","floor":10},{"not_picked":["Outmaneuver","Blade Dance"],"picked":"Deadly Poison","floor":12},{"not_picked":["Acrobatics","Cloak And Dagger"],"picked":"Leg Sweep","floor":14},{"not_picked":["Night Terror","Malaise"],"picked":"Die Die Die","floor":16},{"not_picked":["Well Laid Plans","Infinite Blades"],"picked":"Backflip","floor":18},{"not_picked":["Acrobatics","Crippling Poison"],"picked":"Riddle With Holes","floor":19},{"not_picked":["Deadly Poison","Deflect+1","Sucker Punch"],"picked":"SKIP","floor":20},{"not_picked":["Dodge and Roll","All Out Attack"],"picked":"Glass Knife","floor":24},{"not_picked":["Acrobatics","Deflect"],"picked":"PiercingWail","floor":28},{"not_picked":["Slice","Deflect"],"picked":"Dash","floor":29},{"not_picked":["Bane","Tactician"],"picked":"Eviscerate","floor":30},{"not_picked":["Die Die Die","Adrenaline"],"picked":"After Image","floor":33},{"not_picked":["Slice+1","Bane","Cloak And Dagger"],"picked":"SKIP","floor":35},{"not_picked":["Escape Plan","Acrobatics+1","Dodge and Roll+1"],"picked":"SKIP","floor":37},{"not_picked":["Flying Knee+1","Cloak And Dagger+1","Quick Slash"],"picked":"SKIP","floor":38},{"not_picked":["Expertise","Slice"],"picked":"Dash","floor":41},{"not_picked":["Acrobatics","Well Laid Plans","Blade Dance+1"],"picked":"SKIP","floor":45},{"not_picked":["Underhanded Strike","Deadly Poison+1"],"picked":"Wraith Form v2","floor":48}],"player_experience":939088,"relics_obtained":[{"floor":9,"key":"Blood Vial"},{"floor":10,"key":"Bottled Lightning"},{"floor":12,"key":"Pear"},{"floor":24,"key":"Ancient Tea Set"},{"floor":26,"key":"Dodecahedron"},{"floor":30,"key":"Boot"},{"floor":31,"key":"Red Mask"},{"floor":36,"key":"Turnip"},{"floor":41,"key":"Vajra"}],"event_choices":[{"damage_healed":0,"gold_gain":100,"player_choice":"Gold","damage_taken":0,"max_hp_gain":0,"max_hp_loss":0,"event_name":"Wheel of Change","floor":2,"gold_loss":0},{"damage_healed":0,"gold_gain":63,"player_choice":"Gained Gold","damage_taken":0,"max_hp_gain":0,"max_hp_loss":0,"event_name":"Golden Wing","floor":5,"gold_loss":0},{"damage_healed":0,"gold_gain":99,"player_choice":"Stole From Cult","damage_taken":0,"max_hp_gain":0,"max_hp_loss":0,"event_name":"Nest","floor":21,"gold_loss":0},{"cards_removed":["Strike_G"],"damage_healed":0,"gold_gain":0,"player_choice":"Purged","damage_taken":0,"max_hp_gain":0,"max_hp_loss":0,"event_name":"Purifier","floor":22,"gold_loss":0},{"damage_healed":0,"gold_gain":0,"player_choice":"Fought Bandits","damage_taken":0,"max_hp_gain":0,"max_hp_loss":0,"event_name":"Masked Bandits","floor":31,"gold_loss":0},{"damage_healed":0,"gold_gain":0,"player_choice":"Fight","damage_taken":0,"max_hp_gain":0,"max_hp_loss":0,"event_name":"Mysterious Sphere","floor":36,"gold_loss":0}],"is_beta":false,"boss_relics":[{"not_picked":["Calling Bell","Sozu"],"picked":"Snecko Eye"},{"not_picked":["Orrery","White Beast Statue"],"picked":"Cursed Key"}],"items_purged_floors":[39],"is_endless":false,"potions_floor_spawned":[3,10,12,14,16,24,29,33,35,41,48],"killed_by":"Shield and Spear","ascension_level":1}