{"gold_per_floor":[209,220,17,37,11,11,24,42,67,67,22,22,22,41,41,140,140,156,156,166,166,176,176,188,188,188,188,203,203,49,64,64,64],"floor_reached":33,"playtime":2613,"items_purged":[],"score":239,"play_id":"b362638a-20be-4702-8f16-a76875a6e6db","local_time":"20190310032408","is_ascension_mode":false,"campfire_choices":[{"data":"Genetic Algorithm","floor":6,"key":"SMITH"},{"floor":13,"key":"REST"},{"floor":15,"key":"REST"},{"floor":23,"key":"REST"},{"data":"Machine Learning","floor":25,"key":"SMITH"},{"floor":27,"key":"REST"},{"floor":32,"key":"REST"}],"neow_cost":"NONE","seed_source_timestamp":20930048476588,"circlet_count":0,"master_deck":["Strike_B+1","Strike_B+1","Strike_B+1","Strike_B+1","Defend_B+1","Defend_B+1","Defend_B+1","Defend_B+1","Zap","Dualcast","Capacitor","Genetic Algorithm+1","Cold Snap","Cold Snap","Gash","Conserve Battery","Machine Learning+1","Conserve Battery+1","Coolheaded+1"],"relics":["Cracked Core","TheAbacus","Blood Vial","Happy Flower","Inserter","Vajra","Meat on the Bone","Regal Pillow"],"potions_floor_usage":[16,20,31,31],"damage_taken":[{"damage":1,"enemies":"Cultist","floor":1,"turns":3},{"damage":4,"enemies":"Jaw Worm","floor":2,"turns":4},{"damage":2,"enemies":"Small Slimes","floor":4,"turns":3},{"damage":1,"enemies":"Blue Slaver","floor":7,"turns":5},{"damage":3,"enemies":"Looter","floor":8,"turns":3},{"damage":7,"enemies":"Red Slaver","floor":14,"turns":3},{"damage":35,"enemies":"Hexaghost","floor":16,"turns":12},{"damage":0,"enemies":"Chosen","floor":18,"turns":6},{"damage":10,"enemies":"3 Byrds","floor":20,"turns":4},{"damage":15,"enemies":"Sentry and Sphere","floor":22,"turns":7},{"damage":10,"enemies":"Snecko","floor":24,"turns":8},{"damage":20,"enemies":"Shelled Parasite and Fungi","floor":28,"turns":10},{"damage":10,"enemies":"3 Cultists","floor":31,"turns":6},{"damage":99,"enemies":"Champ","floor":33,"turns":21}],"seed_played":"-2889782856248593827","potions_obtained":[{"floor":1,"key":"Energy Potion"},{"floor":2,"key":"Explosive Potion"},{"floor":18,"key":"Explosive Potion"},{"floor":24,"key":"AttackPotion"},{"floor":28,"key":"Poison Potion"}],"is_trial":false,"path_per_floor":["?","?","?","T","M","?"],"character_chosen":"DEFECT","items_purchased":["TheAbacus","Cold Snap","Gash","Regal Pillow"],"campfire_rested":5,"item_purchase_floors":[3,5,11,30],"current_hp_per_floor":[74,70,70,68,68,68,67,64,64,49,49,49,71,66,75,40,75,75,75,65,65,52,74,65,65,65,75,55,55,55,47,75,0],"gold":64,"neow_bonus":"HUNDRED_GOLD","is_prod":false,"is_daily":false,"chose_seed":false,"campfire_upgraded":2,"win_rate":0.0,"timestamp":1552184648,"path_taken":["M","M","$","M","$","R","M","M","T","?","$","?","R","M","R","BOSS","M","?","M","?","M","R","?","R","T","R","M","?","$","M","R","BOSS"],"build_version":"2019-01-23","purchased_purges":0,"victory":false,"max_hp_per_floor":[75,75,75,75,75,75,75,75,75,75,75,75,75,75,75,75,75,75,75,75,75,75,75,75,75,75,75,75,75,75,75,75,75],"card_choices":[{"not_picked":["White Noise","Steam"],"picked":"Capacitor","floor":1},{"not_picked":["Capacitor","Go for the Eyes","Beam Cell"],"picked":"SKIP","floor":2},{"not_picked":["Streamline","Recycle"],"picked":"Genetic Algorithm","floor":4},{"not_picked":["Ball Lightning","Sweeping Beam"],"picked":"Cold Snap","floor":7},{"not_picked":["Go for the Eyes","Compile Driver","Darkness"],"picked":"SKIP","floor":8},{"not_picked":["Rebound","Chaos"],"picked":"Conserve Battery","floor":14},{"not_picked":["Amplify","Multi-Cast"],"picked":"Machine Learning","floor":16},{"not_picked":["Streamline","Compile Driver+1","Stack+1"],"picked":"SKIP","floor":18},{"not_picked":["Doom and Gloom","Redo"],"picked":"Conserve Battery+1","floor":20},{"not_picked":["Rebound","Sunder","White Noise"],"picked":"SKIP","floor":22},{"not_picked":["Hologram","Leap","Beam Cell"],"picked":"SKIP","floor":24},{"not_picked":["Recycle","All For One","Rebound"],"picked":"SKIP","floor":28},{"not_picked":["Skim","Reprogram"],"picked":"Coolheaded+1","floor":31}],"player_experience":139486,"relics_obtained":[{"floor":9,"key":"Blood Vial"},{"floor":21,"key":"Vajra"},{"floor":26,"key":"Meat on the Bone"}],"event_choices":[{"damage_healed":0,"gold_gain":0,"player_choice":"Entered Light","damage_taken":15,"max_hp_gain":0,"max_hp_loss":0,"event_name":"Shining Light","floor":10,"gold_loss":0,"cards_upgraded":["Strike_B","Defend_B"]},{"damage_healed":0,"gold_gain":0,"player_choice":"Gave Potion","damage_taken":0,"relics_obtained":["Happy Flower"],"max_hp_gain":0,"max_hp_loss":0,"event_name":"WeMeetAgain","floor":12,"gold_loss":0},{"damage_healed":0,"gold_gain":0,"player_choice":"Ignored","damage_taken":0,"max_hp_gain":0,"max_hp_loss":0,"event_name":"Ghosts","floor":19,"gold_loss":0},{"damage_healed":0,"gold_gain":0,"player_choice":"Simplicity","damage_taken":0,"max_hp_gain":0,"max_hp_loss":0,"event_name":"Back to Basics","floor":29,"gold_loss":0,"cards_upgraded":["Strike_B","Strike_B","Strike_B","Defend_B","Defend_B","Defend_B"]}],"is_beta":false,"boss_relics":[{"not_picked":["Busted Crown","Black Star"],"picked":"Inserter"}],"items_purged_floors":[],"is_endless":false,"potions_floor_spawned":[1,2,18,24,28],"killed_by":"Champ","ascension_level":0}