{"gold_per_floor":[117,136,155,155,3,3,39,39,39,73,73,73,73,92,92,211,211,235,235,54,67,86,86,86,86,113,128,143,158,158,188,188,288,288,301,318,318,337,351,351],"floor_reached":40,"playtime":2714,"items_purged":["Strike_B","Strike_B"],"score":465,"play_id":"a246f576-51c8-4407-88b1-e280a778e970","local_time":"20190510154441","is_ascension_mode":true,"campfire_choices":[{"data":"Defragment","floor":6.0,"key":"SMITH"},{"data":"Zap","floor":8.0,"key":"SMITH"},{"data":"Coolheaded","floor":11.0,"key":"SMITH"},{"data":"Forethought","floor":15,"key":"SMITH"},{"data":"Fission","floor":23,"key":"SMITH"},{"data":"Darkness","floor":25,"key":"SMITH"},{"data":"Self Repair","floor":30,"key":"SMITH"},{"data":"Redo","floor":32,"key":"SMITH"}],"neow_cost":"NONE","seed_source_timestamp":0,"circlet_count":0,"master_deck":["Strike_B","Defend_B","Defend_B","Defend_B","Defend_B","Zap+1","Dualcast","Steam","Glacier","Defragment+1","Coolheaded+1","Cold Snap","Forethought+1","Zap","Fission+1","Echo Form","Ball Lightning","Self Repair+1","Darkness+1","Scrape+1","Turbo","FTL+1","Redo+1","Creative AI","Ball Lightning+1","Go for the Eyes+1"],"special_seed":0,"relics":["Cracked Core","Regal Pillow","Bloody Idol","Incense Burner","Bottled Tornado","Bag of Marbles","Runic Pyramid","Pen Nib","Dead Branch","Nuclear Battery"],"potions_floor_usage":[27,29,38,40],"damage_taken":[{"damage":1.0,"enemies":"Cultist","floor":1.0,"turns":3.0},{"damage":2.0,"enemies":"Jaw Worm","floor":2.0,"turns":3.0},{"damage":2.0,"enemies":"Small Slimes","floor":3.0,"turns":3.0},{"damage":5.0,"enemies":"Lagavulin","floor":7.0,"turns":9.0},{"damage":0.0,"enemies":"3 Sentries","floor":10.0,"turns":5.0},{"damage":1,"enemies":"Exordium Thugs","floor":14,"turns":5},{"damage":11,"enemies":"The Guardian","floor":16,"turns":17},{"damage":2,"enemies":"Shell Parasite","floor":18,"turns":6},{"damage":10,"enemies":"Chosen","floor":21,"turns":4},{"damage":2,"enemies":"Centurion and Healer","floor":22,"turns":8},{"damage":0,"enemies":"Shelled Parasite and Fungi","floor":27,"turns":6},{"damage":0,"enemies":"Snake Plant","floor":28,"turns":4},{"damage":14,"enemies":"3 Cultists","floor":29,"turns":6},{"damage":8,"enemies":"Book of Stabbing","floor":31,"turns":5},{"damage":25,"enemies":"Collector","floor":33,"turns":10},{"damage":22,"enemies":"3 Shapes","floor":35,"turns":5},{"damage":35,"enemies":"3 Darklings","floor":36,"turns":6},{"damage":4,"enemies":"Spire Growth","floor":38,"turns":5},{"damage":11,"enemies":"Transient","floor":39,"turns":5},{"damage":71,"enemies":"Reptomancer","floor":40,"turns":6}],"seed_played":"3924311127205656013","potions_obtained":[{"floor":1.0,"key":"Explosive Potion"},{"floor":3.0,"key":"Ancient Potion"},{"floor":7.0,"key":"Weak Potion"},{"floor":10.0,"key":"Block Potion"},{"floor":29,"key":"Energy Potion"},{"floor":36,"key":"Block Potion"}],"is_trial":false,"path_per_floor":["?","$","?","M","?","M","?","?"],"character_chosen":"DEFECT","items_purchased":["Defragment","Self Repair"],"campfire_rested":0,"item_purchase_floors":[5,20],"current_hp_per_floor":[74,72,70,69,69,69,64,64,64,64,64,64,64,63,63,52,69,67,67,67,69,69,69,69,69,69,69,69,69,69,69,69,59,69,69,59,59,69,69,0],"gold":351,"neow_bonus":"RANDOM_COMMON_RELIC","is_prod":false,"is_daily":false,"chose_seed":false,"campfire_upgraded":8,"win_rate":0,"timestamp":1557495881,"path_taken":["M","M","M","?","$","R","E","R","T","E","R","?","?","?","R","BOSS","M","?","$","?","M","R","?","R","T","M","M","M","R","E","R","BOSS","M","M","?","M","M","E"],"build_version":"2019-01-23","purchased_purges":2,"victory":false,"max_hp_per_floor":[75,75,75,69,69,69,69,69,69,69,69,69,69,69,69,69,69,69,69,69,69,69,69,69,69,69,69,69,69,69,69,69,69,69,69,69,69,69,69,69],"card_choices":[{"not_picked":["Steam Power","Auto Shields"],"picked":"Steam","floor":1.0},{"not_picked":["Beam Cell","Scrape","Streamline"],"picked":"SKIP","floor":2.0},{"not_picked":["Go for the Eyes","Ball Lightning"],"picked":"Glacier","floor":3.0},{"not_picked":["Storm","Steam"],"picked":"Coolheaded","floor":7.0},{"not_picked":["Storm","Sweeping Beam"],"picked":"Cold Snap","floor":10.0},{"not_picked":["Blizzard","Storm","Barrage"],"picked":"SKIP","floor":14},{"not_picked":["Amplify","Creative AI"],"picked":"Echo Form","floor":16},{"not_picked":["Beam Cell+1","Streamline"],"picked":"Ball Lightning","floor":18},{"not_picked":["Storm","Streamline"],"picked":"Darkness","floor":21},{"not_picked":["Auto Shields","Blizzard+1"],"picked":"Scrape+1","floor":22},{"not_picked":["Compile Driver+1","Darkness"],"picked":"Turbo","floor":27},{"not_picked":["Steam","Darkness"],"picked":"FTL+1","floor":28},{"not_picked":["Rebound","Turbo","Fusion"],"picked":"SKIP","floor":29},{"not_picked":["Reboot","Ball Lightning"],"picked":"Redo","floor":31},{"not_picked":["Fission","Rainbow"],"picked":"Creative AI","floor":33},{"not_picked":["Genetic Algorithm+1","Compile Driver","Ball Lightning"],"picked":"SKIP","floor":35},{"not_picked":["Barrage","Sweeping Beam"],"picked":"Ball Lightning+1","floor":36},{"not_picked":["Cold Snap","Stack+1"],"picked":"Go for the Eyes+1","floor":38},{"not_picked":["Blizzard+1","Hologram","Doom and Gloom"],"picked":"SKIP","floor":39}],"player_experience":639510,"relics_obtained":[{"floor":7.0,"key":"Incense Burner"},{"floor":9.0,"key":"Bottled Tornado"},{"floor":10.0,"key":"Bag of Marbles"},{"floor":26,"key":"Pen Nib"},{"floor":31,"key":"Dead Branch"}],"event_choices":[{"damage_healed":0.0,"max_hp_gain":0.0,"max_hp_loss":6.0,"gold_gain":0.0,"event_name":"Golden Idol","player_choice":"Lose Max HP","floor":4.0,"gold_loss":0.0,"damage_taken":0.0,"relics_obtained":["Golden Idol"]},{"damage_healed":0,"gold_gain":0,"player_choice":"3 cards matched","damage_taken":0,"max_hp_gain":0,"max_hp_loss":0,"event_name":"Match and Keep!","floor":13,"gold_loss":0,"cards_obtained":["Forethought","Zap","Fission"]},{"cards_removed":["Strike_B"],"damage_healed":0,"gold_gain":0,"player_choice":"Offered Basic","damage_taken":0,"max_hp_gain":0,"max_hp_loss":0,"event_name":"Bonfire Elementals","floor":19,"gold_loss":0},{"damage_healed":0,"gold_gain":0,"player_choice":"Gave Idol","damage_taken":0,"relics_obtained":["Bloody Idol"],"max_hp_gain":0,"max_hp_loss":0,"event_name":"Forgotten Altar","floor":24,"relics_lost":["Golden Idol"],"gold_loss":0},{"damage_healed":0,"gold_gain":0,"player_choice":"Memory 1","damage_taken":0,"max_hp_gain":0,"max_hp_loss":0,"event_name":"SensoryStone","floor":37,"gold_loss":0}],"is_beta":false,"boss_relics":[{"not_picked":["Tiny House","Philosopher\u0027s Stone"],"picked":"Runic Pyramid"},{"not_picked":["Lizard Tail","Empty Cage"],"picked":"Nuclear Battery"}],"items_purged_floors":[5,20],"is_endless":false,"potions_floor_spawned":[1,3,7,10,18,21,22,29,36],"killed_by":"Reptomancer","ascension_level":1}