{"gold_per_floor":[111,111,122,122,133,133,153,153,203,221,221,221,21,21,21,124,124,113,38,49,49,63,63,80,95,149,163,163,175,175,186,186,186],"floor_reached":33,"playtime":1759,"items_purged":["Defend_B"],"score":241,"play_id":"f644164a-fde3-46e2-919b-0002b462c62b","local_time":"20190302013631","is_ascension_mode":false,"campfire_choices":[{"data":"Zap","floor":6,"key":"SMITH"},{"floor":8,"key":"REST"},{"data":"Dualcast","floor":12,"key":"SMITH"},{"data":"Stack","floor":15,"key":"SMITH"},{"floor":23,"key":"REST"},{"floor":30,"key":"REST"},{"floor":32,"key":"REST"}],"neow_cost":"NONE","seed_source_timestamp":0,"circlet_count":0,"master_deck":["Strike_B","Strike_B","Strike_B","Strike_B","Defend_B","Defend_B","Defend_B","Zap+1","Dualcast+1","Ball Lightning","Conserve Battery","Stack+1","Machine Learning","BootSequence","Gash","Gash+1","Cold Snap+1"],"special_seed":0,"relics":["Cracked Core","Oddly Smooth Stone","Pen Nib","Runic Capacitor","Lantern"],"potions_floor_usage":[16,16,20,25,27],"damage_taken":[{"damage":1.0,"enemies":"2 Louse","floor":1.0,"turns":2.0},{"damage":10.0,"enemies":"Cultist","floor":3.0,"turns":4.0},{"damage":6.0,"enemies":"Jaw Worm","floor":5.0,"turns":2.0},{"damage":6,"enemies":"Exordium Thugs","floor":7,"turns":4},{"damage":4,"enemies":"Blue Slaver","floor":10,"turns":3},{"damage":40,"enemies":"Hexaghost","floor":16,"turns":10},{"damage":20,"enemies":"2 Thieves","floor":18,"turns":4},{"damage":10,"enemies":"Spheric Guardian","floor":20,"turns":4},{"damage":13,"enemies":"Snecko","floor":22,"turns":6},{"damage":12,"enemies":"Shelled Parasite and Fungi","floor":24,"turns":8},{"damage":8,"enemies":"Snake Plant","floor":25,"turns":5},{"damage":25,"enemies":"Snecko","floor":27,"turns":7},{"damage":17,"enemies":"Chosen and Byrds","floor":29,"turns":6},{"damage":13,"enemies":"Snake Plant","floor":31,"turns":5},{"damage":67,"enemies":"Collector","floor":33,"turns":11}],"seed_played":"-2519492712650563944","potions_obtained":[{"floor":3.0,"key":"LiquidBronze"},{"floor":7,"key":"AttackPotion"},{"floor":16,"key":"SneckoOil"},{"floor":18,"key":"Explosive Potion"},{"floor":20,"key":"Weak Potion"},{"floor":25,"key":"FairyPotion"},{"floor":27,"key":"Energy Potion"}],"is_trial":false,"path_per_floor":["?","M","M","?","$","?","?"],"character_chosen":"DEFECT","items_purchased":["Runic Capacitor"],"campfire_rested":4,"item_purchase_floors":[13],"current_hp_per_floor":[81,81,71,71,65,65,59,82,82,78,78,78,78,78,78,38,82,62,62,52,52,39,63,51,43,43,18,18,1,25,12,36,0],"gold":186,"neow_bonus":"TEN_PERCENT_HP_BONUS","is_prod":false,"is_daily":false,"chose_seed":false,"campfire_upgraded":3,"win_rate":0.0,"timestamp":1551486991,"path_taken":["M","$","M","?","?","R","?","R","T","M","?","R","?","$","R","BOSS","M","$","M","?","M","R","M","M","T","M","?","M","R","M","R","BOSS"],"build_version":"2019-01-23","purchased_purges":1,"victory":false,"max_hp_per_floor":[82,82,82,82,82,82,82,82,82,82,82,82,82,82,82,82,82,82,82,82,82,82,82,82,82,82,82,82,82,82,82,82,82],"card_choices":[{"not_picked":["Sweeping Beam","Turbo","Go for the Eyes"],"picked":"SKIP","floor":1.0},{"not_picked":["Beam Cell","Go for the Eyes"],"picked":"Ball Lightning","floor":3.0},{"not_picked":["Go for the Eyes","Coolheaded"],"picked":"Conserve Battery","floor":5.0},{"not_picked":["Doom and Gloom","Streamline","Hello World"],"picked":"SKIP","floor":7},{"not_picked":["Hello World","Recycle"],"picked":"Stack","floor":10},{"not_picked":["Rainbow","Creative AI"],"picked":"Machine Learning","floor":16},{"not_picked":["Skim+1","Hello World+1"],"picked":"BootSequence","floor":18},{"not_picked":["Consume+1","Ball Lightning","Steam"],"picked":"SKIP","floor":20},{"not_picked":["Rebound","Conserve Battery+1"],"picked":"Gash","floor":22},{"not_picked":["Heatsinks","Coolheaded","Glacier"],"picked":"SKIP","floor":24},{"not_picked":["Storm","All For One"],"picked":"Gash+1","floor":25},{"not_picked":["Conserve Battery","Chaos","Hologram"],"picked":"SKIP","floor":27},{"not_picked":["All For One","Barrage"],"picked":"Cold Snap+1","floor":29},{"not_picked":["Heatsinks+1","Leap","Steam"],"picked":"SKIP","floor":31}],"player_experience":115197,"relics_obtained":[{"floor":9,"key":"Oddly Smooth Stone"},{"floor":26,"key":"Lantern"}],"event_choices":[{"damage_healed":0.0,"max_hp_gain":0.0,"max_hp_loss":0.0,"gold_gain":0.0,"event_name":"NoteForYourself","player_choice":"Ignored","floor":4.0,"gold_loss":0.0,"damage_taken":0.0},{"damage_healed":0,"gold_gain":0,"player_choice":"Searched \u00271\u0027 times","damage_taken":0,"relics_obtained":["Pen Nib"],"max_hp_gain":0,"max_hp_loss":0,"event_name":"Dead Adventurer","floor":11,"gold_loss":0},{"damage_healed":0,"gold_gain":0,"player_choice":"Ignored","damage_taken":0,"max_hp_gain":0,"max_hp_loss":0,"event_name":"Cursed Tome","floor":28,"gold_loss":0}],"is_beta":false,"boss_relics":[{"not_picked":["Sozu","Philosopher\u0027s Stone","Velvet Choker"]}],"items_purged_floors":[19],"is_endless":false,"potions_floor_spawned":[3,7,16,18,20,25,27],"killed_by":"Collector","ascension_level":0}