{"gold_per_floor":[111,131,111,125,142,171,184,184,237,253,282,293,303,317,317,418,418,358,374,394,426,426],"floor_reached":22,"playtime":1676,"items_purged":[],"score":295,"play_id":"0cadb6d0-448d-4810-9c5b-537a10f2adbb","local_time":"20190408094212","is_ascension_mode":true,"campfire_choices":[{"floor":8.0,"key":"REST"},{"floor":15.0,"key":"REST"}],"neow_cost":"NONE","seed_source_timestamp":0,"circlet_count":0,"master_deck":["Defend_G","Defend_G","Defend_G","Defend_G","Defend_G","Strike_G","Strike_G","Strike_G","Strike_G","Strike_G","Survivor","Neutralize","Blur","Dodge and Roll","Backflip","Backflip","Noxious Fumes","Tools of the Trade","Bouncing Flask","Dodge and Roll+1","Escape Plan+1","Blur+1","Burst+1","Catalyst+1","Deflect+1","Terror+1"],"special_seed":0,"relics":["Ring of the Snake","Vajra","Bag of Preparation","Toxic Egg 2","Sozu","Red Mask"],"potions_floor_usage":[21,21],"damage_taken":[{"damage":0.0,"enemies":"Small Slimes","floor":1.0,"turns":5.0},{"damage":5.0,"enemies":"Cultist","floor":2.0,"turns":4.0},{"damage":3.0,"enemies":"2 Louse","floor":4.0,"turns":4.0},{"damage":11.0,"enemies":"Looter","floor":5.0,"turns":4.0},{"damage":11.0,"enemies":"Lagavulin","floor":6.0,"turns":9.0},{"damage":7.0,"enemies":"2 Fungi Beasts","floor":7.0,"turns":5.0},{"damage":7.0,"enemies":"Exordium Wildlife","floor":10.0,"turns":5.0},{"damage":33.0,"enemies":"Gremlin Nob","floor":11.0,"turns":4.0},{"damage":2.0,"enemies":"3 Louse","floor":12.0,"turns":3.0},{"damage":8.0,"enemies":"Exordium Thugs","floor":13.0,"turns":6.0},{"damage":5.0,"enemies":"Exordium Wildlife","floor":14.0,"turns":7.0},{"damage":3.0,"enemies":"Hexaghost","floor":16.0,"turns":13.0},{"damage":0.0,"enemies":"2 Thieves","floor":18.0,"turns":4.0},{"damage":0.0,"enemies":"Shell Parasite","floor":19.0,"turns":5.0},{"damage":17.0,"enemies":"Centurion and Healer","floor":20.0,"turns":8.0},{"damage":35,"enemies":"Masked Bandits","floor":21,"turns":6}],"seed_played":"8063521041831474031","potions_obtained":[{"floor":2.0,"key":"AttackPotion"},{"floor":3.0,"key":"Poison Potion"},{"floor":4.0,"key":"Dexterity Potion"},{"floor":11.0,"key":"SteroidPotion"},{"floor":12.0,"key":"SpeedPotion"},{"floor":16.0,"key":"Ancient Potion"}],"is_trial":false,"path_per_floor":["?","M","?","?"],"character_chosen":"THE_SILENT","items_purchased":[],"campfire_rested":2,"item_purchase_floors":[],"current_hp_per_floor":[70,65,65,62,51,40,33,56,56,49,16,14,6,1,24,21,63,63,63,46,11,0],"gold":426,"neow_bonus":"TEN_PERCENT_HP_BONUS","is_prod":false,"is_daily":false,"chose_seed":false,"campfire_upgraded":0,"win_rate":0,"timestamp":1554709332,"path_taken":["M","M","?","M","M","E","M","R","T","M","E","M","M","M","R","BOSS","M","?","M","?","?"],"build_version":"2019-01-23","purchased_purges":0,"victory":false,"max_hp_per_floor":[77,77,77,77,77,77,77,77,77,77,77,77,77,77,77,77,77,77,77,77,77,82],"card_choices":[{"not_picked":["Prepared","Tactician"],"picked":"Blur","floor":1.0},{"not_picked":["Prepared","Predator"],"picked":"Dodge and Roll","floor":2.0},{"not_picked":["Poisoned Stab","Outmaneuver"],"picked":"Backflip","floor":4.0},{"not_picked":["Poisoned Stab","Terror"],"picked":"Backflip","floor":5.0},{"not_picked":["Sucker Punch","Dagger Throw"],"picked":"Noxious Fumes","floor":6.0},{"not_picked":["Slice","Endless Agony"],"picked":"Tools of the Trade","floor":7.0},{"not_picked":["Dodge and Roll","Underhanded Strike"],"picked":"Bouncing Flask","floor":10.0},{"not_picked":["Tactician","Finisher"],"picked":"Dodge and Roll","floor":11.0},{"not_picked":["Flying Knee","Endless Agony","Acrobatics+1"],"picked":"SKIP","floor":12.0},{"not_picked":["Quick Slash","All Out Attack"],"picked":"Escape Plan+1","floor":13.0},{"not_picked":["Acrobatics+1","Sucker Punch"],"picked":"Blur+1","floor":14.0},{"not_picked":["Grand Finale","Venomology+1"],"picked":"Burst+1","floor":16.0},{"not_picked":["Flying Knee","Finisher","Riddle With Holes"],"picked":"SKIP","floor":18.0},{"not_picked":["Poisoned Stab","Blade Dance+1"],"picked":"Catalyst+1","floor":19.0},{"not_picked":["All Out Attack","Bane"],"picked":"Deflect+1","floor":20.0},{"not_picked":["Dagger Spray","Bane+1"],"picked":"Terror+1","floor":21}],"player_experience":401313,"relics_obtained":[{"floor":6.0,"key":"Vajra"},{"floor":9.0,"key":"Bag of Preparation"},{"floor":11.0,"key":"Toxic Egg 2"},{"floor":21,"key":"Red Mask"}],"event_choices":[{"damage_healed":0.0,"max_hp_gain":0.0,"max_hp_loss":0.0,"gold_gain":0.0,"event_name":"The Woman in Blue","player_choice":"Bought 1 Potion","floor":3.0,"gold_loss":0.0,"damage_taken":0.0},{"damage_healed":0,"gold_gain":0,"player_choice":"Fought Bandits","damage_taken":0,"max_hp_gain":0,"max_hp_loss":0,"event_name":"Masked Bandits","floor":21,"gold_loss":0}],"is_beta":false,"boss_relics":[{"not_picked":["Busted Crown","White Beast Statue"],"picked":"Sozu"}],"items_purged_floors":[],"is_endless":false,"potions_floor_spawned":[2,4,11,12,16],"ascension_level":6}