{"gold_per_floor":[117,136,154,172,189,189,218,218,245,268,268,286,286,321,321,416,466,479,495,512,512,526,526,558,558,585,617,617,630,590,601,601,700,700,720,424,439,451,451,451,451,467,467,479,479,490,490,505,505,505],"floor_reached":51,"playtime":5655,"items_purged":["Doppelganger"],"score":678,"play_id":"8d805401-9e8e-4484-997d-c5a788d609f5","local_time":"20190127222024","is_ascension_mode":false,"campfire_choices":[{"data":"Noxious Fumes","floor":6,"key":"SMITH"},{"data":"Noxious Fumes","floor":8,"key":"SMITH"},{"floor":11,"key":"REST"},{"floor":15,"key":"REST"},{"data":"After Image","floor":23,"key":"SMITH"},{"data":"Backstab","floor":25,"key":"SMITH"},{"data":"Well Laid Plans","floor":28,"key":"SMITH"},{"floor":32,"key":"REST"},{"floor":40,"key":"REST"},{"data":"Night Terror","floor":45,"key":"SMITH"},{"data":"Catalyst","floor":47,"key":"SMITH"},{"floor":49,"key":"REST"}],"neow_cost":"NONE","seed_source_timestamp":874403302929479,"circlet_count":0,"master_deck":["Defend_G+1","Defend_G","Defend_G","Defend_G","Defend_G","Strike_G","Strike_G","Strike_G","Strike_G","Strike_G","Survivor","Neutralize+1","Infinite Blades","Noxious Fumes+1","Backstab+1","Noxious Fumes+1","Flying Knee","Blur+1","Leg Sweep+1","Well Laid Plans+1","After Image+1","Catalyst+1","Dash+1","Quick Slash+1","Infinite Blades+1","PiercingWail+1","Night Terror+1","Crippling Poison","Footwork","Dash","Parasite","Venomology"],"relics":["Ring of the Snake","Bronze Scales","War Paint","Odd Mushroom","FaceOfCleric","Pen Nib","Tiny House","Oddly Smooth Stone","Bag of Marbles","Snake Skull","WristBlade","Potion Belt","Mummified Hand","Happy Flower"],"potions_floor_usage":[7,14,16,24,27,33,48,48,50,50,50,50,50],"damage_taken":[{"damage":3,"enemies":"Cultist","floor":1,"turns":5},{"damage":0,"enemies":"Jaw Worm","floor":2,"turns":4},{"damage":0,"enemies":"2 Louse","floor":3,"turns":2},{"damage":8,"enemies":"Gremlin Gang","floor":4,"turns":4},{"damage":0,"enemies":"2 Fungi Beasts","floor":5,"turns":2},{"damage":13,"enemies":"Gremlin Nob","floor":7,"turns":4},{"damage":18,"enemies":"The Mushroom Lair","floor":10,"turns":4},{"damage":8,"enemies":"Lots of Slimes","floor":12,"turns":3},{"damage":17,"enemies":"3 Sentries","floor":14,"turns":5},{"damage":4,"enemies":"Hexaghost","floor":16,"turns":7},{"damage":2,"enemies":"3 Byrds","floor":18,"turns":3},{"damage":5,"enemies":"Shell Parasite","floor":19,"turns":5},{"damage":6,"enemies":"Snecko","floor":20,"turns":5},{"damage":0,"enemies":"Cultist and Chosen","floor":22,"turns":6},{"damage":11,"enemies":"Book of Stabbing","floor":24,"turns":6},{"damage":13,"enemies":"Slavers","floor":27,"turns":6},{"damage":0,"enemies":"Shelled Parasite and Fungi","floor":29,"turns":6},{"damage":11,"enemies":"Centurion and Healer","floor":31,"turns":5},{"damage":10,"enemies":"Automaton","floor":33,"turns":10},{"damage":24,"enemies":"3 Darklings","floor":35,"turns":5},{"damage":7,"enemies":"Orb Walker","floor":37,"turns":4},{"damage":18,"enemies":"Jaw Worm Horde","floor":38,"turns":5},{"damage":0,"enemies":"Writhing Mass","floor":42,"turns":5},{"damage":1,"enemies":"Sphere and 2 Shapes","floor":44,"turns":5},{"damage":14,"enemies":"Jaw Worm Horde","floor":46,"turns":5},{"damage":11,"enemies":"Writhing Mass","floor":48,"turns":5},{"damage":17,"enemies":"Donu and Deca","floor":50,"turns":10}],"seed_played":"7959005229621840995","potions_obtained":[{"floor":2,"key":"AttackPotion"},{"floor":4,"key":"Strength Potion"},{"floor":5,"key":"Poison Potion"},{"floor":10,"key":"Regen Potion"},{"floor":16,"key":"EssenceOfSteel"},{"floor":17,"key":"Dexterity Potion"},{"floor":24,"key":"EssenceOfSteel"},{"floor":29,"key":"SteroidPotion"},{"floor":33,"key":"Dexterity Potion"},{"floor":35,"key":"Strength Potion"},{"floor":38,"key":"GhostInAJar"},{"floor":42,"key":"Ancient Potion"}],"is_trial":false,"path_per_floor":["M","M","M","M","M","R","E","R","T","?","R","M","?","E","R","B",null,"M","M","M","$","M","R","E","R","T","E","R","M","?","M","R","B",null,"M","$","M","M","?","R","T","M","T","M","R","M","R","M","R","B",null],"character_chosen":"THE_SILENT","items_purchased":["Potion Belt","Regen Potion"],"campfire_rested":5,"item_purchase_floors":[36,36],"current_hp_per_floor":[67,67,67,59,59,59,46,46,46,28,49,41,41,39,60,57,77,76,72,67,67,68,68,58,58,58,46,46,47,47,37,62,53,86,63,63,57,40,40,65,65,66,66,66,66,53,53,52,78,62],"gold":505,"neow_bonus":"THREE_CARDS","is_prod":false,"is_daily":false,"chose_seed":false,"campfire_upgraded":7,"win_rate":0.0,"timestamp":1548656424,"path_taken":["M","M","M","?","M","R","E","R","T","?","R","M","?","E","R","BOSS","M","M","M","$","M","R","E","R","T","E","R","?","?","?","R","BOSS","M","$","M","M","?","R","?","M","T","M","R","M","R","M","R","BOSS"],"build_version":"2019-01-23","purchased_purges":1,"victory":true,"max_hp_per_floor":[70,70,70,70,70,70,70,70,70,70,70,70,70,71,71,72,77,78,79,80,80,81,81,82,82,82,83,83,84,84,85,85,86,86,87,87,88,89,85,85,85,86,86,87,87,88,88,89,89,90],"card_choices":[{"not_picked":["Catalyst","PiercingWail"],"picked":"Infinite Blades","floor":0},{"not_picked":["Outmaneuver","PiercingWail"],"picked":"Noxious Fumes","floor":1},{"not_picked":["PiercingWail","Catalyst"],"picked":"Backstab","floor":2},{"not_picked":["Dagger Throw","PiercingWail"],"picked":"Noxious Fumes","floor":3},{"not_picked":["Masterful Stab","Blur"],"picked":"Flying Knee","floor":4},{"not_picked":["Dodge and Roll","Underhanded Strike"],"picked":"Blur","floor":5},{"not_picked":["PiercingWail","Slice"],"picked":"Leg Sweep","floor":7},{"not_picked":["Prepared","Infinite Blades"],"picked":"Well Laid Plans","floor":10},{"not_picked":["Underhanded Strike","Quick Slash","Deadly Poison"],"picked":"SKIP","floor":12},{"not_picked":["Skewer","Underhanded Strike"],"picked":"After Image","floor":14},{"not_picked":["Burst","Unload"],"picked":"Doppelganger","floor":16},{"not_picked":["Tools of the Trade","Flying Knee"],"picked":"Catalyst","floor":18},{"not_picked":["Slice","Blade Dance"],"picked":"Dash+1","floor":19},{"not_picked":["Distraction","Flying Knee","PiercingWail+1"],"picked":"SKIP","floor":20},{"not_picked":["Poisoned Stab","Well Laid Plans+1","Acrobatics"],"picked":"SKIP","floor":22},{"not_picked":["Well Laid Plans","Poisoned Stab+1"],"picked":"Quick Slash+1","floor":24},{"not_picked":["Outmaneuver+1","Distraction"],"picked":"Infinite Blades+1","floor":27},{"not_picked":["Outmaneuver","Backflip","Tactician"],"picked":"SKIP","floor":29},{"not_picked":["Deflect","Glass Knife"],"picked":"PiercingWail+1","floor":31},{"not_picked":["Venomology","Tools of the Trade"],"picked":"Night Terror","floor":33},{"not_picked":["Deflect","Poisoned Stab"],"picked":"Crippling Poison","floor":35},{"not_picked":["Quick Slash","Dodge and Roll"],"picked":"Footwork","floor":37},{"not_picked":["Bane+1","Underhanded Strike"],"picked":"Dash","floor":38},{"not_picked":["Riddle With Holes+1","Dodge and Roll+1","Poisoned Stab+1"],"picked":"SKIP","floor":42},{"not_picked":["Masterful Stab","Reflex+1","Infinite Blades"],"picked":"SKIP","floor":44},{"not_picked":["Dagger Throw","Acrobatics"],"picked":"Venomology","floor":46},{"not_picked":["Deflect","Quick Slash","Expertise"],"picked":"SKIP","floor":48}],"player_experience":12180,"relics_obtained":[{"floor":7,"key":"Bronze Scales"},{"floor":9,"key":"War Paint"},{"floor":10,"key":"Odd Mushroom"},{"floor":14,"key":"Pen Nib"},{"floor":24,"key":"Oddly Smooth Stone"},{"floor":26,"key":"Bag of Marbles"},{"floor":27,"key":"Snake Skull"},{"floor":41,"key":"Mummified Hand"},{"floor":43,"key":"Happy Flower"}],"event_choices":[{"damage_healed":0,"gold_gain":0,"player_choice":"Fought Mushrooms","damage_taken":0,"max_hp_gain":0,"max_hp_loss":0,"event_name":"Mushrooms","floor":10,"gold_loss":0},{"damage_healed":0,"gold_gain":0,"player_choice":"Trade","damage_taken":0,"relics_obtained":["FaceOfCleric"],"max_hp_gain":0,"max_hp_loss":0,"event_name":"FaceTrader","floor":13,"gold_loss":0},{"damage_healed":0,"gold_gain":0,"player_choice":"Upgrade","damage_taken":0,"max_hp_gain":0,"max_hp_loss":0,"event_name":"Designer","floor":30,"gold_loss":40,"cards_upgraded":["Blur"]},{"damage_healed":0,"gold_gain":0,"player_choice":"Max HP","damage_taken":0,"max_hp_gain":0,"max_hp_loss":4,"event_name":"Winding Halls","floor":39,"gold_loss":0}],"is_beta":false,"boss_relics":[{"not_picked":["Black Star","Philosopher\u0027s Stone"],"picked":"Tiny House"},{"not_picked":["Runic Dome","Orrery"],"picked":"WristBlade"}],"items_purged_floors":[36],"is_endless":false,"potions_floor_spawned":[2,4,5,10,12,16,20,24,29,31,33,35,38,42],"ascension_level":0}