{"gold_per_floor":[362,80,92,112,122,156,156,191,191,203,203,234,234,199,199,303,303,323,339,357,357,357,390,390,410,410,421,421,34,34,63,63,166,166,182,193,211,223,239,239,272,232,232,267,286,296,309,323,323,323,323,323,21,21],"floor_reached":54,"playtime":5010,"items_purged":["Writhe"],"score":916,"play_id":"4b89f9df-42c2-4dfe-87c7-a5095ee28758","local_time":"20190421151539","is_ascension_mode":true,"campfire_choices":[{"data":"Barricade","floor":7.0,"key":"SMITH"},{"floor":11.0,"key":"REST"},{"floor":15.0,"key":"REST"},{"data":"Impervious","floor":24.0,"key":"SMITH"},{"data":"Juggernaut","floor":30.0,"key":"SMITH"},{"data":"Armaments","floor":32.0,"key":"SMITH"},{"floor":40.0,"key":"RECALL"},{"data":"Battle Trance","floor":49.0,"key":"SMITH"},{"data":"Reaper","floor":52.0,"key":"SMITH"}],"neow_cost":"PERCENT_DAMAGE","seed_source_timestamp":0,"circlet_count":0,"master_deck":["Strike_R+1","Strike_R+1","Strike_R+1","Strike_R+1","Strike_R+1","Defend_R+1","Defend_R+1","Defend_R+1","Defend_R+1","Bash+1","Battle Trance+1","Barricade+1","Armaments+1","Whirlwind","Anger","Clothesline","Shrug It Off","Juggernaut+1","Impervious+1","Immolate+1","Double Tap+1","Battle Trance+1","Uppercut+1","Shrug It Off+1","Perfected Strike","Dual Wield+1","Reaper+1","Entrench+1","Body Slam+1","Spot Weakness+1","Clothesline+1","Armaments+1"],"special_seed":0,"relics":["Burning Blood","Magic Flower","Letter Opener","Toxic Egg 2","Mummified Hand","Sozu","Bag of Marbles","Orichalcum","Ornamental Fan","CultistMask","Nunchaku","Blood Vial","Snecko Eye","Darkstone Periapt","Meat on the Bone","Bronze Scales","Oddly Smooth Stone"],"potions_floor_usage":[54],"damage_taken":[{"damage":4.0,"enemies":"Jaw Worm","floor":1.0,"turns":4.0},{"damage":7.0,"enemies":"Small Slimes","floor":3.0,"turns":3.0},{"damage":1.0,"enemies":"Cultist","floor":4.0,"turns":3.0},{"damage":15.0,"enemies":"Lots of Slimes","floor":5.0,"turns":3.0},{"damage":7.0,"enemies":"3 Sentries","floor":6.0,"turns":3.0},{"damage":49.0,"enemies":"Gremlin Nob","floor":8.0,"turns":6.0},{"damage":0.0,"enemies":"Gremlin Gang","floor":10.0,"turns":1.0},{"damage":11.0,"enemies":"Lagavulin","floor":12.0,"turns":7.0},{"damage":10.0,"enemies":"Slime Boss","floor":16.0,"turns":9.0},{"damage":5.0,"enemies":"3 Byrds","floor":18.0,"turns":3.0},{"damage":22.0,"enemies":"Spheric Guardian","floor":19.0,"turns":4.0},{"damage":0.0,"enemies":"Snecko","floor":20.0,"turns":7.0},{"damage":25.0,"enemies":"Book of Stabbing","floor":23.0,"turns":8.0},{"damage":2.0,"enemies":"Centurion and Healer","floor":25.0,"turns":5.0},{"damage":12.0,"enemies":"Snake Plant","floor":27.0,"turns":3.0},{"damage":18.0,"enemies":"Slavers","floor":31.0,"turns":4.0},{"damage":30.0,"enemies":"Collector","floor":33.0,"turns":11.0},{"damage":0.0,"enemies":"Orb Walker","floor":35.0,"turns":3.0},{"damage":27.0,"enemies":"3 Shapes","floor":36.0,"turns":2.0},{"damage":0.0,"enemies":"3 Darklings","floor":37.0,"turns":3.0},{"damage":0.0,"enemies":"Maw","floor":38.0,"turns":6.0},{"damage":33.0,"enemies":"4 Shapes","floor":39.0,"turns":3.0},{"damage":16.0,"enemies":"Nemesis","floor":41.0,"turns":9.0},{"damage":24.0,"enemies":"Giant Head","floor":44.0,"turns":8.0},{"damage":0.0,"enemies":"Transient","floor":45.0,"turns":5.0},{"damage":13.0,"enemies":"Writhing Mass","floor":46.0,"turns":3.0},{"damage":0.0,"enemies":"Maw","floor":47.0,"turns":7.0},{"damage":6.0,"enemies":"Sphere and 2 Shapes","floor":48.0,"turns":4.0},{"damage":85.0,"enemies":"Awakened One","floor":50.0,"turns":12.0},{"damage":86,"enemies":"Shield and Spear","floor":54,"turns":7}],"seed_played":"5276956904400824567","potions_obtained":[{"floor":1.0,"key":"GamblersBrew"},{"floor":8.0,"key":"Explosive Potion"},{"floor":10.0,"key":"EssenceOfSteel"},{"floor":16.0,"key":"Regen Potion"}],"is_trial":false,"path_per_floor":["M","$","M","M","M","E","R","E","T","M","R","E","?","?","R","B",null,"M","M","M","?","?","E","R","M","T","M","?","$","R","E","R","B",null,"M","M","M","M","M","R","E","?","T","E","M","M","M","M","R","B",null,"R","$","E"],"character_chosen":"IRONCLAD","items_purchased":["Barricade","Armaments","Whirlwind","Nunchaku","Bronze Scales","Oddly Smooth Stone"],"campfire_rested":2,"item_purchase_floors":[2,2,2,29,53,53],"current_hp_per_floor":[58,58,57,62,53,52,52,12,12,21,45,43,27,47,71,70,80,80,67,76,76,76,60,60,67,67,64,64,64,64,55,55,61,80,80,62,74,80,56,56,64,64,64,63,80,80,80,80,80,33,80,80,80,0],"gold":21,"neow_bonus":"TWO_FIFTY_GOLD","is_prod":false,"is_daily":false,"chose_seed":false,"campfire_upgraded":6,"win_rate":0,"timestamp":1555884939,"path_taken":["M","$","M","M","M","E","R","E","T","M","R","E","?","?","R","BOSS","M","M","M","?","?","E","R","M","T","M","?","$","R","E","R","BOSS","M","M","M","M","M","R","E","?","T","E","?","M","?","M","R","BOSS","R","$","E"],"build_version":"2019-01-23","purchased_purges":1,"victory":false,"max_hp_per_floor":[80,80,80,80,80,80,80,80,80,80,80,80,80,80,80,80,80,80,80,80,80,80,80,80,80,80,80,80,80,80,80,80,80,80,80,80,80,80,80,80,80,80,80,80,80,80,80,80,80,80,80,80,80,80],"card_choices":[{"not_picked":["Evolve","Ghostly Armor"],"picked":"Battle Trance","floor":1.0},{"not_picked":["Rupture","Warcry"],"picked":"Anger","floor":3.0},{"not_picked":["Sword Boomerang","Twin Strike"],"picked":"Clothesline","floor":4.0},{"not_picked":["True Grit","Cleave"],"picked":"Shrug It Off","floor":5.0},{"not_picked":["Thunderclap","Fire Breathing"],"picked":"Juggernaut","floor":6.0},{"not_picked":["Twin Strike","Heavy Blade"],"picked":"Impervious","floor":8.0},{"not_picked":["Bloodletting+1","Carnage","Clash"],"picked":"SKIP","floor":10.0},{"not_picked":["Havoc+1","Evolve"],"picked":"Immolate","floor":12.0},{"not_picked":["Dark Embrace","Brutality"],"picked":"Double Tap+1","floor":16.0},{"not_picked":["Dropkick","Clothesline"],"picked":"Battle Trance+1","floor":18.0},{"not_picked":["Burning Pact+1","Sword Boomerang+1"],"picked":"Uppercut+1","floor":19.0},{"not_picked":["Carnage","True Grit+1"],"picked":"Shrug It Off+1","floor":20.0},{"not_picked":["Warcry+1","Corruption","Iron Wave"],"picked":"SKIP","floor":23.0},{"not_picked":["Sever Soul","Warcry+1"],"picked":"Perfected Strike","floor":25.0},{"not_picked":["Second Wind+1","True Grit+1","Thunderclap"],"picked":"SKIP","floor":27.0},{"not_picked":["Corruption+1","Sword Boomerang"],"picked":"Dual Wield+1","floor":31.0},{"not_picked":["Barricade","Berserk"],"picked":"Reaper","floor":33.0},{"not_picked":["Clash+1","Whirlwind+1"],"picked":"Entrench+1","floor":35.0},{"not_picked":["Iron Wave","Twin Strike+1"],"picked":"Body Slam","floor":36.0},{"not_picked":["Heavy Blade","Iron Wave+1","Clothesline+1"],"picked":"SKIP","floor":37.0},{"not_picked":["True Grit+1","Searing Blow+1"],"picked":"Spot Weakness+1","floor":38.0},{"not_picked":["Searing Blow+1","Fiend Fire"],"picked":"Clothesline+1","floor":39.0},{"not_picked":["Pommel Strike+1","Wild Strike","True Grit+1"],"picked":"SKIP","floor":41.0},{"not_picked":["Sword Boomerang","Heavy Blade","Anger+1"],"picked":"SKIP","floor":44.0},{"not_picked":["Twin Strike+1","Uppercut","Clash"],"picked":"SKIP","floor":45.0},{"not_picked":["Cleave+1","Thunderclap","Hemokinesis+1"],"picked":"SKIP","floor":46.0},{"not_picked":["Cleave+1","Thunderclap","Hemokinesis+1"],"picked":"SKIP","floor":46.0},{"not_picked":["Twin Strike","Warcry+1"],"picked":"Armaments+1","floor":47.0},{"not_picked":["Bludgeon","Cleave","Thunderclap+1"],"picked":"SKIP","floor":48.0}],"player_experience":97577,"relics_obtained":[{"floor":6.0,"key":"Magic Flower"},{"floor":8.0,"key":"Letter Opener"},{"floor":9.0,"key":"Toxic Egg 2"},{"floor":12.0,"key":"Mummified Hand"},{"floor":23.0,"key":"Orichalcum"},{"floor":26.0,"key":"Ornamental Fan"},{"floor":31.0,"key":"Blood Vial"},{"floor":41.0,"key":"Darkstone Periapt"},{"floor":44.0,"key":"Meat on the Bone"}],"event_choices":[{"damage_healed":0.0,"max_hp_gain":0.0,"max_hp_loss":0.0,"gold_gain":0.0,"event_name":"Shining Light","player_choice":"Entered Light","floor":13.0,"gold_loss":0.0,"damage_taken":16.0,"cards_upgraded":["Defend_R","Immolate"]},{"damage_healed":20.0,"max_hp_gain":0.0,"max_hp_loss":0.0,"gold_gain":0.0,"event_name":"The Cleric","player_choice":"Healed","floor":14.0,"gold_loss":35.0,"damage_taken":0.0},{"damage_healed":0.0,"max_hp_gain":0.0,"max_hp_loss":0.0,"gold_gain":0.0,"event_name":"The Mausoleum","player_choice":"Opened","floor":21.0,"gold_loss":0.0,"damage_taken":0.0,"relics_obtained":["Bag of Marbles"],"cards_obtained":["Writhe"]},{"damage_healed":0.0,"max_hp_gain":0.0,"max_hp_loss":0.0,"gold_gain":0.0,"event_name":"Back to Basics","player_choice":"Simplicity","floor":22.0,"gold_loss":0.0,"damage_taken":0.0,"cards_upgraded":["Strike_R","Strike_R","Strike_R","Strike_R","Strike_R","Defend_R","Defend_R","Defend_R"]},{"damage_healed":0.0,"max_hp_gain":0.0,"max_hp_loss":0.0,"gold_gain":0.0,"event_name":"FaceTrader","player_choice":"Trade","floor":28.0,"gold_loss":0.0,"damage_taken":0.0,"relics_obtained":["CultistMask"]},{"damage_healed":0.0,"max_hp_gain":0.0,"max_hp_loss":0.0,"gold_gain":0.0,"event_name":"Designer","player_choice":"Upgraded Two","floor":42.0,"gold_loss":40.0,"damage_taken":0.0,"cards_upgraded":["Body Slam","Bash"]}],"is_beta":false,"boss_relics":[{"not_picked":["White Beast Statue","Empty Cage"],"picked":"Sozu"},{"not_picked":["Cursed Key","Black Blood"],"picked":"Snecko Eye"}],"items_purged_floors":[29],"is_endless":false,"potions_floor_spawned":[1,8,10,16,18,23,31,35,36,39,45,46,48],"killed_by":"Shield and Spear","ascension_level":4}