{"gold_per_floor":[119,29,47,57,69,100,117,117,117,117,117,130,159,174,174,273,323,340,355,370,388,407,442,442,452,477,488,508,418,448,24,24,126,126,141,141,154,173,183,209,209,243,297,297,0,0,0],"floor_reached":47,"playtime":3894,"items_purged":[],"score":543,"play_id":"bd993099-6a3e-4e18-bad9-a3e366f6cf95","local_time":"20190416122025","daily_mods":["SealedDeck","Red Cards","Night Terrors"],"is_ascension_mode":false,"campfire_choices":[{"data":"Blind","floor":8.0,"key":"SMITH"},{"data":"Pommel Strike","floor":15.0,"key":"SMITH"},{"floor":24.0,"key":"REST"},{"data":"Panache","floor":32.0,"key":"SMITH"},{"floor":41.0,"key":"REST"},{"floor":44.0,"key":"REST"},{"floor":46.0,"key":"REST"}],"neow_cost":"","seed_source_timestamp":0,"circlet_count":0,"master_deck":["Pommel Strike+1","Armaments+1","Headbutt","Cleave","Shrug It Off","Dagger Throw","Blur+1","Ghostly Armor","Anger","Prepared","Blind+1","Backflip","Sucker Punch","Battle Trance","Reaper","Slice","Fire Breathing","Corruption","True Grit+1","PiercingWail+1","Infernal Blade+1","Escape Plan","Seeing Red+1","All Out Attack+1","Choke","Panache+1","Feed","Prepared+1","Feel No Pain+1","Feel No Pain+1","Reaper"],"special_seed":0,"relics":["Ring of the Snake","Bottled Flame","Ninja Scroll","Pantograph","Tiny House","Lantern","Potion Belt","Du-Vu Doll","Letter Opener","Fusion Hammer","WingedGreaves","Tingsha","Singing Bowl","Oddly Smooth Stone","Red Mask"],"potions_floor_usage":[],"damage_taken":[{"damage":0.0,"enemies":"Small Slimes","floor":1.0,"turns":3.0},{"damage":0.0,"enemies":"Jaw Worm","floor":3.0,"turns":2.0},{"damage":0.0,"enemies":"Cultist","floor":4.0,"turns":3.0},{"damage":0.0,"enemies":"Looter","floor":5.0,"turns":2.0},{"damage":3.0,"enemies":"Lagavulin","floor":6.0,"turns":5.0},{"damage":0.0,"enemies":"3 Louse","floor":7.0,"turns":2.0},{"damage":8.0,"enemies":"Exordium Thugs","floor":12.0,"turns":4.0},{"damage":4.0,"enemies":"Gremlin Nob","floor":13.0,"turns":3.0},{"damage":0.0,"enemies":"Red Slaver","floor":14.0,"turns":2.0},{"damage":20.0,"enemies":"The Guardian","floor":16.0,"turns":17.0},{"damage":2.0,"enemies":"Spheric Guardian","floor":18.0,"turns":3.0},{"damage":0.0,"enemies":"Shell Parasite","floor":19.0,"turns":5.0},{"damage":34.0,"enemies":"Cultist and Chosen","floor":20.0,"turns":8.0},{"damage":2.0,"enemies":"Snecko","floor":21.0,"turns":5.0},{"damage":10.0,"enemies":"Shelled Parasite and Fungi","floor":22.0,"turns":6.0},{"damage":29.0,"enemies":"Slavers","floor":23.0,"turns":6.0},{"damage":14.0,"enemies":"Sentry and Sphere","floor":25.0,"turns":6.0},{"damage":0.0,"enemies":"Snecko","floor":27.0,"turns":7.0},{"damage":0.0,"enemies":"Chosen and Byrds","floor":28.0,"turns":5.0},{"damage":4.0,"enemies":"Book of Stabbing","floor":30.0,"turns":5.0},{"damage":2.0,"enemies":"Collector","floor":33.0,"turns":7.0},{"damage":0.0,"enemies":"3 Shapes","floor":35.0,"turns":2.0},{"damage":0.0,"enemies":"Orb Walker","floor":37.0,"turns":2.0},{"damage":2.0,"enemies":"3 Darklings","floor":38.0,"turns":5.0},{"damage":23.0,"enemies":"4 Shapes","floor":39.0,"turns":4.0},{"damage":35.0,"enemies":"Nemesis","floor":40.0,"turns":7.0},{"damage":38.0,"enemies":"Giant Head","floor":42.0,"turns":10.0},{"damage":0,"enemies":"Writhing Mass","floor":47,"turns":1}],"seed_played":"-165110100829215040","potions_obtained":[{"floor":1.0,"key":"Poison Potion"},{"floor":3.0,"key":"Explosive Potion"},{"floor":12.0,"key":"Explosive Potion"},{"floor":16.0,"key":"SkillPotion"},{"floor":17.0,"key":"PowerPotion"},{"floor":23.0,"key":"Ancient Potion"},{"floor":25.0,"key":"LiquidBronze"},{"floor":37.0,"key":"EssenceOfSteel"},{"floor":40.0,"key":"PowerPotion"}],"is_trial":true,"path_per_floor":["?","$","M","M","M","?","$","?","M","?"],"character_chosen":"THE_SILENT","items_purchased":["Blind","Letter Opener","Panache"],"campfire_rested":4,"item_purchase_floors":[2,31,31],"current_hp_per_floor":[70,70,70,70,70,67,67,67,67,72,72,64,60,60,60,55,80,78,78,44,46,36,19,75,61,61,61,64,64,60,60,60,75,75,78,78,81,79,70,40,79,44,44,76,76,71,71],"gold":0,"neow_bonus":"","is_prod":false,"is_daily":false,"chose_seed":false,"campfire_upgraded":3,"win_rate":0,"timestamp":1555410025,"path_taken":["M","$","M","M","M","E","M","R","T","?","?","?","E","M","R","BOSS","M","M","?","M","M","E","R","M","T","?","M","?","E","?","R","BOSS","M","?","M","M","?","E","R","E","T","R","?","R","M"],"build_version":"2019-01-23","purchased_purges":0,"victory":false,"max_hp_per_floor":[70,70,70,70,70,70,70,70,70,75,75,75,75,75,75,75,80,80,80,80,80,80,80,75,75,75,75,75,75,75,75,75,75,75,78,78,81,81,84,84,79,81,81,76,76,71,71],"card_choices":[{"not_picked":["Evolve","Terror"],"picked":"Prepared","floor":1.0},{"not_picked":["Iron Wave","Slice"],"picked":"Backflip","floor":3.0},{"not_picked":["Dual Wield","Headbutt","Outmaneuver"],"picked":"SKIP","floor":4.0},{"not_picked":["Thunderclap","Distraction"],"picked":"Sucker Punch","floor":5.0},{"not_picked":["Double Tap","Deflect"],"picked":"Battle Trance","floor":6.0},{"not_picked":["Underhanded Strike","Flying Knee","Bloodletting"],"picked":"SKIP","floor":7.0},{"not_picked":["Distraction","Dagger Spray","Setup"],"picked":"SKIP","floor":12.0},{"not_picked":["Predator","Flechettes","Sever Soul"],"picked":"SKIP","floor":13.0},{"not_picked":["Thunderclap","Reflex","Havoc"],"picked":"SKIP","floor":14.0},{"not_picked":["Envenom","Storm of Steel"],"picked":"Reaper","floor":16.0},{"not_picked":["Eviscerate","Warcry"],"picked":"Slice","floor":17.0},{"not_picked":["Distraction","Deadly Poison"],"picked":"Fire Breathing","floor":18.0},{"not_picked":["Headbutt","Reflex"],"picked":"Corruption","floor":19.0},{"not_picked":["Doppelganger","Cleave"],"picked":"True Grit+1","floor":20.0},{"not_picked":["Prepared","Pummel"],"picked":"PiercingWail+1","floor":21.0},{"not_picked":["Rupture","Fire Breathing","Anger"],"picked":"SKIP","floor":22.0},{"not_picked":["Intimidate","Clothesline"],"picked":"Infernal Blade+1","floor":23.0},{"not_picked":["Outmaneuver","Poisoned Stab"],"picked":"Escape Plan","floor":25.0},{"not_picked":["Endless Agony","Flechettes"],"picked":"Seeing Red+1","floor":27.0},{"not_picked":["Havoc","Twin Strike"],"picked":"All Out Attack+1","floor":28.0},{"not_picked":["Blur","Armaments"],"picked":"Choke","floor":30.0},{"not_picked":["Storm of Steel","Grand Finale"],"picked":"Feed","floor":33.0},{"not_picked":["Infernal Blade+1","Pommel Strike"],"picked":"Prepared+1","floor":35.0},{"not_picked":["Deflect+1","Poisoned Stab+1"],"picked":"Feel No Pain+1","floor":37.0},{"not_picked":["Corruption","Disarm"],"picked":"Feel No Pain+1","floor":38.0},{"not_picked":["Acrobatics","Poisoned Stab+1","Rampage"],"picked":"SKIP","floor":39.0},{"not_picked":["Riddle With Holes+1","Tactician"],"picked":"Reaper","floor":40.0},{"not_picked":["Bouncing Flask+1","Body Slam","Blade Dance"],"picked":"Singing Bowl","floor":42.0}],"player_experience":465210,"relics_obtained":[{"floor":6.0,"key":"Bottled Flame"},{"floor":9.0,"key":"Ninja Scroll"},{"floor":13.0,"key":"Pantograph"},{"floor":23.0,"key":"Lantern"},{"floor":26.0,"key":"Potion Belt"},{"floor":30.0,"key":"Du-Vu Doll"},{"floor":40.0,"key":"Tingsha"},{"floor":42.0,"key":"Singing Bowl"},{"floor":43.0,"key":"Oddly Smooth Stone"}],"event_choices":[{"damage_healed":0.0,"max_hp_gain":5.0,"max_hp_loss":0.0,"gold_gain":0.0,"event_name":"Big Fish","player_choice":"Donut","floor":10.0,"gold_loss":0.0,"damage_taken":0.0},{"cards_removed":["Cleave"],"damage_healed":0.0,"max_hp_gain":0.0,"max_hp_loss":0.0,"gold_gain":0.0,"event_name":"Designer","player_choice":"Upgrade and Remove","floor":29.0,"gold_loss":90.0,"damage_taken":0.0,"cards_upgraded":["Armaments"]},{"damage_healed":0.0,"max_hp_gain":0.0,"max_hp_loss":0.0,"gold_gain":0.0,"event_name":"WeMeetAgain","player_choice":"Gave Potion","floor":36.0,"gold_loss":0.0,"damage_taken":0.0,"relics_obtained":["WingedGreaves"]},{"damage_healed":0.0,"max_hp_gain":0.0,"max_hp_loss":0.0,"gold_gain":0.0,"event_name":"Tomb of Lord Red Mask","player_choice":"Paid","floor":45.0,"gold_loss":297.0,"damage_taken":0.0,"relics_obtained":["Red Mask"]}],"is_beta":false,"boss_relics":[{"not_picked":["Snecko Eye","Lizard Tail"],"picked":"Tiny House"},{"not_picked":["Coffee Dripper","Astrolabe"],"picked":"Fusion Hammer"}],"items_purged_floors":[],"is_endless":false,"potions_floor_spawned":[1,3,12,16,21,22,23,25,37,40],"killed_by":"Writhing Mass","ascension_level":0}