{"gold_per_floor":[112,123,123,140,140,175,175,175],"floor_reached":8,"playtime":342,"items_purged":[],"score":59,"play_id":"de12a677-ae8b-4752-a224-547c3775e19e","local_time":"20190401142418","is_ascension_mode":true,"campfire_choices":[{"data":"Zap","floor":7,"key":"SMITH"}],"neow_cost":"NONE","seed_source_timestamp":0,"circlet_count":0,"master_deck":["Strike_B","Strike_B","Strike_B","Strike_B","Defend_B+1","Defend_B","Defend_B","Defend_B+1","Zap+1","Dualcast","Conserve Battery","Gash","Turbo","Sweeping Beam"],"special_seed":0,"relics":["Cracked Core","Pantograph"],"potions_floor_usage":[6,8],"damage_taken":[{"damage":1,"enemies":"Jaw Worm","floor":1,"turns":3},{"damage":0,"enemies":"2 Louse","floor":2,"turns":2},{"damage":0,"enemies":"Cultist","floor":4,"turns":3},{"damage":15,"enemies":"Lagavulin","floor":6,"turns":6},{"damage":59,"enemies":"Gremlin Nob","floor":8,"turns":4}],"seed_played":"4503878537151711995","potions_obtained":[{"floor":0.0,"key":"Swift Potion"},{"floor":0.0,"key":"Fire Potion"},{"floor":0.0,"key":"EssenceOfSteel"},{"floor":6,"key":"Explosive Potion"}],"is_trial":false,"path_per_floor":["?","?"],"character_chosen":"DEFECT","items_purchased":[],"campfire_rested":0,"item_purchase_floors":[],"current_hp_per_floor":[74,74,59,59,59,44,44,0],"gold":175,"neow_bonus":"THREE_SMALL_POTIONS","is_prod":false,"is_daily":false,"chose_seed":false,"campfire_upgraded":1,"win_rate":0,"timestamp":1554121458,"path_taken":["M","M","?","M","?","E","R","E"],"build_version":"2019-01-23","purchased_purges":0,"victory":false,"max_hp_per_floor":[75,75,75,75,75,75,75,75],"card_choices":[{"not_picked":["Blizzard","Coolheaded"],"picked":"Conserve Battery","floor":1},{"not_picked":["Blizzard","Compile Driver"],"picked":"Gash","floor":2},{"not_picked":["Leap","Chill"],"picked":"Turbo","floor":4},{"not_picked":["Darkness","Meteor Strike"],"picked":"Sweeping Beam","floor":6}],"player_experience":340008,"relics_obtained":[{"floor":6,"key":"Pantograph"}],"event_choices":[{"damage_healed":0,"gold_gain":0,"player_choice":"Entered Light","damage_taken":15,"max_hp_gain":0,"max_hp_loss":0,"event_name":"Shining Light","floor":3,"gold_loss":0,"cards_upgraded":["Defend_B","Defend_B"]},{"damage_healed":0,"gold_gain":0,"player_choice":"Ignored","damage_taken":0,"max_hp_gain":0,"max_hp_loss":0,"event_name":"Liars Game","floor":5,"gold_loss":0}],"is_beta":false,"boss_relics":[],"items_purged_floors":[],"is_endless":false,"potions_floor_spawned":[4,6],"killed_by":"Gremlin Nob","ascension_level":1}