{"gold_per_floor":[115,115,115,132,132,132,167,68,68,23,52,63,63,78,78,178,178,194,208,208],"floor_reached":20,"playtime":1524,"items_purged":["Defend_G"],"score":184,"play_id":"3e1ce0b4-62d7-46d5-b74c-0df80bfa3b83","local_time":"20190629030517","is_ascension_mode":false,"campfire_choices":[{"data":"Dagger Spray","floor":6.0,"key":"SMITH"},{"floor":15.0,"key":"REST"}],"neow_cost":"NONE","seed_source_timestamp":16188811918452,"circlet_count":0,"master_deck":["Strike_G","Strike_G","Strike_G","Strike_G","Defend_G","Defend_G","Defend_G+1","Defend_G","Survivor","Neutralize+1","Sucker Punch","Dagger Spray+1","Envenom","PiercingWail","Cloak And Dagger","Escape Plan","Acrobatics","Envenom","Shame","Shame","Parasite","Escape Plan+1"],"special_seed":0,"relics":["Ring of the Snake","Boot","The Specimen","Bottled Flame","Pocketwatch","Calling Bell","Happy Flower","Meat on the Bone","Girya"],"potions_floor_usage":[],"damage_taken":[{"damage":2.0,"enemies":"Small Slimes","floor":1.0,"turns":4.0},{"damage":0.0,"enemies":"Jaw Worm","floor":4.0,"turns":5.0},{"damage":20.0,"enemies":"Gremlin Nob","floor":7.0,"turns":4.0},{"damage":5.0,"enemies":"Lagavulin","floor":11.0,"turns":7.0},{"damage":0.0,"enemies":"2 Louse","floor":12.0,"turns":2.0},{"damage":1.0,"enemies":"Exordium Wildlife","floor":13.0,"turns":3.0},{"damage":0.0,"enemies":"Lots of Slimes","floor":14.0,"turns":1.0},{"damage":33.0,"enemies":"The Guardian","floor":16.0,"turns":10.0},{"damage":41.0,"enemies":"Shell Parasite","floor":18.0,"turns":8.0},{"damage":36.0,"enemies":"Spheric Guardian","floor":19.0,"turns":8.0},{"damage":22,"enemies":"Centurion and Healer","floor":20,"turns":8}],"seed_played":"-2708494745143287021","potions_obtained":[{"floor":0.0,"key":"AttackPotion"},{"floor":0.0,"key":"SneckoOil"},{"floor":0.0,"key":"Ancient Potion"},{"floor":7.0,"key":"GamblersBrew"},{"floor":12.0,"key":"Poison Potion"},{"floor":19.0,"key":"Strength Potion"}],"is_trial":false,"path_per_floor":["M","?","?","M","?","R","E","$","T","$","E","M","M","M","R","B",null,"M","M","M"],"character_chosen":"THE_SILENT","items_purchased":["PiercingWail","Cloak And Dagger"],"campfire_rested":1,"item_purchase_floors":[8,10],"current_hp_per_floor":[68,68,54,54,47,47,27,27,27,27,22,22,21,21,42,9,70,41,17,0],"gold":208,"neow_bonus":"THREE_SMALL_POTIONS","is_prod":false,"is_daily":false,"chose_seed":false,"campfire_upgraded":1,"win_rate":0,"timestamp":1561802717,"path_taken":["M","?","?","M","?","R","E","$","T","$","E","M","?","M","R","BOSS","M","M","M"],"build_version":"2019-06-28","purchased_purges":1,"victory":false,"max_hp_per_floor":[70,70,70,70,70,70,70,70,70,70,70,70,70,70,70,70,70,70,70,70],"card_choices":[{"not_picked":["Bane","Quick Slash"],"picked":"Sucker Punch","floor":1.0},{"not_picked":["Dagger Throw","Deflect"],"picked":"Dagger Spray","floor":4.0},{"not_picked":["Cloak And Dagger","Dodge and Roll"],"picked":"Envenom","floor":7.0},{"not_picked":["Bane","Outmaneuver","Concentrate"],"picked":"SKIP","floor":11.0},{"not_picked":["Eviscerate","Concentrate"],"picked":"Escape Plan","floor":12.0},{"not_picked":["All Out Attack","Poisoned Stab"],"picked":"Acrobatics","floor":13.0},{"not_picked":["Flying Knee","Dagger Throw","Prepared"],"picked":"SKIP","floor":14.0},{"not_picked":["Night Terror","Die Die Die"],"picked":"Envenom","floor":16.0},{"not_picked":["Accuracy+1","Poisoned Stab","Infinite Blades"],"picked":"SKIP","floor":18.0},{"not_picked":["Outmaneuver+1","Dagger Throw+1"],"picked":"Escape Plan+1","floor":19.0}],"player_experience":1076209,"relics_obtained":[{"floor":7.0,"key":"The Specimen"},{"floor":9.0,"key":"Bottled Flame"},{"floor":11.0,"key":"Pocketwatch"},{"floor":17.0,"key":"Happy Flower"},{"floor":17.0,"key":"Meat on the Bone"},{"floor":17.0,"key":"Girya"}],"event_choices":[{"cards_removed":["Strike_G"],"damage_healed":0.0,"max_hp_gain":0.0,"max_hp_loss":0.0,"gold_gain":0.0,"event_name":"Living Wall","player_choice":"Forget","floor":2.0,"gold_loss":0.0,"damage_taken":0.0},{"damage_healed":0.0,"max_hp_gain":0.0,"max_hp_loss":0.0,"gold_gain":0.0,"event_name":"Shining Light","player_choice":"Entered Light","floor":3.0,"gold_loss":0.0,"damage_taken":14.0,"cards_upgraded":["Neutralize","Defend_G"]},{"damage_healed":0.0,"max_hp_gain":0.0,"max_hp_loss":0.0,"gold_gain":0.0,"event_name":"Scrap Ooze","player_choice":"Success","floor":5.0,"gold_loss":0.0,"damage_taken":7.0,"relics_obtained":["Boot"]}],"is_beta":true,"boss_relics":[{"not_picked":["Fusion Hammer","Ectoplasm"],"picked":"Calling Bell"}],"items_purged_floors":[8],"is_endless":false,"potions_floor_spawned":[7,12,19],"killed_by":"Centurion and Healer","ascension_level":0}