{"gold_per_floor":[111,129,129,129,204,234,248,275,275,275,302,317,146,165,165,267,267,279,279,259,275,286,312,312,312],"floor_reached":25,"playtime":1721,"items_purged":[],"score":331,"play_id":"2b3bd422-a0f2-4160-b2b4-de466f7d9a2e","local_time":"20190317191652","is_ascension_mode":true,"campfire_choices":[{"data":"All Out Attack","floor":10,"key":"SMITH"},{"floor":15,"key":"REST"},{"floor":24,"key":"REST"}],"neow_cost":"NONE","seed_source_timestamp":349487989012111,"circlet_count":0,"master_deck":["Defend_G","Defend_G","Defend_G","Defend_G+1","Defend_G","Survivor+1","Neutralize","Bouncing Flask+1","Poisoned Stab","All Out Attack+1","Quick Slash","Backflip","After Image","Caltrops","PiercingWail","Blur","Bite","Bite","Bite","Bite","Bite","Deadly Poison"],"relics":["Ring of the Snake","NeowsBlessing","War Paint","The Specimen","Bottled Flame","Art of War","HoveringKite","Frozen Egg 2"],"potions_floor_usage":[11,11,11,16,22,23,23,23,23],"damage_taken":[{"damage":0,"enemies":"Jaw Worm","floor":1,"turns":1},{"damage":0,"enemies":"2 Louse","floor":2,"turns":1},{"damage":0,"enemies":"Lagavulin","floor":6,"turns":1},{"damage":0,"enemies":"Small Slimes","floor":7,"turns":3},{"damage":19,"enemies":"3 Sentries","floor":8,"turns":9},{"damage":6,"enemies":"Gremlin Nob","floor":11,"turns":3},{"damage":7,"enemies":"2 Fungi Beasts","floor":12,"turns":3},{"damage":2,"enemies":"Large Slime","floor":14,"turns":8},{"damage":8,"enemies":"The Guardian","floor":16,"turns":9},{"damage":1,"enemies":"Chosen","floor":18,"turns":4},{"damage":19,"enemies":"2 Thieves","floor":21,"turns":4},{"damage":24,"enemies":"Snake Plant","floor":22,"turns":3},{"damage":29,"enemies":"Gremlin Leader","floor":23,"turns":10},{"damage":27,"enemies":"Book of Stabbing","floor":25,"turns":4}],"seed_played":"6681815867928439973","potions_obtained":[{"floor":2,"key":"Block Potion"},{"floor":6,"key":"Explosive Potion"},{"floor":8,"key":"LiquidBronze"},{"floor":14,"key":"Poison Potion"},{"floor":16,"key":"AttackPotion"},{"floor":18,"key":"EntropicBrew"},{"floor":20,"key":"SteroidPotion"}],"is_trial":false,"path_per_floor":["M","M","?","?","?","E","M","E","T","R","E","M","$","M","R","B",null,"M","?","?","M","M","E","R","E"],"character_chosen":"THE_SILENT","items_purchased":["Caltrops","PiercingWail","Blur"],"campfire_rested":2,"item_purchase_floors":[13,13,13],"current_hp_per_floor":[70,70,70,70,59,59,59,40,40,40,34,27,27,25,46,38,70,69,49,49,36,18,9,23,0],"gold":312,"neow_bonus":"THREE_ENEMY_KILL","is_prod":false,"is_daily":false,"chose_seed":false,"campfire_upgraded":1,"win_rate":0,"timestamp":1552875412,"path_taken":["M","M","?","?","?","E","M","E","T","R","E","M","$","M","R","BOSS","M","?","?","M","?","E","R","E"],"build_version":"2019-01-23","purchased_purges":0,"victory":false,"max_hp_per_floor":[70,70,70,70,70,70,70,70,70,70,70,70,70,70,70,70,70,70,49,49,49,49,49,49,49],"card_choices":[{"not_picked":["Bane","Prepared"],"picked":"Bouncing Flask","floor":1},{"not_picked":["Bouncing Flask","Flying Knee"],"picked":"Poisoned Stab","floor":2},{"not_picked":["Deflect","Slice"],"picked":"All Out Attack","floor":6},{"not_picked":["Blur","Escape Plan"],"picked":"Quick Slash","floor":7},{"not_picked":["Poisoned Stab","Distraction"],"picked":"Backflip","floor":8},{"not_picked":["Acrobatics","Prepared"],"picked":"After Image","floor":11},{"not_picked":["Tactician","Flechettes","Outmaneuver"],"picked":"SKIP","floor":12},{"not_picked":["Flying Knee","Masterful Stab","Prepared"],"picked":"SKIP","floor":14},{"not_picked":["Dagger Throw+1","Heel Hook+1","Flying Knee"],"picked":"SKIP","floor":18},{"not_picked":["Concentrate","Dodge and Roll","Reflex"],"picked":"SKIP","floor":21},{"not_picked":["Blade Dance","Distraction","Heel Hook"],"picked":"SKIP","floor":22},{"not_picked":["Sucker Punch","Flying Knee"],"picked":"Deadly Poison","floor":23}],"player_experience":86972,"relics_obtained":[{"floor":6,"key":"War Paint"},{"floor":8,"key":"The Specimen"},{"floor":9,"key":"Bottled Flame"},{"floor":11,"key":"Art of War"},{"floor":23,"key":"Frozen Egg 2"}],"event_choices":[{"damage_healed":0,"gold_gain":0,"player_choice":"Grow","damage_taken":0,"max_hp_gain":0,"max_hp_loss":0,"event_name":"Living Wall","floor":3,"gold_loss":0,"cards_upgraded":["Bouncing Flask"]},{"damage_healed":0,"gold_gain":0,"player_choice":"Leave","damage_taken":0,"max_hp_gain":0,"max_hp_loss":0,"event_name":"The Cleric","floor":4,"gold_loss":0},{"damage_healed":0,"gold_gain":75,"player_choice":"Gather Gold","damage_taken":11,"max_hp_gain":0,"max_hp_loss":0,"event_name":"World of Goop","floor":5,"gold_loss":0},{"damage_healed":0,"gold_gain":0,"player_choice":"Became a vampire","damage_taken":0,"max_hp_gain":0,"max_hp_loss":21,"event_name":"Vampires","floor":19,"gold_loss":0,"cards_obtained":["Bite","Bite","Bite","Bite","Bite"]},{"damage_healed":0,"gold_gain":0,"player_choice":"Bought 1 Potion","damage_taken":0,"max_hp_gain":0,"max_hp_loss":0,"event_name":"The Woman in Blue","floor":20,"gold_loss":0}],"is_beta":false,"boss_relics":[{"not_picked":["Fusion Hammer","Pandora\u0027s Box"],"picked":"HoveringKite"}],"items_purged_floors":[],"is_endless":false,"potions_floor_spawned":[2,6,8,14,16,18,21],"killed_by":"Book of Stabbing","ascension_level":3}