{"gold_per_floor":[111,61,61,80,93,93,125,50,50,68,88,121,121,131,131,230,230,243,254,269,269,22,57,57,92,92,92,92,112,112,41,41,137,137,148,199,216,216,166,191,40,40,40,58,58,8,8,39,39,39,39,39,14,41,41],"floor_reached":56,"playtime":4474,"items_purged":["Strike_G","Writhe","Regret"],"score":1551,"play_id":"02f190f1-c0be-49b8-9243-4c330bb760af","local_time":"20190405143115","is_ascension_mode":true,"campfire_choices":[{"data":"Noxious Fumes","floor":6.0,"key":"SMITH"},{"data":"Neutralize","floor":15.0,"key":"SMITH"},{"floor":24.0,"key":"REST"},{"floor":27.0,"key":"REST"},{"floor":30.0,"key":"REST"},{"data":"Wraith Form v2","floor":32.0,"key":"SMITH"},{"floor":45.0,"key":"RECALL"},{"data":"Envenom","floor":47.0,"key":"SMITH"},{"floor":49,"key":"REST"},{"data":"PiercingWail","floor":52,"key":"SMITH"}],"neow_cost":"NONE","seed_source_timestamp":0,"circlet_count":0,"master_deck":["Survivor","Neutralize+1","Noxious Fumes+1","Dodge and Roll","Dodge and Roll","Poisoned Stab","Well Laid Plans","Dagger Spray","Neutralize+1","Venomology","Backflip","Adrenaline","Calculated Gamble","Envenom+1","Distraction","Endless Agony","Glass Knife","Footwork","Bouncing Flask","Dagger Spray","Skewer","Noxious Fumes+1","PiercingWail","Wraith Form v2+1","Heel Hook","PiercingWail+1","Trip","Deflect","Corpse Explosion","Noxious Fumes+1","Backflip","Backflip+1","Caltrops","Parasite","PiercingWail+1","Adrenaline"],"special_seed":0,"relics":["Ring of the Snake","NeowsBlessing","Ninja Scroll","Mummified Hand","Blue Candle","Pandora\u0027s Box","Kunai","Membership Card","Orichalcum","Dead Branch","Darkstone Periapt","Cursed Key","Ice Cream","Smiling Mask","Thread and Needle","Meat on the Bone","Turnip"],"potions_floor_usage":[50,50,55,55,55,55],"damage_taken":[{"damage":0.0,"enemies":"Jaw Worm","floor":1.0,"turns":1.0},{"damage":0.0,"enemies":"Cultist","floor":4.0,"turns":1.0},{"damage":0.0,"enemies":"Small Slimes","floor":5.0,"turns":1.0},{"damage":15.0,"enemies":"3 Sentries","floor":7.0,"turns":7.0},{"damage":2.0,"enemies":"Exordium Thugs","floor":10.0,"turns":6.0},{"damage":0.0,"enemies":"Blue Slaver","floor":11.0,"turns":4.0},{"damage":6.0,"enemies":"Gremlin Nob","floor":12.0,"turns":5.0},{"damage":4.0,"enemies":"Large Slime","floor":14.0,"turns":5.0},{"damage":21.0,"enemies":"Slime Boss","floor":16.0,"turns":10.0},{"damage":10.0,"enemies":"Shell Parasite","floor":18.0,"turns":4.0},{"damage":4.0,"enemies":"3 Byrds","floor":19.0,"turns":3.0},{"damage":6.0,"enemies":"Centurion and Healer","floor":20.0,"turns":5.0},{"damage":16.0,"enemies":"Gremlin Leader","floor":23.0,"turns":5.0},{"damage":15.0,"enemies":"Slavers","floor":25.0,"turns":6.0},{"damage":20.0,"enemies":"Snake Plant","floor":29.0,"turns":3.0},{"damage":0.0,"enemies":"Automaton","floor":33.0,"turns":8.0},{"damage":0.0,"enemies":"3 Shapes","floor":35.0,"turns":2.0},{"damage":9.0,"enemies":"2 Orb Walkers","floor":36.0,"turns":3.0},{"damage":0.0,"enemies":"Orb Walker","floor":37.0,"turns":2.0},{"damage":0.0,"enemies":"Reptomancer","floor":40.0,"turns":5.0},{"damage":1.0,"enemies":"Writhing Mass","floor":44.0,"turns":4.0},{"damage":18.0,"enemies":"Nemesis","floor":48.0,"turns":5.0},{"damage":41,"enemies":"Awakened One","floor":50,"turns":13},{"damage":2,"enemies":"Shield and Spear","floor":54,"turns":7},{"damage":41,"enemies":"The Heart","floor":55,"turns":9}],"seed_played":"-8076518573466645938","potions_obtained":[{"floor":5.0,"key":"Regen Potion"},{"floor":11.0,"key":"GhostInAJar"},{"floor":16.0,"key":"Swift Potion"},{"floor":25.0,"key":"Strength Potion"},{"floor":33.0,"key":"PowerPotion"},{"floor":36.0,"key":"AttackPotion"},{"floor":40.0,"key":"Fire Potion"},{"floor":54,"key":"Explosive Potion"}],"is_trial":false,"path_per_floor":["?","?","M","?","?","?","?","?","$","?"],"character_chosen":"THE_SILENT","items_purchased":["PiercingWail","Membership Card","Trip","Deflect","Thread and Needle","Block Potion"],"campfire_rested":4,"item_purchase_floors":[22,22,31,31,41,53],"current_hp_per_floor":[70,70,70,70,70,70,55,55,55,53,53,47,47,43,43,37,62,52,48,42,42,42,26,47,32,32,53,53,33,54,54,54,54,66,66,57,57,76,76,76,76,76,82,87,87,87,87,69,88,47,78,78,78,76,47],"gold":41,"neow_bonus":"THREE_ENEMY_KILL","is_prod":false,"is_daily":false,"chose_seed":false,"campfire_upgraded":5,"win_rate":0,"timestamp":1554467475,"path_taken":["M","?","?","M","M","R","E","$","T","M","?","E","?","M","R","BOSS","M","M","M","?","$","E","R","E","T","R","?","M","R","$","R","BOSS","M","?","M","?","$","E","?","?","T","M","R","$","R","E","R","BOSS","R","$","E","BOSS"],"build_version":"2019-01-23","purchased_purges":3,"victory":true,"max_hp_per_floor":[70,70,70,70,70,70,70,70,70,70,70,70,70,70,70,70,70,70,70,70,70,70,70,70,70,70,70,70,70,70,70,70,70,70,70,70,70,76,76,76,76,76,82,88,88,88,88,88,88,88,88,88,88,88,88],"card_choices":[{"not_picked":["PiercingWail","Crippling Poison"],"picked":"Noxious Fumes","floor":1.0},{"not_picked":["Flying Knee","Sucker Punch"],"picked":"Dodge and Roll","floor":4.0},{"not_picked":["Underhanded Strike","Sucker Punch"],"picked":"Dodge and Roll","floor":5.0},{"not_picked":["Prepared","Setup","Tactician"],"picked":"SKIP","floor":7.0},{"not_picked":["Sucker Punch","Blade Dance"],"picked":"Poisoned Stab","floor":10.0},{"not_picked":["Calculated Gamble","Accuracy"],"picked":"Well Laid Plans","floor":11.0},{"not_picked":["Prepared","Outmaneuver"],"picked":"Dagger Spray","floor":12.0},{"not_picked":["Blade Dance","Deflect"],"picked":"Backflip","floor":14.0},{"not_picked":["Burst","Night Terror"],"picked":"Adrenaline","floor":16.0},{"not_picked":["Expertise+1","Deadly Poison"],"picked":"Dagger Spray","floor":18.0},{"not_picked":["Prepared","Flying Knee"],"picked":"Skewer","floor":19.0},{"not_picked":["Tactician+1","Cloak And Dagger"],"picked":"Noxious Fumes+1","floor":20.0},{"not_picked":["Bane","Choke"],"picked":"Wraith Form v2","floor":23.0},{"not_picked":["Blur","Quick Slash"],"picked":"Heel Hook","floor":25.0},{"not_picked":["Sucker Punch","Outmaneuver"],"picked":"PiercingWail+1","floor":29.0},{"not_picked":["Doppelganger","Tools of the Trade"],"picked":"Corpse Explosion","floor":33.0},{"not_picked":["Slice+1","Dagger Spray+1"],"picked":"Noxious Fumes+1","floor":35.0},{"not_picked":["Bouncing Flask","Dagger Throw"],"picked":"Backflip","floor":36.0},{"not_picked":["PiercingWail+1","Dodge and Roll+1"],"picked":"Backflip+1","floor":37.0},{"not_picked":["Dagger Throw+1","PiercingWail+1"],"picked":"Caltrops","floor":40.0},{"not_picked":["Dodge and Roll+1","Choke","All Out Attack"],"picked":"SKIP","floor":44.0},{"not_picked":["Unload","Underhanded Strike+1"],"picked":"PiercingWail","floor":48},{"not_picked":["Cloak And Dagger","Outmaneuver"],"picked":"Adrenaline","floor":54}],"player_experience":396839,"relics_obtained":[{"floor":7.0,"key":"Ninja Scroll"},{"floor":9.0,"key":"Mummified Hand"},{"floor":12.0,"key":"Blue Candle"},{"floor":23.0,"key":"Orichalcum"},{"floor":25.0,"key":"Dead Branch"},{"floor":26.0,"key":"Darkstone Periapt"},{"floor":36.0,"key":"Ice Cream"},{"floor":40.0,"key":"Smiling Mask"},{"floor":48,"key":"Meat on the Bone"},{"floor":54,"key":"Turnip"}],"event_choices":[{"cards_removed":["Strike_G"],"damage_healed":0.0,"max_hp_gain":0.0,"max_hp_loss":0.0,"gold_gain":0.0,"event_name":"The Cleric","player_choice":"Card Removal","floor":2.0,"gold_loss":50.0,"damage_taken":0.0},{"damage_healed":0.0,"max_hp_gain":0.0,"max_hp_loss":0.0,"gold_gain":0.0,"event_name":"Accursed Blacksmith","player_choice":"Forge","floor":3.0,"gold_loss":0.0,"damage_taken":0.0,"cards_upgraded":["Neutralize"]},{"damage_healed":0.0,"max_hp_gain":0.0,"max_hp_loss":0.0,"gold_gain":0.0,"event_name":"Match and Keep!","player_choice":"2 cards matched","floor":13.0,"gold_loss":0.0,"damage_taken":0.0,"cards_obtained":["Neutralize","Venomology"]},{"damage_healed":0.0,"max_hp_gain":0.0,"max_hp_loss":0.0,"gold_gain":0.0,"event_name":"The Mausoleum","player_choice":"Opened","floor":21.0,"gold_loss":0.0,"damage_taken":0.0,"relics_obtained":["Kunai"]},{"damage_healed":0.0,"max_hp_gain":0.0,"max_hp_loss":0.0,"gold_gain":0.0,"event_name":"Vampires","player_choice":"Ignored","floor":28.0,"gold_loss":0.0,"damage_taken":0.0},{"damage_healed":0.0,"max_hp_gain":0.0,"max_hp_loss":0.0,"gold_gain":0.0,"event_name":"Mysterious Sphere","player_choice":"Fight","floor":36.0,"gold_loss":0.0,"damage_taken":0.0},{"damage_healed":18.0,"max_hp_gain":0.0,"max_hp_loss":0.0,"gold_gain":0.0,"event_name":"Winding Halls","player_choice":"Writhe","floor":38.0,"gold_loss":0.0,"damage_taken":0.0,"cards_obtained":["Writhe"]},{"cards_removed":["Setup"],"damage_healed":0.0,"max_hp_gain":0.0,"max_hp_loss":0.0,"gold_gain":0.0,"event_name":"Wheel of Change","player_choice":"Card Removal","floor":42.0,"gold_loss":0.0,"damage_taken":0.0}],"is_beta":false,"boss_relics":[{"not_picked":["HoveringKite","Sozu"],"picked":"Pandora\u0027s Box"},{"not_picked":["Lizard Tail","White Beast Statue"],"picked":"Cursed Key"}],"items_purged_floors":[8,39,46],"is_endless":false,"potions_floor_spawned":[5,11,16,25,33,36,40,44,54],"ascension_level":5}