{"gold_per_floor":[114,64,80,95,112,112,112,112,112,112,142,158,172,198,198,303,303,323,63,162,175,275,275,300,319,319,331,331,344,344,371,371,474,474,494,508,74,93,118,145,145,145,145,160,160,160,41,58,58,58,58,58,10,42,42],"floor_reached":56,"playtime":3285,"items_purged":["Strike_G","Pain"],"score":1277,"play_id":"2eb49f66-72d6-48a9-a09e-668ca7a8d38c","local_time":"20190624130611","is_ascension_mode":true,"campfire_choices":[{"data":"Deadly Poison","floor":6.0,"key":"SMITH"},{"data":"Neutralize","floor":8.0,"key":"SMITH"},{"data":"Footwork","floor":10.0,"key":"SMITH"},{"data":"Noxious Fumes","floor":15.0,"key":"SMITH"},{"data":"Well Laid Plans","floor":23.0,"key":"SMITH"},{"data":"Deadly Poison","floor":28.0,"key":"SMITH"},{"data":"Leg Sweep","floor":30.0,"key":"SMITH"},{"data":"Catalyst","floor":32.0,"key":"SMITH"},{"data":"Blind","floor":42.0,"key":"SMITH"},{"floor":49.0,"key":"RECALL"},{"data":"After Image","floor":52.0,"key":"SMITH"}],"neow_cost":"NONE","seed_source_timestamp":0,"circlet_count":0,"master_deck":["Defend_G","Defend_G","Defend_G","Defend_G","Defend_G","Survivor","Neutralize+1","Deadly Poison+1","Leg Sweep+1","Footwork+1","Noxious Fumes+1","PiercingWail","Caltrops","Dagger Spray","Adrenaline","Leg Sweep","PiercingWail","Well Laid Plans+1","Backflip","Dagger Spray","Deadly Poison+1","Dodge and Roll+1","Backstab","Catalyst+1","After Image+1","Backflip","Prepared+1","Blind+1","Footwork+1","Madness","Madness","Crippling Poison","Bullet Time"],"special_seed":0,"relics":["Ring of the Snake","Meat on the Bone","Darkstone Periapt","Lantern","Orrery","Mercury Hourglass","Bag of Preparation","Paper Crane","Smiling Mask","Empty Cage","Thread and Needle","Happy Flower","Ninja Scroll","WarpedTongs","Gremlin Horn"],"potions_floor_usage":[55,55],"damage_taken":[{"damage":0.0,"enemies":"2 Louse","floor":1.0,"turns":4.0},{"damage":6.0,"enemies":"Cultist","floor":3.0,"turns":6.0},{"damage":2.0,"enemies":"Small Slimes","floor":4.0,"turns":4.0},{"damage":0.0,"enemies":"2 Fungi Beasts","floor":5.0,"turns":6.0},{"damage":8.0,"enemies":"3 Sentries","floor":11.0,"turns":13.0},{"damage":0.0,"enemies":"Red Slaver","floor":12.0,"turns":5.0},{"damage":8.0,"enemies":"Exordium Thugs","floor":13.0,"turns":5.0},{"damage":21.0,"enemies":"Gremlin Nob","floor":14.0,"turns":5.0},{"damage":16.0,"enemies":"Slime Boss","floor":16.0,"turns":11.0},{"damage":0.0,"enemies":"3 Byrds","floor":18.0,"turns":6.0},{"damage":0.0,"enemies":"Chosen","floor":21.0,"turns":6.0},{"damage":11.0,"enemies":"Book of Stabbing","floor":24.0,"turns":6.0},{"damage":16.0,"enemies":"3 Cultists","floor":25.0,"turns":5.0},{"damage":0.0,"enemies":"Cultist and Chosen","floor":27.0,"turns":6.0},{"damage":1.0,"enemies":"Centurion and Healer","floor":29.0,"turns":8.0},{"damage":7.0,"enemies":"Slavers","floor":31.0,"turns":6.0},{"damage":11.0,"enemies":"Collector","floor":33.0,"turns":9.0},{"damage":0.0,"enemies":"3 Shapes","floor":35.0,"turns":7.0},{"damage":0.0,"enemies":"3 Darklings","floor":36.0,"turns":6.0},{"damage":3.0,"enemies":"Transient","floor":38.0,"turns":5.0},{"damage":0.0,"enemies":"Nemesis","floor":40.0,"turns":7.0},{"damage":1.0,"enemies":"4 Shapes","floor":44.0,"turns":6.0},{"damage":0.0,"enemies":"Spire Growth","floor":46.0,"turns":1.0},{"damage":0.0,"enemies":"Jaw Worm Horde","floor":48.0,"turns":5.0},{"damage":62.0,"enemies":"Time Eater","floor":50.0,"turns":18.0},{"damage":6.0,"enemies":"Shield and Spear","floor":54.0,"turns":10.0},{"damage":18,"enemies":"The Heart","floor":55,"turns":11}],"seed_played":"-1003734200620049563","potions_obtained":[{"floor":3.0,"key":"GhostInAJar"},{"floor":4.0,"key":"FearPotion"},{"floor":11.0,"key":"Poison Potion"},{"floor":24.0,"key":"AttackPotion"},{"floor":27.0,"key":"EssenceOfSteel"},{"floor":35.0,"key":"PowerPotion"},{"floor":38.0,"key":"SmokeBomb"},{"floor":48.0,"key":"Poison Potion"}],"is_trial":false,"path_per_floor":["?","?","?","?","M","M","T","?","M","?"],"character_chosen":"THE_SILENT","items_purchased":["Mercury Hourglass","Thread and Needle","Blind","Crippling Poison","Dexterity Potion"],"campfire_rested":0,"item_purchase_floors":[19,37,37,47,53],"current_hp_per_floor":[70,70,64,62,62,62,67,67,67,67,59,59,51,42,42,38,75,75,75,75,75,75,75,64,48,48,48,48,47,47,40,40,41,75,75,75,75,72,72,72,78,78,78,77,67,67,67,67,67,17,81,81,81,75,57],"gold":42,"neow_bonus":"REMOVE_CARD","is_prod":false,"is_daily":false,"chose_seed":false,"campfire_upgraded":10,"win_rate":0,"timestamp":1561374371,"path_taken":["M","?","M","M","M","R","?","R","T","R","E","M","M","E","R","BOSS","M","$","?","M","?","R","E","?","T","M","R","M","R","E","R","BOSS","M","?","$","M","?","E","?","R","T","?","?","M","$","M","R","BOSS","R","$","E","BOSS"],"build_version":"2019-01-23","purchased_purges":2,"victory":true,"max_hp_per_floor":[70,70,70,70,70,70,75,75,75,75,75,75,75,75,75,75,75,75,75,75,75,75,75,75,75,75,75,75,75,75,75,75,75,75,75,75,75,75,75,75,81,81,81,81,81,81,81,81,81,81,81,81,81,81,81],"card_choices":[{"not_picked":["Bane","Acrobatics","Underhanded Strike"],"picked":"SKIP","floor":1.0},{"not_picked":["All Out Attack","Cloak And Dagger"],"picked":"Deadly Poison","floor":3.0},{"not_picked":["Flechettes","All Out Attack"],"picked":"Leg Sweep","floor":4.0},{"not_picked":["Deadly Poison","Flying Knee"],"picked":"Footwork","floor":5.0},{"not_picked":["Grand Finale","Flying Knee"],"picked":"Noxious Fumes","floor":11.0},{"not_picked":["Poisoned Stab","Acrobatics"],"picked":"PiercingWail","floor":12.0},{"not_picked":["Quick Slash","Outmaneuver"],"picked":"Caltrops","floor":13.0},{"not_picked":["Calculated Gamble","Reflex"],"picked":"Dagger Spray","floor":14.0},{"not_picked":["Unload","Doppelganger"],"picked":"Adrenaline","floor":16.0},{"not_picked":["Skewer","Quick Slash"],"picked":"Leg Sweep","floor":17.0},{"not_picked":["Deflect","Riddle With Holes"],"picked":"PiercingWail","floor":17.0},{"not_picked":["Reflex","All Out Attack"],"picked":"Well Laid Plans","floor":17.0},{"not_picked":["Bane","Blade Dance"],"picked":"Backflip","floor":17.0},{"not_picked":["Flying Knee","Expertise+1"],"picked":"Dagger Spray","floor":18.0},{"not_picked":["Slice+1","Quick Slash"],"picked":"Deadly Poison","floor":21.0},{"not_picked":["Acrobatics+1","Blur"],"picked":"Dodge and Roll+1","floor":24.0},{"not_picked":["Infinite Blades","Endless Agony+1"],"picked":"Backstab","floor":25.0},{"not_picked":["Dagger Spray","Eviscerate","Dagger Throw"],"picked":"SKIP","floor":27.0},{"not_picked":["Slice","Underhanded Strike","Masterful Stab+1"],"picked":"SKIP","floor":29.0},{"not_picked":["Underhanded Strike+1","Quick Slash"],"picked":"Catalyst","floor":31.0},{"not_picked":["Adrenaline","Bullet Time"],"picked":"After Image","floor":33.0},{"not_picked":["Dagger Throw","Deadly Poison"],"picked":"Backflip","floor":35.0},{"not_picked":["Cloak And Dagger","Choke+1"],"picked":"Prepared+1","floor":36.0},{"not_picked":["Riddle With Holes","Bane","Slice"],"picked":"SKIP","floor":38.0},{"not_picked":["Predator","Well Laid Plans+1"],"picked":"Footwork+1","floor":40.0},{"not_picked":["Quick Slash","Masterful Stab","Distraction"],"picked":"SKIP","floor":44.0},{"not_picked":["Predator","Prepared","Blade Dance"],"picked":"SKIP","floor":48.0},{"not_picked":["Sucker Punch","Slice"],"picked":"Bullet Time","floor":54.0}],"player_experience":870308,"relics_obtained":[{"floor":9.0,"key":"Meat on the Bone"},{"floor":11.0,"key":"Darkstone Periapt"},{"floor":14.0,"key":"Lantern"},{"floor":24.0,"key":"Bag of Preparation"},{"floor":26.0,"key":"Paper Crane"},{"floor":31.0,"key":"Smiling Mask"},{"floor":39.0,"key":"Happy Flower"},{"floor":40.0,"key":"Ninja Scroll"},{"floor":54.0,"key":"Gremlin Horn"}],"event_choices":[{"cards_removed":["Strike_G"],"damage_healed":0.0,"max_hp_gain":0.0,"max_hp_loss":0.0,"gold_gain":0.0,"event_name":"The Cleric","player_choice":"Card Removal","floor":2.0,"gold_loss":50.0,"damage_taken":0.0},{"damage_healed":0.0,"max_hp_gain":5.0,"max_hp_loss":0.0,"gold_gain":0.0,"event_name":"Big Fish","player_choice":"Donut","floor":7.0,"gold_loss":0.0,"damage_taken":0.0},{"damage_healed":0.0,"max_hp_gain":0.0,"max_hp_loss":0.0,"gold_gain":99.0,"event_name":"Nest","player_choice":"Stole From Cult","floor":20.0,"gold_loss":0.0,"damage_taken":0.0},{"damage_healed":0.0,"max_hp_gain":0.0,"max_hp_loss":0.0,"gold_gain":100.0,"event_name":"Golden Shrine","player_choice":"Pray","floor":22.0,"gold_loss":0.0,"damage_taken":0.0},{"damage_healed":0.0,"max_hp_gain":0.0,"max_hp_loss":0.0,"gold_gain":0.0,"event_name":"Accursed Blacksmith","player_choice":"Rummage","floor":41.0,"gold_loss":0.0,"damage_taken":0.0,"relics_obtained":["WarpedTongs"],"cards_obtained":["Pain"]},{"damage_healed":0.0,"max_hp_gain":0.0,"max_hp_loss":0.0,"gold_gain":0.0,"event_name":"Winding Halls","player_choice":"Embrace Madness","floor":45.0,"gold_loss":0.0,"damage_taken":10.0,"cards_obtained":["Madness","Madness"]}],"is_beta":false,"boss_relics":[{"not_picked":["WristBlade","White Beast Statue"],"picked":"Orrery"},{"not_picked":["Astrolabe","Runic Dome"],"picked":"Empty Cage"}],"items_purged_floors":[37,47],"is_endless":false,"potions_floor_spawned":[3,4,11,12,13,24,25,27,35,38,48],"ascension_level":1}