{"gold_per_floor":[13,33,108,108,58,93,93,125,199,225,225,225,96,111,111,209,209,220,235,247,247,46,46,63,77,100,114,114,124,8,27,27,124,124,142,159,178,36,54,54,81,33,33,68,68,81,81,95,95,95],"floor_reached":51,"playtime":4297,"items_purged":["Parasite"],"score":843,"play_id":"eeb3fdec-e6cb-4859-8b4a-c1ae990e7c51","local_time":"20190402154808","is_ascension_mode":true,"campfire_choices":[{"floor":7,"key":"REST"},{"data":"Glacier","floor":11,"key":"SMITH"},{"floor":15,"key":"REST"},{"data":"Zap","floor":23,"key":"SMITH"},{"floor":32,"key":"REST"},{"floor":40,"key":"REST"},{"data":"Fission","floor":45,"key":"SMITH"},{"floor":49,"key":"REST"}],"neow_cost":"NO_GOLD","seed_source_timestamp":19593422704632,"circlet_count":0,"master_deck":["Defend_B","Zap+1","Dualcast","Ball Lightning+1","Conserve Battery","Gash","Glacier+1","Seek","Coolheaded","Doom and Gloom","FTL+1","Melter","Coolheaded","Sweeping Beam","Go for the Eyes","Fission+1","Defragment","Chaos+1","Panacea","Barrage","Glacier+1","Biased Cognition","Recycle+1","Blizzard+1","Meteor Strike+1","Gash+1","Cold Snap+1","Loop+1","Self Repair","Coolheaded+1","White Noise+1","Core Surge","Gash","Chill","Consume","Go for the Eyes+1"],"relics":["Cracked Core","Whetstone","Darkstone Periapt","Bottled Lightning","Bag of Preparation","Inserter","Boot","Dream Catcher","Astrolabe","Potion Belt","Question Card","Happy Flower"],"potions_floor_usage":[6,8,16,18,25,33,33,33,33,33,33,33,37],"damage_taken":[{"damage":7,"enemies":"2 Louse","floor":1,"turns":2},{"damage":0,"enemies":"Small Slimes","floor":2,"turns":2},{"damage":28,"enemies":"3 Sentries","floor":6,"turns":5},{"damage":9,"enemies":"Lagavulin","floor":8,"turns":5},{"damage":9,"enemies":"3 Sentries","floor":10,"turns":9},{"damage":0,"enemies":"Cultist","floor":14,"turns":3},{"damage":31,"enemies":"Slime Boss","floor":16,"turns":11},{"damage":12,"enemies":"2 Thieves","floor":18,"turns":4},{"damage":15,"enemies":"Spheric Guardian","floor":19,"turns":4},{"damage":19,"enemies":"Snake Plant","floor":20,"turns":5},{"damage":16,"enemies":"Centurion and Healer","floor":24,"turns":7},{"damage":25,"enemies":"Cultist and Chosen","floor":25,"turns":6},{"damage":8,"enemies":"Chosen and Byrds","floor":27,"turns":5},{"damage":10,"enemies":"Colosseum Slavers","floor":28,"turns":3},{"damage":9,"enemies":"Centurion and Healer","floor":29,"turns":5},{"damage":10,"enemies":"Sentry and Sphere","floor":31,"turns":4},{"damage":0,"enemies":"Champ","floor":33,"turns":11},{"damage":25,"enemies":"3 Darklings","floor":35,"turns":5},{"damage":14,"enemies":"3 Shapes","floor":36,"turns":4},{"damage":11,"enemies":"Writhing Mass","floor":37,"turns":6},{"damage":0,"enemies":"4 Shapes","floor":39,"turns":10},{"damage":0,"enemies":"Giant Head","floor":41,"turns":11},{"damage":31,"enemies":"Nemesis","floor":44,"turns":9},{"damage":2,"enemies":"Transient","floor":46,"turns":5},{"damage":0,"enemies":"3 Darklings","floor":48,"turns":5},{"damage":43,"enemies":"Time Eater","floor":50,"turns":8}],"seed_played":"8417422528309149544","potions_obtained":[{"floor":1,"key":"AttackPotion"},{"floor":6,"key":"Explosive Potion"},{"floor":10,"key":"Explosive Potion"},{"floor":16,"key":"Fire Potion"},{"floor":18,"key":"PowerPotion"},{"floor":27,"key":"Weak Potion"},{"floor":31,"key":"EntropicBrew"},{"floor":36,"key":"SpeedPotion"},{"floor":37,"key":"Block Potion"},{"floor":39,"key":"Energy Potion"}],"is_trial":false,"path_per_floor":["?","?","?","?","?","M","?","?"],"character_chosen":"DEFECT","items_purchased":["Coolheaded","Doom and Gloom","Sweeping Beam","Boot","Defragment","Panacea","Self Repair","Gash"],"campfire_rested":5,"item_purchase_floors":[13,13,22,22,30,30,38,42],"current_hp_per_floor":[68,68,57,57,57,29,51,42,42,33,33,26,26,26,48,17,75,63,48,29,85,85,85,69,44,44,36,26,17,17,7,32,32,85,60,46,41,41,48,74,81,81,81,57,57,55,55,55,81,38],"gold":95,"neow_bonus":"REMOVE_TWO","is_prod":false,"is_daily":false,"chose_seed":false,"campfire_upgraded":3,"win_rate":0,"timestamp":1554212888,"path_taken":["M","M","?","?","?","E","R","E","T","E","R","?","$","M","R","BOSS","M","M","M","?","$","R","M","M","T","?","?","M","$","M","R","BOSS","M","M","M","$","M","R","E","$","T","E","R","M","?","M","R","BOSS"],"build_version":"2019-01-23","purchased_purges":1,"victory":true,"max_hp_per_floor":[75,75,75,75,75,75,75,75,75,75,75,75,75,75,75,75,75,75,75,75,85,85,85,85,85,85,85,85,85,85,85,85,85,85,85,85,91,88,88,88,88,88,88,88,88,88,88,88,88,88],"card_choices":[{"not_picked":["Streamline","Go for the Eyes"],"picked":"Ball Lightning","floor":1},{"not_picked":["Doom and Gloom","Gash"],"picked":"Conserve Battery","floor":2},{"not_picked":["Streamline","Barrage"],"picked":"Gash","floor":6},{"not_picked":["Skim","Redo"],"picked":"Glacier","floor":8},{"not_picked":["Compile Driver","Recycle"],"picked":"Seek","floor":10},{"not_picked":["Leap","Rebound","Darkness"],"picked":"SKIP","floor":14},{"not_picked":["Seek","Machine Learning"],"picked":"All For One","floor":16},{"not_picked":["Rebound","Heatsinks"],"picked":"FTL+1","floor":18},{"not_picked":["Hologram","Aggregate"],"picked":"Melter","floor":19},{"not_picked":["Streamline","Hello World"],"picked":"Coolheaded","floor":20},{"not_picked":["Aggregate","Turbo+1"],"picked":"Go for the Eyes","floor":24},{"not_picked":["Beam Cell","Melter+1"],"picked":"Fission","floor":25},{"not_picked":["Turbo","Loop+1"],"picked":"Defragment","floor":27},{"not_picked":["Beam Cell","Steam"],"picked":"Chaos+1","floor":29},{"not_picked":["Stack+1","Double Energy"],"picked":"Barrage","floor":31},{"not_picked":["Beam Cell+1","Hologram+1"],"picked":"Glacier+1","floor":32},{"not_picked":["Fission","Creative AI"],"picked":"Biased Cognition","floor":33},{"not_picked":["Compile Driver+1","Stack"],"picked":"Gash+1","floor":35},{"not_picked":["Rip and Tear","FTL"],"picked":"Cold Snap+1","floor":36},{"not_picked":["Compile Driver+1","Leap+1"],"picked":"Loop+1","floor":37},{"not_picked":["Turbo+1","Streamline+1"],"picked":"Coolheaded+1","floor":39},{"not_picked":["Stack","Rip and Tear"],"picked":"White Noise+1","floor":40},{"not_picked":["Beam Cell+1","Compile Driver+1"],"picked":"Core Surge","floor":41},{"not_picked":["Reinforced Body+1","Glacier+1","Go for the Eyes"],"picked":"Chill","floor":44},{"not_picked":["Doom and Gloom","Ball Lightning","White Noise","Go for the Eyes"],"picked":"SKIP","floor":46},{"not_picked":["Streamline+1","Sweeping Beam","Auto Shields"],"picked":"Consume","floor":48},{"not_picked":["Sweeping Beam+1","Cold Snap","Streamline"],"picked":"Go for the Eyes+1","floor":49}],"player_experience":355862,"relics_obtained":[{"floor":6,"key":"Whetstone"},{"floor":8,"key":"Darkstone Periapt"},{"floor":9,"key":"Bottled Lightning"},{"floor":10,"key":"Bag of Preparation"},{"floor":26,"key":"Dream Catcher"},{"floor":41,"key":"Potion Belt"},{"floor":43,"key":"Question Card"},{"floor":44,"key":"Happy Flower"}],"event_choices":[{"damage_healed":0,"gold_gain":75,"player_choice":"Gather Gold","damage_taken":11,"max_hp_gain":0,"max_hp_loss":0,"event_name":"World of Goop","floor":3,"gold_loss":0},{"damage_healed":0,"gold_gain":0,"player_choice":"Ignored","damage_taken":0,"max_hp_gain":0,"max_hp_loss":0,"event_name":"Liars Game","floor":4,"gold_loss":0},{"cards_removed":["Strike_B"],"damage_healed":0,"gold_gain":0,"player_choice":"Card Removal","damage_taken":0,"max_hp_gain":0,"max_hp_loss":0,"event_name":"The Cleric","floor":5,"gold_loss":50},{"cards_removed":["Strike_B"],"damage_healed":0,"gold_gain":0,"player_choice":"Card Removal","damage_taken":7,"max_hp_gain":0,"max_hp_loss":0,"event_name":"Golden Wing","floor":12,"gold_loss":0},{"cards_removed":["All For One"],"damage_healed":46,"gold_gain":0,"player_choice":"Offered Rare","damage_taken":0,"max_hp_gain":10,"max_hp_loss":0,"event_name":"Bonfire Elementals","floor":21,"gold_loss":0},{"damage_healed":0,"gold_gain":0,"player_choice":"Fight","damage_taken":0,"max_hp_gain":0,"max_hp_loss":0,"event_name":"Colosseum","floor":28,"gold_loss":0},{"damage_healed":0,"gold_gain":0,"player_choice":"Fled From Nobs","damage_taken":0,"max_hp_gain":0,"max_hp_loss":0,"event_name":"Colosseum","floor":28,"gold_loss":0},{"cards_removed":["Defragment"],"damage_healed":0,"gold_gain":0,"player_choice":"Removed Power","damage_taken":0,"max_hp_gain":0,"max_hp_loss":0,"event_name":"Falling","floor":47,"gold_loss":0}],"is_beta":false,"boss_relics":[{"not_picked":["Eternal Feather","Cursed Key"],"picked":"Inserter"},{"not_picked":["Coffee Dripper","Lizard Tail"],"picked":"Astrolabe"}],"items_purged_floors":[38],"is_endless":false,"potions_floor_spawned":[1,6,10,16,18,27,28,31,36,37,39],"ascension_level":1}