{"gold_per_floor":[19,33,133,149,160,160,193,193,193,223,223,258,258,289,289,394,394,414,414,445,445,461,163,163,178,251,251,286,44,44,79,79,175,175,193,193,212,227,227,227,241,241,241,463,563,579,589,622,622,622,622,622,14,39,39],"floor_reached":56,"playtime":4696,"items_purged":["Strike_G"],"score":1366,"play_id":"9f7a792b-20ef-468f-819e-c332fc411e95","local_time":"20190607085014","is_ascension_mode":true,"campfire_choices":[{"data":"Dagger Spray","floor":6.0,"key":"SMITH"},{"data":"Neutralize","floor":8.0,"key":"SMITH"},{"floor":11.0,"key":"REST"},{"data":"Dash","floor":13.0,"key":"SMITH"},{"data":"Deadly Poison","floor":15.0,"key":"SMITH"},{"data":"Wraith Form v2","floor":24.0,"key":"SMITH"},{"data":"Crippling Poison","floor":27.0,"key":"SMITH"},{"data":"Ghostly","floor":32.0,"key":"SMITH"},{"data":"Ghostly","floor":40.0,"key":"SMITH"},{"floor":42.0,"key":"RECALL"},{"data":"Ghostly","floor":49.0,"key":"SMITH"},{"data":"Ghostly","floor":52.0,"key":"SMITH"}],"neow_cost":"NO_GOLD","seed_source_timestamp":0,"circlet_count":0,"master_deck":["Defend_G","Defend_G","Defend_G","Defend_G","Defend_G","Survivor","Neutralize+1","Dagger Spray+1","Deadly Poison+1","Predator","Crippling Poison+1","Backflip","Well Laid Plans","Dash+1","Cloak And Dagger","Wraith Form v2+1","Calculated Gamble","PiercingWail","Glass Knife","Catalyst","Backflip","PiercingWail","Panacea","Ghostly+1","Ghostly+1","Ghostly+1","Ghostly+1","Ghostly","Malaise","Burst","Backflip+1","Deadly Poison+1","Deadly Poison+1","Backflip"],"special_seed":0,"relics":["Ring of the Snake","Paper Crane","Question Card","Vajra","Happy Flower","Coffee Dripper","Peace Pipe","Red Mask","PreservedInsect","Bottled Lightning","Pen Nib","Bag of Preparation","Matryoshka","Empty Cage","Strawberry","Ice Cream","Orichalcum","Sling","Blood Vial","Boot"],"potions_floor_usage":[55,55,55],"damage_taken":[{"damage":12.0,"enemies":"Jaw Worm","floor":1.0,"turns":6.0},{"damage":1.0,"enemies":"Cultist","floor":2.0,"turns":4.0},{"damage":0.0,"enemies":"2 Louse","floor":4.0,"turns":2.0},{"damage":7.0,"enemies":"Large Slime","floor":5.0,"turns":8.0},{"damage":15.0,"enemies":"Lagavulin","floor":7.0,"turns":7.0},{"damage":16.0,"enemies":"Gremlin Nob","floor":10.0,"turns":4.0},{"damage":6.0,"enemies":"3 Sentries","floor":12.0,"turns":7.0},{"damage":9.0,"enemies":"Gremlin Nob","floor":14.0,"turns":4.0},{"damage":12.0,"enemies":"Slime Boss","floor":16.0,"turns":12.0},{"damage":1.0,"enemies":"3 Byrds","floor":18.0,"turns":4.0},{"damage":0.0,"enemies":"Masked Bandits","floor":20.0,"turns":4.0},{"damage":1.0,"enemies":"Colosseum Slavers","floor":21.0,"turns":5.0},{"damage":0.0,"enemies":"Shell Parasite","floor":22.0,"turns":4.0},{"damage":0.0,"enemies":"Cultist and Chosen","floor":25.0,"turns":5.0},{"damage":3.0,"enemies":"Slavers","floor":28.0,"turns":4.0},{"damage":3.0,"enemies":"Gremlin Leader","floor":31.0,"turns":6.0},{"damage":6.0,"enemies":"Automaton","floor":33.0,"turns":16.0},{"damage":0.0,"enemies":"3 Darklings","floor":35.0,"turns":5.0},{"damage":0.0,"enemies":"Orb Walker","floor":37.0,"turns":5.0},{"damage":12.0,"enemies":"Jaw Worm Horde","floor":38.0,"turns":6.0},{"damage":2.0,"enemies":"Spire Growth","floor":41.0,"turns":7.0},{"damage":0.0,"enemies":"4 Shapes","floor":46.0,"turns":7.0},{"damage":0.0,"enemies":"3 Darklings","floor":47.0,"turns":5.0},{"damage":0.0,"enemies":"Nemesis","floor":48.0,"turns":7.0},{"damage":3.0,"enemies":"Awakened One","floor":50.0,"turns":20.0},{"damage":0.0,"enemies":"Shield and Spear","floor":54.0,"turns":7.0},{"damage":24,"enemies":"The Heart","floor":55,"turns":14}],"seed_played":"7901660997670271008","potions_obtained":[{"floor":1.0,"key":"SteroidPotion"},{"floor":7.0,"key":"Dexterity Potion"},{"floor":16.0,"key":"Block Potion"},{"floor":18.0,"key":"PowerPotion"},{"floor":38.0,"key":"Dexterity Potion"},{"floor":46.0,"key":"SkillPotion"}],"is_trial":false,"path_per_floor":["?","T","?","?","?","?","?","?"],"character_chosen":"THE_SILENT","items_purchased":["PreservedInsect","Catalyst","Bag of Preparation","Panacea","Orichalcum","Sling","Blood Vial","Energy Potion","Weak Potion"],"campfire_rested":1,"item_purchase_floors":[23,23,29,29,53,53,53,53,53],"current_hp_per_floor":[58,57,57,57,50,50,35,35,35,19,40,34,34,25,25,13,70,69,69,69,68,68,68,68,68,68,68,65,65,35,32,32,26,35,35,35,35,23,23,23,21,21,28,28,28,28,28,28,28,25,42,42,42,42,18],"gold":39,"neow_bonus":"REMOVE_TWO","is_prod":false,"is_daily":false,"chose_seed":false,"campfire_upgraded":10,"win_rate":0,"timestamp":1559890214,"path_taken":["M","M","?","M","M","R","E","R","T","E","R","E","R","E","R","BOSS","M","?","?","?","M","$","R","M","T","R","E","$","?","E","R","BOSS","M","$","M","M","?","R","M","R","T","?","?","M","M","E","R","BOSS","R","$","E","BOSS"],"build_version":"2019-01-23","purchased_purges":1,"victory":true,"max_hp_per_floor":[70,70,70,70,70,70,70,70,70,70,70,70,70,70,70,70,70,70,70,70,70,70,70,70,70,70,70,70,70,35,35,35,35,35,35,35,35,35,35,35,35,35,42,42,42,42,42,42,42,42,42,42,42,42,42],"card_choices":[{"not_picked":["Expertise","Outmaneuver"],"picked":"Dagger Spray","floor":1.0},{"not_picked":["Riddle With Holes","Prepared"],"picked":"Deadly Poison","floor":2.0},{"not_picked":["Underhanded Strike","Doppelganger"],"picked":"Predator","floor":4.0},{"not_picked":["Sucker Punch","Underhanded Strike"],"picked":"Crippling Poison","floor":5.0},{"not_picked":["Tactician","Cloak And Dagger"],"picked":"Backflip","floor":7.0},{"not_picked":["Outmaneuver","Cloak And Dagger","Backstab"],"picked":"Well Laid Plans","floor":10.0},{"not_picked":["Underhanded Strike","Blur","Eviscerate"],"picked":"Dash","floor":12.0},{"not_picked":["Dash","Reflex","Infinite Blades"],"picked":"Cloak And Dagger","floor":14.0},{"not_picked":["Burst","Phantasmal Killer","Die Die Die"],"picked":"Wraith Form v2","floor":16.0},{"not_picked":["Underhanded Strike","Acrobatics","Choke+1"],"picked":"Calculated Gamble","floor":18.0},{"not_picked":["Acrobatics","Escape Plan","Flying Knee"],"picked":"PiercingWail","floor":20.0},{"not_picked":["Heel Hook+1","Slice","PiercingWail+1"],"picked":"Glass Knife","floor":22.0},{"not_picked":["Choke","Terror+1","Acrobatics"],"picked":"Backflip","floor":25.0},{"not_picked":["Venomology","Outmaneuver","Backflip"],"picked":"PiercingWail","floor":28.0},{"not_picked":["Setup","Eviscerate","Slice+1"],"picked":"Malaise","floor":31.0},{"not_picked":["Storm of Steel","Die Die Die","After Image"],"picked":"Burst","floor":33.0},{"not_picked":["Predator","Backstab","Quick Slash"],"picked":"Backflip+1","floor":35.0},{"not_picked":["Bane","Sucker Punch","Deadly Poison","Infinite Blades"],"picked":"SKIP","floor":37.0},{"not_picked":["Finisher","Outmaneuver+1","PiercingWail+1","Accuracy+1"],"picked":"SKIP","floor":38.0},{"not_picked":["Riddle With Holes","Underhanded Strike","Sucker Punch","Bane+1"],"picked":"SKIP","floor":41.0},{"not_picked":["Flechettes","PiercingWail+1","Masterful Stab+1"],"picked":"Deadly Poison+1","floor":46.0},{"not_picked":["Dodge and Roll","Masterful Stab","Blade Dance"],"picked":"Deadly Poison+1","floor":47.0},{"not_picked":["Predator+1","Reflex","Deflect+1"],"picked":"Backflip","floor":48.0},{"not_picked":["Expertise+1","Acrobatics+1","Caltrops","Eviscerate"],"picked":"SKIP","floor":54.0}],"player_experience":802754,"relics_obtained":[{"floor":7.0,"key":"Paper Crane"},{"floor":9.0,"key":"Question Card"},{"floor":12.0,"key":"Vajra"},{"floor":14.0,"key":"Happy Flower"},{"floor":19.0,"key":"Peace Pipe"},{"floor":20.0,"key":"Red Mask"},{"floor":26.0,"key":"Bottled Lightning"},{"floor":28.0,"key":"Pen Nib"},{"floor":31.0,"key":"Matryoshka"},{"floor":43.0,"key":"Strawberry"},{"floor":48.0,"key":"Ice Cream"},{"floor":54.0,"key":"Boot"}],"event_choices":[{"damage_healed":0.0,"max_hp_gain":0.0,"max_hp_loss":0.0,"gold_gain":100.0,"event_name":"Golden Shrine","player_choice":"Pray","floor":3.0,"gold_loss":0.0,"damage_taken":0.0},{"damage_healed":0.0,"max_hp_gain":0.0,"max_hp_loss":0.0,"gold_gain":0.0,"event_name":"Masked Bandits","player_choice":"Fought Bandits","floor":20.0,"gold_loss":0.0,"damage_taken":0.0},{"damage_healed":0.0,"max_hp_gain":0.0,"max_hp_loss":0.0,"gold_gain":0.0,"event_name":"Colosseum","player_choice":"Fight","floor":21.0,"gold_loss":0.0,"damage_taken":0.0},{"damage_healed":0.0,"max_hp_gain":0.0,"max_hp_loss":0.0,"gold_gain":0.0,"event_name":"Colosseum","player_choice":"Fled From Nobs","floor":21.0,"gold_loss":0.0,"damage_taken":0.0},{"damage_healed":0.0,"max_hp_gain":0.0,"max_hp_loss":35.0,"gold_gain":0.0,"event_name":"Ghosts","player_choice":"Became a Ghost","floor":30.0,"gold_loss":0.0,"damage_taken":0.0,"cards_obtained":["Ghostly","Ghostly","Ghostly","Ghostly","Ghostly"]},{"damage_healed":0.0,"max_hp_gain":0.0,"max_hp_loss":0.0,"gold_gain":0.0,"event_name":"SensoryStone","player_choice":"Memory 1","floor":39.0,"gold_loss":0.0,"damage_taken":0.0},{"damage_healed":0.0,"max_hp_gain":0.0,"max_hp_loss":0.0,"gold_gain":222.0,"event_name":"Tomb of Lord Red Mask","player_choice":"Wore Mask","floor":44.0,"gold_loss":0.0,"damage_taken":0.0},{"damage_healed":0.0,"max_hp_gain":0.0,"max_hp_loss":0.0,"gold_gain":100.0,"event_name":"Golden Shrine","player_choice":"Pray","floor":45.0,"gold_loss":0.0,"damage_taken":0.0}],"is_beta":false,"boss_relics":[{"not_picked":["Lizard Tail","Calling Bell"],"picked":"Coffee Dripper"},{"not_picked":["Ring of the Serpent","Black Star"],"picked":"Empty Cage"}],"items_purged_floors":[23],"is_endless":false,"potions_floor_spawned":[1,7,16,18,22,25,28,38,46,47],"ascension_level":1}