{"gold_per_floor":[110,125,125,137,155,180,180,200,275,285,285,305,52,79,79,79],"floor_reached":16,"playtime":1545,"items_purged":[],"score":114,"play_id":"1b79f30e-be45-4cf6-831a-e4a4740fe09f","local_time":"20190714175702","is_ascension_mode":false,"campfire_choices":[{"data":"Crippling Poison","floor":7,"key":"SMITH"},{"floor":15,"key":"REST"}],"neow_cost":"NONE","seed_source_timestamp":136970566192364,"circlet_count":0,"master_deck":["Strike_G","Strike_G","Strike_G","Strike_G","Strike_G","Defend_G","Defend_G","Defend_G","Defend_G","Defend_G","Survivor","Neutralize","Choke","Blade Dance","Crippling Poison+1","PiercingWail","Prepared","Glass Knife","Masterful Stab","Dash","Acrobatics","All Out Attack+1"],"relics":["Ring of the Snake","Pear","Ornamental Fan","NlothsMask","Molten Egg 2","Bird Faced Urn"],"potions_floor_usage":[6,6,14,14],"damage_taken":[{"damage":1,"enemies":"Cultist","floor":1,"turns":4},{"damage":0,"enemies":"Small Slimes","floor":2,"turns":3},{"damage":3,"enemies":"Jaw Worm","floor":4,"turns":3},{"damage":14,"enemies":"Large Slime","floor":5,"turns":5},{"damage":26,"enemies":"3 Sentries","floor":6,"turns":10},{"damage":12,"enemies":"Exordium Thugs","floor":8,"turns":3},{"damage":3,"enemies":"2 Fungi Beasts","floor":10,"turns":3},{"damage":3,"enemies":"Looter","floor":12,"turns":2},{"damage":17,"enemies":"Gremlin Nob","floor":14,"turns":4},{"damage":40,"enemies":"The Guardian","floor":16,"turns":8}],"seed_played":"8114627302861706144","potions_obtained":[{"floor":2,"key":"EssenceOfSteel"},{"floor":4,"key":"SkillPotion"},{"floor":8,"key":"Regen Potion"},{"floor":10,"key":"Swift Potion"},{"floor":14,"key":"Explosive Potion"}],"is_trial":false,"path_per_floor":["M","M","?","M","M","E","R","M","T","M","?","M","$","E","R","B"],"character_chosen":"THE_SILENT","items_purchased":["Molten Egg 2"],"campfire_rested":1,"item_purchase_floors":[13],"current_hp_per_floor":[69,69,69,66,52,36,36,24,24,21,21,18,18,13,37,0],"gold":79,"neow_bonus":"THREE_CARDS","is_prod":false,"is_daily":false,"chose_seed":false,"campfire_upgraded":1,"win_rate":0,"timestamp":1563152222,"path_taken":["M","M","?","M","M","E","R","M","T","M","?","?","$","E","R","BOSS"],"build_version":"2019-07-10","purchased_purges":0,"victory":false,"max_hp_per_floor":[70,70,70,70,70,80,80,80,80,80,80,80,80,80,80,80],"card_choices":[{"not_picked":["Outmaneuver","Dodge and Roll"],"picked":"Choke","floor":0},{"not_picked":["Underhanded Strike","Outmaneuver"],"picked":"Blade Dance","floor":1},{"not_picked":["Dodge and Roll","Deadly Poison"],"picked":"Crippling Poison","floor":2},{"not_picked":["Reflex","Sucker Punch"],"picked":"PiercingWail","floor":4},{"not_picked":["Deadly Poison","Choke"],"picked":"Prepared","floor":5},{"not_picked":["Quick Slash","Underhanded Strike"],"picked":"Glass Knife","floor":6},{"not_picked":["Predator","Outmaneuver"],"picked":"Masterful Stab","floor":8},{"not_picked":["Sucker Punch","Slice"],"picked":"Dash","floor":10},{"not_picked":["Deadly Poison","PiercingWail"],"picked":"Acrobatics","floor":12},{"not_picked":["Setup","Slice+1"],"picked":"All Out Attack+1","floor":14}],"player_experience":1097890,"relics_obtained":[{"floor":6,"key":"Pear"},{"floor":9,"key":"Ornamental Fan"},{"floor":14,"key":"Bird Faced Urn"}],"event_choices":[{"damage_healed":0,"gold_gain":0,"player_choice":"Ignored","damage_taken":0,"max_hp_gain":0,"max_hp_loss":0,"event_name":"Liars Game","floor":3,"gold_loss":0},{"damage_healed":0,"gold_gain":0,"player_choice":"Trade","damage_taken":0,"relics_obtained":["NlothsMask"],"max_hp_gain":0,"max_hp_loss":0,"event_name":"FaceTrader","floor":11,"gold_loss":0}],"is_beta":true,"boss_relics":[],"items_purged_floors":[],"is_endless":false,"potions_floor_spawned":[2,4,8,10,14],"killed_by":"The Guardian","ascension_level":0}