{"gold_per_floor":[117,132,143,93,18,18,50,50,50,78,78,78,38,48,48,152,152,170,170,0,14,30,30,63,81,81,81,97,97,122,135,135,240,240,253,253,253,269,269,269,289,99,176,196,196,228,248,3,3,3],"floor_reached":50,"playtime":3056,"items_purged":["Strike_B"],"score":546,"play_id":"6a53811e-4aab-45f0-82cc-a86b62d17ef5","local_time":"20190510094343","is_ascension_mode":true,"campfire_choices":[{"data":"Zap","floor":6.0,"key":"SMITH"},{"data":"Go for the Eyes","floor":8.0,"key":"SMITH"},{"data":"Consume","floor":11.0,"key":"SMITH"},{"data":"Darkness","floor":15.0,"key":"SMITH"},{"data":"Reinforced Body","floor":23,"key":"SMITH"},{"floor":27,"key":"REST"},{"floor":32,"key":"REST"},{"floor":40,"key":"REST"},{"floor":45,"key":"RECALL"},{"floor":49,"key":"REST"}],"neow_cost":"NONE","seed_source_timestamp":0,"circlet_count":0,"master_deck":["Defend_B","Defend_B","Defend_B","Defend_B","Zap+1","Dualcast","Cold Snap+1","Go for the Eyes+1","Static Discharge","Consume+1","Darkness+1","Multi-Cast","Darkness+1","Reinforced Body+1","Go for the Eyes","Coolheaded+1","Gash+1","Gash+1","Steam+1","Ball Lightning","Echo Form","Defragment+1","Cold Snap+1","Steam+1","Doom and Gloom","Redo","Steam","Redo+1","Turbo+1","Darkness+1","Leap","Coolheaded"],"special_seed":0,"relics":["Cracked Core","Emotion Chip","Gremlin Horn","Whetstone","Pantograph","Empty Cage","DataDisk","Question Card","Pen Nib","Anchor","Fusion Hammer","The Courier","GremlinMask","Bottled Tornado","ClockworkSouvenir"],"potions_floor_usage":[24,24,25,33,41,46,47,50],"damage_taken":[{"damage":7.0,"enemies":"2 Louse","floor":1.0,"turns":2.0},{"damage":0.0,"enemies":"Small Slimes","floor":2.0,"turns":2.0},{"damage":5.0,"enemies":"Jaw Worm","floor":3.0,"turns":3.0},{"damage":9.0,"enemies":"Lagavulin","floor":7.0,"turns":8.0},{"damage":12.0,"enemies":"Gremlin Nob","floor":10.0,"turns":4.0},{"damage":0.0,"enemies":"Red Slaver","floor":14.0,"turns":3.0},{"damage":38.0,"enemies":"The Guardian","floor":16.0,"turns":8.0},{"damage":7,"enemies":"Shell Parasite","floor":18,"turns":6},{"damage":21,"enemies":"2 Thieves","floor":21,"turns":4},{"damage":13,"enemies":"Snecko","floor":22,"turns":4},{"damage":38,"enemies":"Gremlin Leader","floor":24,"turns":9},{"damage":1,"enemies":"Shelled Parasite and Fungi","floor":25,"turns":8},{"damage":3,"enemies":"Sentry and Sphere","floor":28,"turns":5},{"damage":1,"enemies":"Colosseum Slavers","floor":29,"turns":5},{"damage":5,"enemies":"Book of Stabbing","floor":30,"turns":4},{"damage":1,"enemies":"Snake Plant","floor":31,"turns":3},{"damage":38,"enemies":"Automaton","floor":33,"turns":8},{"damage":29,"enemies":"3 Darklings","floor":35,"turns":5},{"damage":8,"enemies":"Orb Walker","floor":38,"turns":5},{"damage":19,"enemies":"4 Shapes","floor":41,"turns":7},{"damage":9,"enemies":"Sphere and 2 Shapes","floor":44,"turns":6},{"damage":59,"enemies":"Giant Head","floor":46,"turns":9},{"damage":11,"enemies":"Spire Growth","floor":47,"turns":4},{"damage":57,"enemies":"Awakened One","floor":50,"turns":10}],"seed_played":"8539867150645918858","potions_obtained":[{"floor":14.0,"key":"EssenceOfSteel"},{"floor":16.0,"key":"Energy Potion"},{"floor":22,"key":"Weak Potion"},{"floor":25,"key":"Energy Potion"},{"floor":28,"key":"SpeedPotion"},{"floor":35,"key":"Regen Potion"},{"floor":41,"key":"AttackPotion"},{"floor":44,"key":"Regen Potion"}],"is_trial":false,"path_per_floor":["?","?","?","?","?","M","T","?","M"],"character_chosen":"DEFECT","items_purchased":["Darkness","Doom and Gloom","Redo","LiquidBronze","Steam","ClockworkSouvenir","Leap","Coolheaded"],"campfire_rested":4,"item_purchase_floors":[13,42,42,42,42,48,48,48],"current_hp_per_floor":[75,75,70,70,70,70,61,61,61,49,49,42,42,42,42,29,82,75,75,75,54,41,41,3,2,2,26,23,22,17,16,40,27,82,53,53,53,45,45,69,65,65,65,56,56,12,1,1,25,0],"gold":3,"neow_bonus":"TEN_PERCENT_HP_BONUS","is_prod":false,"is_daily":false,"chose_seed":false,"campfire_upgraded":5,"win_rate":0,"timestamp":1557474223,"path_taken":["M","M","M","?","$","R","E","R","T","E","R","?","$","M","R","BOSS","M","?","?","M","M","R","E","M","T","R","M","?","E","?","R","BOSS","M","?","?","?","$","R","M","$","T","M","R","E","M","$","R","BOSS"],"build_version":"2019-01-23","purchased_purges":1,"victory":false,"max_hp_per_floor":[82,82,82,82,82,82,82,82,82,82,82,82,82,82,82,82,82,82,82,82,82,82,82,82,82,82,82,82,82,82,82,82,82,82,82,82,82,82,82,82,82,82,82,82,82,82,82,82,82,82],"card_choices":[{"not_picked":["Barrage","Force Field"],"picked":"Cold Snap","floor":1.0},{"not_picked":["Coolheaded","Recycle"],"picked":"Go for the Eyes","floor":2.0},{"not_picked":["Heatsinks","Redo","Gash"],"picked":"SKIP","floor":3.0},{"not_picked":["Storm","Rip and Tear"],"picked":"Static Discharge","floor":7.0},{"not_picked":["Steam","Hello World"],"picked":"Consume","floor":10.0},{"not_picked":["Turbo","Tempest","Streamline"],"picked":"SKIP","floor":14.0},{"not_picked":["All For One","Reboot"],"picked":"Multi-Cast","floor":16.0},{"not_picked":["Ball Lightning","Hologram"],"picked":"Darkness+1","floor":18},{"not_picked":["Coolheaded","Ball Lightning"],"picked":"Reinforced Body","floor":21},{"not_picked":["Compile Driver","Fusion"],"picked":"Go for the Eyes","floor":22},{"not_picked":["Darkness","Conserve Battery"],"picked":"Coolheaded+1","floor":24},{"not_picked":["Conserve Battery","Coolheaded","Steam"],"picked":"Gash+1","floor":25},{"not_picked":["FTL","Streamline","Conserve Battery"],"picked":"Gash+1","floor":28},{"not_picked":["Streamline+1","Multi-Cast","Rip and Tear"],"picked":"Steam+1","floor":30},{"not_picked":["Turbo+1","Compile Driver","Stack"],"picked":"Ball Lightning","floor":31},{"not_picked":["Multi-Cast","Core Surge","All For One"],"picked":"Echo Form","floor":33},{"not_picked":["Rebound","Streamline+1","Beam Cell"],"picked":"Defragment+1","floor":35},{"not_picked":["Compile Driver","Chill","Hologram+1"],"picked":"Cold Snap+1","floor":38},{"not_picked":["Multi-Cast","Storm+1","Go for the Eyes+1"],"picked":"Steam+1","floor":41},{"not_picked":["Chaos","Cold Snap","Barrage"],"picked":"Redo+1","floor":44},{"not_picked":["Barrage","Lockon","Machine Learning"],"picked":"Turbo+1","floor":46},{"not_picked":["Chill","Recycle+1","Redo"],"picked":"Darkness+1","floor":47}],"player_experience":617800,"relics_obtained":[{"floor":7.0,"key":"Emotion Chip"},{"floor":9.0,"key":"Gremlin Horn"},{"floor":10.0,"key":"Whetstone"},{"floor":24,"key":"Question Card"},{"floor":26,"key":"Pen Nib"},{"floor":30,"key":"Anchor"},{"floor":36,"key":"The Courier"},{"floor":46,"key":"Bottled Tornado"}],"event_choices":[{"cards_removed":["Strike_B"],"damage_healed":0.0,"max_hp_gain":0.0,"max_hp_loss":0.0,"gold_gain":0.0,"event_name":"The Cleric","player_choice":"Card Removal","floor":4.0,"gold_loss":50.0,"damage_taken":0.0},{"damage_healed":0.0,"max_hp_gain":0.0,"max_hp_loss":0.0,"gold_gain":0.0,"event_name":"Scrap Ooze","player_choice":"Success","floor":12.0,"gold_loss":0.0,"damage_taken":7.0,"relics_obtained":["Pantograph"]},{"damage_healed":0,"gold_gain":0,"player_choice":"Opened","damage_taken":0,"relics_obtained":["DataDisk"],"max_hp_gain":0,"max_hp_loss":0,"event_name":"The Mausoleum","floor":19,"gold_loss":0},{"damage_healed":0,"gold_gain":0,"player_choice":"Paid Fearfully","damage_taken":0,"max_hp_gain":0,"max_hp_loss":0,"event_name":"Masked Bandits","floor":20,"gold_loss":170},{"damage_healed":0,"gold_gain":0,"player_choice":"Fight","damage_taken":0,"max_hp_gain":0,"max_hp_loss":0,"event_name":"Colosseum","floor":29,"gold_loss":0},{"damage_healed":0,"gold_gain":0,"player_choice":"Fled From Nobs","damage_taken":0,"max_hp_gain":0,"max_hp_loss":0,"event_name":"Colosseum","floor":29,"gold_loss":0},{"damage_healed":0,"gold_gain":0,"player_choice":"Trade","damage_taken":0,"relics_obtained":["GremlinMask"],"max_hp_gain":0,"max_hp_loss":0,"event_name":"FaceTrader","floor":37,"gold_loss":0}],"is_beta":false,"boss_relics":[{"not_picked":["Snecko Eye","Astrolabe"],"picked":"Empty Cage"},{"not_picked":["Black Star","Philosopher\u0027s Stone"],"picked":"Fusion Hammer"}],"items_purged_floors":[5],"is_endless":false,"potions_floor_spawned":[14,16,22,25,28,29,35,41,44],"killed_by":"Awakened One","ascension_level":1}