{"gold_per_floor":[112,123,138,153,228,258,258,258,283,303,253,285,285,285,285,414,414,434,448,473,473,141,141],"floor_reached":23,"playtime":823,"items_purged":["Strike_R"],"score":251,"play_id":"e4ea6c59-b544-4588-8f9f-1e70c4749213","local_time":"20190721174647","is_ascension_mode":false,"campfire_choices":[{"data":"Searing Blow","floor":7.0,"key":"SMITH"},{"data":"Searing Blow+1","floor":13.0,"key":"SMITH"},{"data":"Searing Blow+2","floor":15.0,"key":"SMITH"}],"neow_cost":"NONE","seed_source_timestamp":253634237110143,"circlet_count":0,"master_deck":["Strike_R","Strike_R","Strike_R","Defend_R+1","Defend_R+1","Defend_R","Defend_R","Bash","Rampage","Whirlwind","Spot Weakness","Searing Blow+3","Anger","Anger","Berserk","Limit Break","Infernal Blade+1","Impatience","Bandage Up","Mind Blast"],"special_seed":0,"relics":["Burning Blood","Pen Nib","Bag of Marbles","Blood Vial","Golden Idol","Black Star","Shuriken"],"potions_floor_usage":[23,23],"damage_taken":[{"damage":7.0,"enemies":"2 Louse","floor":1.0,"turns":3.0},{"damage":13.0,"enemies":"Jaw Worm","floor":2.0,"turns":3.0},{"damage":5.0,"enemies":"Small Slimes","floor":3.0,"turns":3.0},{"damage":3.0,"enemies":"2 Fungi Beasts","floor":4.0,"turns":4.0},{"damage":14.0,"enemies":"Gremlin Nob","floor":6.0,"turns":3.0},{"damage":7.0,"enemies":"Blue Slaver","floor":10.0,"turns":2.0},{"damage":22.0,"enemies":"3 Sentries","floor":12.0,"turns":4.0},{"damage":0.0,"enemies":"Slime Boss","floor":16.0,"turns":7.0},{"damage":4.0,"enemies":"Shell Parasite","floor":18.0,"turns":2.0},{"damage":30.0,"enemies":"2 Thieves","floor":19.0,"turns":3.0},{"damage":0.0,"enemies":"Snake Plant","floor":20.0,"turns":2.0},{"damage":39,"enemies":"Book of Stabbing","floor":23,"turns":4}],"seed_played":"7118540556895866420","potions_obtained":[{"floor":2.0,"key":"Energy Potion"},{"floor":3.0,"key":"Strength Potion"},{"floor":10.0,"key":"Poison Potion"},{"floor":12.0,"key":"Swift Potion"},{"floor":16.0,"key":"Energy Potion"},{"floor":19.0,"key":"Dexterity Potion"}],"is_trial":false,"path_per_floor":["M","M","M","M","?","E","R","?","T","M","?","E","R","?","R","B",null,"M","M","M","?","$","E"],"character_chosen":"IRONCLAD","items_purchased":["Shuriken"],"campfire_rested":0,"item_purchase_floors":[22],"current_hp_per_floor":[79,72,73,76,65,57,57,41,41,40,40,24,24,24,24,32,74,74,50,58,30,30,0],"gold":141,"neow_bonus":"TRANSFORM_CARD","is_prod":false,"is_daily":false,"chose_seed":false,"campfire_upgraded":3,"win_rate":0,"timestamp":1563756407,"path_taken":["M","M","M","M","?","E","R","?","T","M","?","E","R","?","R","BOSS","M","M","M","?","$","E"],"build_version":"2019-07-18","purchased_purges":1,"victory":false,"max_hp_per_floor":[80,80,80,80,80,80,80,80,80,80,80,80,80,74,74,74,74,74,74,74,74,74,74],"card_choices":[{"not_picked":["Clash","Thunderclap"],"picked":"Rampage","floor":1.0},{"not_picked":["Perfected Strike","Shockwave"],"picked":"Whirlwind","floor":2.0},{"not_picked":["Sword Boomerang","Clash"],"picked":"Spot Weakness","floor":3.0},{"not_picked":["Pummel","Perfected Strike"],"picked":"Searing Blow","floor":4.0},{"not_picked":["Blood for Blood","Havoc"],"picked":"Anger","floor":6.0},{"not_picked":["Feel No Pain","Headbutt"],"picked":"Anger","floor":10.0},{"not_picked":["Dropkick","Entrench"],"picked":"Berserk","floor":12.0},{"not_picked":["Feed","Exhume"],"picked":"Limit Break","floor":16.0},{"not_picked":["Cleave","Havoc","Headbutt"],"picked":"SKIP","floor":18.0},{"not_picked":["Heavy Blade","Clothesline"],"picked":"Infernal Blade+1","floor":19.0},{"not_picked":["Thunderclap","Cleave","Pommel Strike"],"picked":"SKIP","floor":20.0}],"player_experience":1183878,"relics_obtained":[{"floor":6.0,"key":"Pen Nib"},{"floor":9.0,"key":"Bag of Marbles"},{"floor":12.0,"key":"Blood Vial"}],"event_choices":[{"damage_healed":0.0,"max_hp_gain":0.0,"max_hp_loss":0.0,"gold_gain":75.0,"event_name":"World of Goop","player_choice":"Gather Gold","floor":5.0,"gold_loss":0.0,"damage_taken":11.0},{"damage_healed":0.0,"max_hp_gain":0.0,"max_hp_loss":0.0,"gold_gain":0.0,"event_name":"Shining Light","player_choice":"Entered Light","floor":8.0,"gold_loss":0.0,"damage_taken":16.0,"cards_upgraded":["Defend_R","Defend_R"]},{"cards_removed":["Reckless Charge"],"damage_healed":0.0,"max_hp_gain":0.0,"max_hp_loss":0.0,"gold_gain":0.0,"event_name":"The Cleric","player_choice":"Card Removal","floor":11.0,"gold_loss":50.0,"damage_taken":0.0},{"damage_healed":0.0,"max_hp_gain":0.0,"max_hp_loss":6.0,"gold_gain":0.0,"event_name":"Golden Idol","player_choice":"Lose Max HP","floor":14.0,"gold_loss":0.0,"damage_taken":0.0,"relics_obtained":["Golden Idol"]},{"damage_healed":0.0,"max_hp_gain":0.0,"max_hp_loss":0.0,"gold_gain":0.0,"event_name":"Knowing Skull","player_choice":"CARD CARD CARD ","floor":21.0,"potions_obtained":[],"gold_loss":0.0,"damage_taken":28.0,"cards_obtained":["Impatience","Bandage Up","Mind Blast"]}],"is_beta":true,"boss_relics":[{"not_picked":["Orrery","Ectoplasm"],"picked":"Black Star"}],"items_purged_floors":[22],"is_endless":false,"potions_floor_spawned":[2,3,10,12,16,19],"killed_by":"Book of Stabbing","ascension_level":0}