{"gold_per_floor":[109,38,54,67,67,99,117,117,117,117,117,136,164,183,183,282,282,302,317,317,327,26,26,58,58,82,115,128,128,148,173,173,278,278,289,305,405,405,405,405,417,417],"floor_reached":42,"playtime":3748,"items_purged":[],"score":543,"play_id":"3186c7ef-a530-4465-872f-9619679ea355","local_time":"20190529123025","is_ascension_mode":true,"campfire_choices":[{"data":"Self Repair","floor":8.0,"key":"SMITH"},{"data":"Zap","floor":11.0,"key":"SMITH"},{"data":"Doom and Gloom","floor":15.0,"key":"SMITH"},{"data":"Blizzard","floor":23.0,"key":"SMITH"},{"data":"Sunder","floor":25.0,"key":"SMITH"},{"data":"Hologram","floor":29.0,"key":"SMITH"},{"data":"Go for the Eyes","floor":32.0,"key":"SMITH"},{"floor":40,"key":"RECALL"}],"neow_cost":"NONE","seed_source_timestamp":0,"circlet_count":0,"master_deck":["Strike_B","Strike_B","Strike_B","Defend_B","Defend_B","Defend_B","Defend_B","Zap+1","Dualcast","Glacier","Self Repair+1","Go for the Eyes+1","Ball Lightning","Doom and Gloom+1","Sunder+1","Self Repair","Electrodynamics","Glacier","Blizzard+1","Hologram+1","Glacier+1","Cold Snap","Defragment+1","Coolheaded"],"special_seed":0,"relics":["Cracked Core","NeowsBlessing","Blue Candle","Thread and Needle","Mango","Velvet Choker","Turnip","Prayer Wheel","Art of War","Pantograph","Singing Bowl","Busted Crown","Girya"],"potions_floor_usage":[42,42],"damage_taken":[{"damage":0.0,"enemies":"Cultist","floor":1.0,"turns":1.0},{"damage":0.0,"enemies":"Jaw Worm","floor":3.0,"turns":1.0},{"damage":0.0,"enemies":"2 Louse","floor":4.0,"turns":1.0},{"damage":30.0,"enemies":"Gremlin Nob","floor":6.0,"turns":5.0},{"damage":10.0,"enemies":"Exordium Thugs","floor":7.0,"turns":5.0},{"damage":1.0,"enemies":"Blue Slaver","floor":12.0,"turns":3.0},{"damage":2.0,"enemies":"Lagavulin","floor":13.0,"turns":6.0},{"damage":0.0,"enemies":"Looter","floor":14.0,"turns":3.0},{"damage":34.0,"enemies":"Hexaghost","floor":16.0,"turns":11.0},{"damage":6.0,"enemies":"Spheric Guardian","floor":18.0,"turns":3.0},{"damage":6.0,"enemies":"Chosen","floor":19.0,"turns":4.0},{"damage":0.0,"enemies":"Snecko","floor":21.0,"turns":5.0},{"damage":11.0,"enemies":"Slavers","floor":24.0,"turns":5.0},{"damage":0.0,"enemies":"Gremlin Leader","floor":27.0,"turns":6.0},{"damage":2.0,"enemies":"Sentry and Sphere","floor":28.0,"turns":4.0},{"damage":10.0,"enemies":"Snake Plant","floor":30.0,"turns":7.0},{"damage":6.0,"enemies":"Book of Stabbing","floor":31.0,"turns":7.0},{"damage":32.0,"enemies":"Champ","floor":33.0,"turns":15.0},{"damage":3.0,"enemies":"3 Darklings","floor":35.0,"turns":5.0},{"damage":0.0,"enemies":"3 Shapes","floor":36.0,"turns":3.0},{"damage":24.0,"enemies":"Mind Bloom Boss Battle","floor":37.0,"turns":9.0},{"damage":16,"enemies":"Maw","floor":41,"turns":11},{"damage":108,"enemies":"Giant Head","floor":42,"turns":14}],"seed_played":"1760788880219958066","potions_obtained":[{"floor":1.0,"key":"Fire Potion"},{"floor":7.0,"key":"Energy Potion"},{"floor":14.0,"key":"PowerPotion"},{"floor":36.0,"key":"AttackPotion"}],"is_trial":false,"path_per_floor":["$","?","?","$","M","?","?","?"],"character_chosen":"DEFECT","items_purchased":["Self Repair","Turnip"],"campfire_rested":0,"item_purchase_floors":[2,22],"current_hp_per_floor":[75,75,75,75,75,52,42,42,42,42,42,51,73,83,83,66,89,89,89,89,89,89,89,89,89,89,89,89,89,89,91,91,78,93,95,99,94,94,94,94,97,0],"gold":417,"neow_bonus":"THREE_ENEMY_KILL","is_prod":false,"is_daily":false,"chose_seed":false,"campfire_upgraded":7,"win_rate":0,"timestamp":1559125825,"path_taken":["M","?","M","M","$","E","M","R","T","?","R","M","E","M","R","BOSS","M","M","?","M","?","R","E","R","T","E","M","R","?","E","R","BOSS","M","M","?","?","?","R","M","E"],"build_version":"2019-01-23","purchased_purges":0,"victory":false,"max_hp_per_floor":[75,75,75,75,75,75,75,75,75,75,75,75,89,89,89,89,89,89,89,89,89,89,89,89,89,89,89,89,89,89,91,91,93,93,95,99,101,101,96,96,98,98],"card_choices":[{"not_picked":["Melter","Darkness"],"picked":"Glacier","floor":1.0},{"not_picked":["Hologram","Turbo"],"picked":"Go for the Eyes","floor":3.0},{"not_picked":["Streamline","Rebound"],"picked":"Ball Lightning","floor":4.0},{"not_picked":["Scrape","Tempest","Stack"],"picked":"SKIP","floor":6.0},{"not_picked":["Sweeping Beam","Machine Learning"],"picked":"Conserve Battery","floor":7.0},{"not_picked":["Blizzard","Conserve Battery"],"picked":"Doom and Gloom","floor":12.0},{"not_picked":["Sweeping Beam","Rip and Tear"],"picked":"Sunder","floor":13.0},{"not_picked":["Redo","Double Energy"],"picked":"Self Repair","floor":14.0},{"not_picked":["All For One","Thunder Strike"],"picked":"Electrodynamics","floor":16.0},{"not_picked":["Rebound","Barrage"],"picked":"Glacier","floor":18.0},{"not_picked":["Stack+1","Chaos","Double Energy"],"picked":"SKIP","floor":19.0},{"not_picked":["Aggregate","Self Repair"],"picked":"Blizzard","floor":21.0},{"not_picked":["Electrodynamics","Double Energy"],"picked":"Hologram","floor":24.0},{"not_picked":["Rebound","Blizzard"],"picked":"Glacier+1","floor":27.0},{"not_picked":["Redo","Gash"],"picked":"Cold Snap","floor":28.0},{"not_picked":["Stack","Static Discharge+1","Beam Cell"],"picked":"SKIP","floor":28.0},{"not_picked":["Heatsinks","Force Field","Fusion"],"picked":"SKIP","floor":30.0},{"not_picked":["Rebound","Streamline","Double Energy+1"],"picked":"SKIP","floor":30.0},{"not_picked":["Rebound","Sweeping Beam+1","Barrage+1"],"picked":"Singing Bowl","floor":31.0},{"not_picked":["Hyperbeam","Fission","Rainbow"],"picked":"Singing Bowl","floor":33.0},{"not_picked":[],"picked":"Defragment+1","floor":35.0},{"not_picked":["Heatsinks+1"],"picked":"Singing Bowl","floor":35.0},{"not_picked":["Barrage+1"],"picked":"Singing Bowl","floor":36.0},{"not_picked":["Hologram"],"picked":"Singing Bowl","floor":36.0},{"not_picked":["Go for the Eyes"],"picked":"Singing Bowl","floor":37.0},{"not_picked":[],"picked":"Coolheaded","floor":41},{"not_picked":["Hologram"],"picked":"Singing Bowl","floor":41}],"player_experience":721876,"relics_obtained":[{"floor":6.0,"key":"Blue Candle"},{"floor":9.0,"key":"Thread and Needle"},{"floor":13.0,"key":"Mango"},{"floor":24.0,"key":"Prayer Wheel"},{"floor":26.0,"key":"Art of War"},{"floor":27.0,"key":"Pantograph"},{"floor":31.0,"key":"Singing Bowl"},{"floor":37.0,"key":"Girya"}],"event_choices":[{"cards_removed":["Strike_B"],"damage_healed":0.0,"max_hp_gain":0.0,"max_hp_loss":0.0,"gold_gain":0.0,"event_name":"Living Wall","player_choice":"Forget","floor":10.0,"gold_loss":0.0,"damage_taken":0.0},{"damage_healed":0.0,"max_hp_gain":0.0,"max_hp_loss":0.0,"gold_gain":0.0,"event_name":"The Woman in Blue","player_choice":"Bought 0 Potions","floor":20.0,"gold_loss":0.0,"damage_taken":0.0},{"damage_healed":0.0,"max_hp_gain":0.0,"max_hp_loss":0.0,"gold_gain":0.0,"event_name":"MindBloom","player_choice":"Fight","floor":37.0,"gold_loss":0.0,"damage_taken":0.0},{"cards_removed":["Conserve Battery"],"damage_healed":0.0,"max_hp_gain":0.0,"max_hp_loss":0.0,"gold_gain":0.0,"event_name":"Falling","player_choice":"Removed Skill","floor":38.0,"gold_loss":0.0,"damage_taken":0.0},{"damage_healed":0.0,"max_hp_gain":0.0,"max_hp_loss":5.0,"gold_gain":0.0,"event_name":"Winding Halls","player_choice":"Max HP","floor":39.0,"gold_loss":0.0,"damage_taken":0.0}],"is_beta":false,"boss_relics":[{"not_picked":["Ectoplasm","White Beast Statue"],"picked":"Velvet Choker"},{"not_picked":["Fusion Hammer","FrozenCore"],"picked":"Busted Crown"}],"items_purged_floors":[],"is_endless":false,"potions_floor_spawned":[1,7,14,16,21,24,30,31,36],"killed_by":"Giant Head","ascension_level":1}