{"gold_per_floor":[114,114,189,44,71,71,92,92,116,16,16,35,35,50,50,174,174,192,192,117,117,135,135,135,160,231,256,276,276,301,322,322,453,453,466,799,810,820,725,725,725],"floor_reached":41,"playtime":2355,"items_purged":["Strike_B","Defend_B"],"score":408,"play_id":"5c9869b3-aa1c-43c9-9665-7cf18ad4e77c","local_time":"20190315082812","is_ascension_mode":false,"campfire_choices":[{"floor":6.0,"key":"REST"},{"data":"Melter","floor":8.0,"key":"SMITH"},{"data":"Melter","floor":13.0,"key":"SMITH"},{"floor":15.0,"key":"REST"},{"floor":23.0,"key":"REST"},{"floor":29.0,"key":"REST"},{"floor":32.0,"key":"REST"},{"floor":40,"key":"REST"}],"neow_cost":"NONE","seed_source_timestamp":0,"circlet_count":0,"master_deck":["Zap","Dualcast","Melter+1","Loop","Coolheaded+1","Melter+1","Leap","Conserve Battery","Genetic Algorithm","Double Energy","Gash","Gash","Ball Lightning+1","Auto Shields+1","Seek","Stack","Doom and Gloom","Stack","Redo+1","Blizzard"],"special_seed":0,"relics":["Cracked Core","DataDisk","Happy Flower","Orrery","Shuriken","Pandora\u0027s Box","Juzu Bracelet"],"potions_floor_usage":[41,41],"damage_taken":[{"damage":1.0,"enemies":"Jaw Worm","floor":1.0,"turns":4.0},{"damage":2.0,"enemies":"2 Louse","floor":7.0,"turns":3.0},{"damage":0.0,"enemies":"Small Slimes","floor":12.0,"turns":3.0},{"damage":9.0,"enemies":"Exordium Thugs","floor":14.0,"turns":4.0},{"damage":54.0,"enemies":"Hexaghost","floor":16.0,"turns":13.0},{"damage":0.0,"enemies":"Chosen","floor":18.0,"turns":4.0},{"damage":11.0,"enemies":"Colosseum Slavers","floor":19.0,"turns":6.0},{"damage":14.0,"enemies":"2 Thieves","floor":22.0,"turns":3.0},{"damage":13.0,"enemies":"Cultist and Chosen","floor":25.0,"turns":7.0},{"damage":6.0,"enemies":"Centurion and Healer","floor":27.0,"turns":7.0},{"damage":12.0,"enemies":"Chosen and Byrds","floor":28.0,"turns":5.0},{"damage":10.0,"enemies":"Cultist and Chosen","floor":30.0,"turns":6.0},{"damage":12.0,"enemies":"Snake Plant","floor":31.0,"turns":5.0},{"damage":52.0,"enemies":"Champ","floor":33.0,"turns":11.0},{"damage":35,"enemies":"3 Darklings","floor":35,"turns":5},{"damage":6,"enemies":"3 Shapes","floor":37,"turns":4},{"damage":32,"enemies":"Jaw Worm Horde","floor":38,"turns":5},{"damage":42,"enemies":"Reptomancer","floor":41,"turns":3}],"seed_played":"3991187870605362261","potions_obtained":[{"floor":14.0,"key":"SteroidPotion"},{"floor":16.0,"key":"Block Potion"},{"floor":22.0,"key":"LiquidBronze"},{"floor":25.0,"key":"Block Potion"},{"floor":27.0,"key":"Strength Potion"},{"floor":33.0,"key":"FairyPotion"},{"floor":37,"key":"LiquidBronze"},{"floor":38,"key":"Fire Potion"}],"is_trial":false,"path_per_floor":["?","?","T","?","?","?","?","M","?","?","?"],"character_chosen":"DEFECT","items_purchased":["Loop"],"campfire_rested":6,"item_purchase_floors":[4],"current_hp_per_floor":[74,56,45,45,45,67,65,65,65,65,65,65,65,56,75,21,75,75,64,64,64,50,72,72,59,59,53,41,63,53,41,63,11,75,40,40,34,2,2,24,0],"gold":725,"neow_bonus":"REMOVE_CARD","is_prod":false,"is_daily":false,"chose_seed":false,"campfire_upgraded":2,"win_rate":0.0,"timestamp":1552634892,"path_taken":["M","?","?","$","?","R","M","R","T","$","?","M","R","M","R","BOSS","M","?","?","?","?","R","?","M","T","M","M","R","M","M","R","BOSS","M","?","M","M","?","R","E"],"build_version":"2019-01-23","purchased_purges":2,"victory":false,"max_hp_per_floor":[75,75,75,75,75,75,75,75,75,75,75,75,75,75,75,75,75,75,75,75,75,75,75,75,75,75,75,75,75,75,75,75,75,75,75,75,75,75,75,75,75],"card_choices":[{"not_picked":["Hologram","Compile Driver"],"picked":"Melter","floor":1.0},{"not_picked":["Reprogram","Barrage"],"picked":"Coolheaded","floor":7.0},{"not_picked":["Sunder","Scrape"],"picked":"Melter","floor":12.0},{"not_picked":["Coolheaded","Beam Cell"],"picked":"Leap","floor":14.0},{"not_picked":["Redo","Streamline"],"picked":"Conserve Battery","floor":17.0},{"not_picked":["Consume","Turbo"],"picked":"Genetic Algorithm","floor":17.0},{"not_picked":["Creative AI","Defragment"],"picked":"Double Energy","floor":17.0},{"not_picked":["Steam","Doom and Gloom+1"],"picked":"Gash","floor":18.0},{"not_picked":["Rebound","Hologram","Barrage"],"picked":"SKIP","floor":22.0},{"not_picked":["Hello World","Storm"],"picked":"Ball Lightning+1","floor":25.0},{"not_picked":["Static Discharge","Reboot","Doom and Gloom"],"picked":"SKIP","floor":27.0},{"not_picked":["Conserve Battery","Sunder"],"picked":"Auto Shields+1","floor":28.0},{"not_picked":["Streamline","Turbo","Sunder+1"],"picked":"SKIP","floor":30.0},{"not_picked":["Tempest","Rebound+1","Reinforced Body"],"picked":"SKIP","floor":31.0},{"not_picked":["Aggregate+1","Go for the Eyes"],"picked":"Redo+1","floor":35},{"not_picked":["Ball Lightning","Turbo+1","White Noise"],"picked":"SKIP","floor":37},{"not_picked":["Ball Lightning","Aggregate"],"picked":"Blizzard","floor":38}],"player_experience":142099,"relics_obtained":[{"floor":5.0,"key":"DataDisk"},{"floor":9.0,"key":"Happy Flower"},{"floor":26.0,"key":"Shuriken"}],"event_choices":[{"damage_healed":0.0,"max_hp_gain":0.0,"max_hp_loss":0.0,"gold_gain":0.0,"event_name":"Golden Idol","player_choice":"Take Damage","floor":2.0,"gold_loss":0.0,"damage_taken":18.0,"relics_obtained":["Golden Idol"]},{"damage_healed":0.0,"max_hp_gain":0.0,"max_hp_loss":0.0,"gold_gain":75.0,"event_name":"World of Goop","player_choice":"Gather Gold","floor":3.0,"gold_loss":0.0,"damage_taken":11.0},{"damage_healed":0.0,"max_hp_gain":0.0,"max_hp_loss":0.0,"gold_gain":0.0,"event_name":"Upgrade Shrine","player_choice":"Upgraded","floor":11.0,"gold_loss":0.0,"damage_taken":0.0,"cards_upgraded":["Coolheaded"]},{"damage_healed":0.0,"max_hp_gain":0.0,"max_hp_loss":0.0,"gold_gain":0.0,"event_name":"Colosseum","player_choice":"Fight","floor":19.0,"gold_loss":0.0,"damage_taken":0.0},{"damage_healed":0.0,"max_hp_gain":0.0,"max_hp_loss":0.0,"gold_gain":0.0,"event_name":"Colosseum","player_choice":"Fled From Nobs","floor":19.0,"gold_loss":0.0,"damage_taken":0.0},{"cards_removed":["Defend_B"],"damage_healed":0.0,"max_hp_gain":0.0,"max_hp_loss":0.0,"gold_gain":0.0,"event_name":"Beggar","player_choice":"Gave Gold","floor":20.0,"gold_loss":75.0,"damage_taken":0.0},{"damage_healed":0.0,"max_hp_gain":0.0,"max_hp_loss":0.0,"gold_gain":0.0,"event_name":"Ghosts","player_choice":"Ignored","floor":21.0,"gold_loss":0.0,"damage_taken":0.0},{"damage_healed":0.0,"max_hp_gain":0.0,"max_hp_loss":0.0,"gold_gain":0.0,"event_name":"The Library","player_choice":"Read","floor":24.0,"gold_loss":0.0,"damage_taken":0.0,"cards_obtained":["Gash"]},{"damage_healed":0,"gold_gain":333,"player_choice":"Gave Idol","damage_taken":0,"max_hp_gain":0,"max_hp_loss":0,"event_name":"The Moai Head","floor":36,"relics_lost":["Golden Idol"],"gold_loss":0},{"damage_healed":0,"gold_gain":0,"player_choice":"Paid Gold","damage_taken":0,"relics_obtained":["Juzu Bracelet"],"max_hp_gain":0,"max_hp_loss":0,"event_name":"WeMeetAgain","floor":39,"gold_loss":95}],"is_beta":false,"boss_relics":[{"not_picked":["Velvet Choker","Calling Bell"],"picked":"Orrery"},{"not_picked":["Runic Pyramid","Astrolabe"],"picked":"Pandora\u0027s Box"}],"items_purged_floors":[4,10],"is_endless":false,"potions_floor_spawned":[14,16,22,25,27,33,37,38],"killed_by":"Reptomancer","ascension_level":0}