{"gold_per_floor":[119,119,119,134,148,148,178,178,208,234,234,19,36,46,46,150,150,165,11,31,46,56,56,90,90,90,90],"floor_reached":27,"playtime":976,"items_purged":[],"score":281,"play_id":"bc2b5445-b18e-4ca0-9874-e5afc56b4727","local_time":"20190621132028","is_ascension_mode":true,"campfire_choices":[{"data":"Neutralize","floor":6,"key":"SMITH"},{"data":"A Thousand Cuts","floor":8,"key":"SMITH"},{"floor":11,"key":"REST"},{"data":"Noxious Fumes","floor":15,"key":"SMITH"},{"data":"Dash","floor":23,"key":"SMITH"},{"data":"Backflip","floor":25,"key":"SMITH"}],"neow_cost":"PERCENT_DAMAGE","seed_source_timestamp":20658171983730,"circlet_count":0,"master_deck":["Defend_G","Defend_G","Defend_G","Defend_G","Defend_G","Strike_G","Strike_G","Strike_G","Survivor","Neutralize+1","Backflip","Dagger Spray","A Thousand Cuts+1","Infinite Blades","Noxious Fumes+1","Dash+1","Accuracy","Corpse Explosion","PiercingWail+1","Backflip+1","Accuracy+1","Accuracy"],"relics":["Ring of the Snake","Meat on the Bone","Lantern","Tiny Chest","Sundial","Bag of Preparation","Empty Cage","Regal Pillow","Ancient Tea Set","Blue Candle"],"potions_floor_usage":[7,13,16,24,24],"damage_taken":[{"damage":4,"enemies":"Small Slimes","floor":1,"turns":4},{"damage":0,"enemies":"Cultist","floor":4,"turns":5},{"damage":0,"enemies":"Jaw Worm","floor":5,"turns":7},{"damage":32,"enemies":"Gremlin Nob","floor":7,"turns":7},{"damage":28,"enemies":"Lagavulin","floor":10,"turns":9},{"damage":16,"enemies":"Exordium Thugs","floor":13,"turns":5},{"damage":0,"enemies":"Looter","floor":14,"turns":3},{"damage":15,"enemies":"Slime Boss","floor":16,"turns":7},{"damage":17,"enemies":"3 Byrds","floor":18,"turns":3},{"damage":14,"enemies":"2 Thieves","floor":20,"turns":4},{"damage":9,"enemies":"3 Cultists","floor":21,"turns":4},{"damage":11,"enemies":"Snake Plant","floor":22,"turns":6},{"damage":22,"enemies":"Book of Stabbing","floor":24,"turns":7},{"damage":37,"enemies":"Gremlin Leader","floor":27,"turns":4}],"seed_played":"-8077609461521788743","potions_obtained":[{"floor":5,"key":"Block Potion"},{"floor":10,"key":"EssenceOfSteel"},{"floor":13,"key":"Dexterity Potion"},{"floor":18,"key":"SkillPotion"},{"floor":20,"key":"Energy Potion"},{"floor":24,"key":"AttackPotion"}],"is_trial":false,"path_per_floor":["?","?","M"],"character_chosen":"THE_SILENT","items_purchased":["Bag of Preparation","Noxious Fumes","Regal Pillow"],"campfire_rested":1,"item_purchase_floors":[12,12,19],"current_hp_per_floor":[59,56,56,56,56,56,36,36,36,20,45,45,41,53,53,50,84,67,67,53,44,45,45,35,35,35,0],"gold":90,"neow_bonus":"TWENTY_PERCENT_HP_BONUS","is_prod":false,"is_daily":false,"chose_seed":false,"campfire_upgraded":5,"win_rate":0,"timestamp":1561116028,"path_taken":["M","?","?","M","M","R","E","R","T","E","R","$","?","M","R","BOSS","M","$","M","M","M","R","E","R","T","E"],"build_version":"2019-01-23","purchased_purges":0,"victory":false,"max_hp_per_floor":[84,84,84,84,84,84,84,84,84,84,84,84,84,84,84,84,84,84,84,84,84,84,84,84,84,84,84],"card_choices":[{"not_picked":["Acrobatics","Terror","Setup"],"picked":"SKIP","floor":1},{"not_picked":["Sucker Punch","Skewer"],"picked":"Backflip","floor":4},{"not_picked":["Heel Hook","Cloak And Dagger"],"picked":"Dagger Spray","floor":5},{"not_picked":["Distraction","Underhanded Strike"],"picked":"A Thousand Cuts","floor":7},{"not_picked":["Sucker Punch","Prepared"],"picked":"Infinite Blades","floor":10},{"not_picked":["Sucker Punch","Outmaneuver"],"picked":"Dash","floor":13},{"not_picked":["Terror","Outmaneuver"],"picked":"Accuracy","floor":14},{"not_picked":["Adrenaline","Wraith Form v2"],"picked":"Corpse Explosion","floor":16},{"not_picked":["Eviscerate+1","Blade Dance"],"picked":"PiercingWail+1","floor":18},{"not_picked":["Dagger Spray","Flying Knee"],"picked":"Backflip","floor":20},{"not_picked":["Terror+1","Riddle With Holes","Well Laid Plans"],"picked":"SKIP","floor":21},{"not_picked":["Outmaneuver","Predator"],"picked":"Accuracy+1","floor":22},{"not_picked":["Tactician+1","Outmaneuver"],"picked":"Accuracy","floor":24}],"player_experience":857200,"relics_obtained":[{"floor":7,"key":"Lantern"},{"floor":9,"key":"Tiny Chest"},{"floor":10,"key":"Sundial"},{"floor":24,"key":"Ancient Tea Set"},{"floor":26,"key":"Blue Candle"}],"event_choices":[{"damage_healed":0,"gold_gain":0,"player_choice":"Success","damage_taken":3,"relics_obtained":["Meat on the Bone"],"max_hp_gain":0,"max_hp_loss":0,"event_name":"Scrap Ooze","floor":2,"gold_loss":0},{"damage_healed":0,"gold_gain":0,"player_choice":"Ignored","damage_taken":0,"max_hp_gain":0,"max_hp_loss":0,"event_name":"WeMeetAgain","floor":3,"gold_loss":0}],"is_beta":false,"boss_relics":[{"not_picked":["WristBlade","Pandora\u0027s Box"],"picked":"Empty Cage"}],"items_purged_floors":[],"is_endless":false,"potions_floor_spawned":[5,10,13,18,20,24],"killed_by":"Gremlin Leader","ascension_level":1}