{"gold_per_floor":[118,118,129,141,91,91,117,127,127,127,137,12,47,28,28,131,131,151,151,151,171,188,188,103,131,131,24,41,41,53,81,81,178,178,197,197,197,215,235,235,254,254],"floor_reached":42,"playtime":2368,"items_purged":["Strike_B","Parasite"],"score":495,"play_id":"0f110c0d-c7ff-462f-89ce-aaabefc1e735","local_time":"20190529093609","is_ascension_mode":true,"campfire_choices":[{"data":"Zap","floor":6,"key":"SMITH"},{"floor":10,"key":"REST"},{"data":"Conserve Battery","floor":15,"key":"SMITH"},{"data":"Buffer","floor":23,"key":"SMITH"},{"floor":32,"key":"REST"},{"floor":40,"key":"DIG"}],"neow_cost":"NONE","seed_source_timestamp":4045218169697,"circlet_count":0,"master_deck":["Strike_B","Strike_B+1","Defend_B","Defend_B","Defend_B","Defend_B","Zap+1","Dualcast","Gash+1","Conserve Battery+1","Seek","Leap","Ball Lightning","Ball Lightning","Coolheaded","Cold Snap","Buffer+1","Leap+1","Go for the Eyes","Go for the Eyes+1","Hyperbeam","Doom and Gloom","Cold Snap+1","Multi-Cast","Ball Lightning+1","Barrage"],"relics":["Cracked Core","Boot","Vajra","The Courier","Cursed Key","Regal Pillow","Oddly Smooth Stone","Singing Bowl","Pocketwatch","Shovel","Inserter","Mango"],"potions_floor_usage":[25,31,31],"damage_taken":[{"damage":0,"enemies":"2 Louse","floor":1,"turns":1},{"damage":1,"enemies":"Jaw Worm","floor":3,"turns":3},{"damage":0,"enemies":"Small Slimes","floor":4,"turns":3},{"damage":30,"enemies":"Lagavulin","floor":7,"turns":7},{"damage":0,"enemies":"Red Slaver","floor":8,"turns":3},{"damage":0,"enemies":"Exordium Wildlife","floor":11,"turns":4},{"damage":19,"enemies":"3 Sentries","floor":13,"turns":7},{"damage":1,"enemies":"The Guardian","floor":16,"turns":12},{"damage":0,"enemies":"Spheric Guardian","floor":18,"turns":3},{"damage":0,"enemies":"3 Byrds","floor":21,"turns":4},{"damage":17,"enemies":"Cultist and Chosen","floor":22,"turns":8},{"damage":14,"enemies":"Book of Stabbing","floor":25,"turns":8},{"damage":6,"enemies":"3 Cultists","floor":28,"turns":3},{"damage":0,"enemies":"Snake Plant","floor":30,"turns":3},{"damage":19,"enemies":"Gremlin Leader","floor":31,"turns":6},{"damage":22,"enemies":"Collector","floor":33,"turns":14},{"damage":0,"enemies":"3 Shapes","floor":35,"turns":5},{"damage":9,"enemies":"Orb Walker","floor":38,"turns":3},{"damage":40,"enemies":"Jaw Worm Horde","floor":39,"turns":3},{"damage":6,"enemies":"Spire Growth","floor":41,"turns":7},{"damage":47,"enemies":"Giant Head","floor":42,"turns":9}],"seed_played":"1675273619553935814","potions_obtained":[{"floor":4,"key":"GamblersBrew"},{"floor":13,"key":"FocusPotion"},{"floor":16,"key":"Block Potion"},{"floor":25,"key":"Explosive Potion"},{"floor":41,"key":"Explosive Potion"}],"is_trial":false,"path_per_floor":["?","?","$","?","?","?","?","?","?"],"character_chosen":"DEFECT","items_purchased":["Ball Lightning","Cold Snap","Doom and Gloom"],"campfire_rested":2,"item_purchase_floors":[12,14,27],"current_hp_per_floor":[82,66,65,65,65,65,35,35,35,59,59,59,40,40,40,39,82,82,82,82,82,65,65,65,51,51,51,47,32,32,15,56,34,88,88,88,84,77,39,53,47,0],"gold":254,"neow_bonus":"TEN_PERCENT_HP_BONUS","is_prod":false,"is_daily":false,"chose_seed":false,"campfire_upgraded":3,"win_rate":0,"timestamp":1559115369,"path_taken":["M","?","M","M","?","R","E","M","T","R","M","?","E","$","R","BOSS","M","?","?","M","M","R","?","E","T","$","M","?","M","E","R","BOSS","M","?","?","M","M","R","M","E"],"build_version":"2019-01-23","purchased_purges":2,"victory":false,"max_hp_per_floor":[82,82,82,82,82,82,82,82,82,82,82,82,82,82,82,82,82,82,82,82,82,82,82,82,82,82,79,81,86,86,88,88,88,88,88,88,84,86,88,102,102,102],"card_choices":[{"not_picked":["Redo","Heatsinks"],"picked":"Gash","floor":1},{"not_picked":["Steam","Ball Lightning"],"picked":"Conserve Battery","floor":3},{"not_picked":["Fusion","Streamline","White Noise"],"picked":"SKIP","floor":4},{"not_picked":["Consume","Rebound"],"picked":"Seek","floor":7},{"not_picked":["Hologram","Skim"],"picked":"Leap","floor":8},{"not_picked":["Rebound","Go for the Eyes"],"picked":"Ball Lightning","floor":11},{"not_picked":["Ball Lightning","Beam Cell"],"picked":"Coolheaded","floor":13},{"not_picked":["Multi-Cast","Reboot"],"picked":"Buffer","floor":16},{"not_picked":["Coolheaded","Auto Shields"],"picked":"Leap+1","floor":18},{"not_picked":["Compile Driver","Leap"],"picked":"Go for the Eyes","floor":21},{"not_picked":["Cold Snap","Leap"],"picked":"Go for the Eyes+1","floor":22},{"not_picked":["Gash","Streamline+1"],"picked":"Hyperbeam","floor":25},{"not_picked":["Fusion","Streamline","Redo"],"picked":"Singing Bowl","floor":28},{"not_picked":["Rebound","Lockon"],"picked":"Cold Snap+1","floor":30},{"not_picked":["Auto Shields+1","Rebound","Rainbow"],"picked":"Singing Bowl","floor":31},{"not_picked":["Rainbow","Seek"],"picked":"Multi-Cast","floor":33},{"not_picked":["Steam Power","Scrape+1"],"picked":"Ball Lightning+1","floor":35},{"not_picked":["Cold Snap+1","Force Field","Conserve Battery"],"picked":"Singing Bowl","floor":38},{"not_picked":["Ball Lightning+1","Sunder+1","Turbo"],"picked":"Singing Bowl","floor":39},{"not_picked":["Double Energy+1","Coolheaded"],"picked":"Barrage","floor":41}],"player_experience":713050,"relics_obtained":[{"floor":7,"key":"Boot"},{"floor":9,"key":"Vajra"},{"floor":13,"key":"The Courier"},{"floor":25,"key":"Singing Bowl"},{"floor":26,"key":"Pocketwatch"},{"floor":31,"key":"Shovel"},{"floor":40,"key":"Mango"}],"event_choices":[{"damage_healed":0,"gold_gain":0,"player_choice":"Entered Light","damage_taken":16,"max_hp_gain":0,"max_hp_loss":0,"event_name":"Shining Light","floor":2,"gold_loss":0,"cards_upgraded":["Strike_B","Gash"]},{"cards_removed":["Strike_B"],"damage_healed":0,"gold_gain":0,"player_choice":"Card Removal","damage_taken":0,"max_hp_gain":0,"max_hp_loss":0,"event_name":"The Cleric","floor":5,"gold_loss":50},{"damage_healed":0,"gold_gain":0,"player_choice":"Ignored","damage_taken":0,"max_hp_gain":0,"max_hp_loss":0,"event_name":"Vampires","floor":19,"gold_loss":0},{"damage_healed":0,"gold_gain":0,"player_choice":"Opened","damage_taken":0,"relics_obtained":["Regal Pillow"],"max_hp_gain":0,"max_hp_loss":0,"event_name":"The Mausoleum","floor":20,"gold_loss":0},{"damage_healed":0,"gold_gain":0,"player_choice":"Obtained Relic","damage_taken":0,"relics_obtained":["Oddly Smooth Stone"],"max_hp_gain":0,"max_hp_loss":0,"event_name":"Addict","floor":24,"gold_loss":85},{"damage_healed":0,"gold_gain":0,"player_choice":"Shed Blood","damage_taken":20,"max_hp_gain":5,"max_hp_loss":0,"event_name":"Forgotten Altar","floor":29,"gold_loss":0},{"damage_healed":0,"gold_gain":0,"player_choice":"Ignored","damage_taken":0,"max_hp_gain":0,"max_hp_loss":0,"event_name":"Mysterious Sphere","floor":36,"gold_loss":0},{"damage_healed":0,"gold_gain":0,"player_choice":"Max HP","damage_taken":0,"max_hp_gain":0,"max_hp_loss":4,"event_name":"Winding Halls","floor":37,"gold_loss":0}],"is_beta":false,"boss_relics":[{"not_picked":["FrozenCore","Orrery"],"picked":"Cursed Key"},{"not_picked":["Philosopher\u0027s Stone","Eternal Feather"],"picked":"Inserter"}],"items_purged_floors":[12,27],"is_endless":false,"potions_floor_spawned":[4,13,16,18,25,30,41],"killed_by":"Giant Head","ascension_level":1}