{"gold_per_floor":[110,110,128,48,61,61,161,193,193,212,212,57,75,103,103,177,177,191,202,214,214,214,214,247,266,320,320,337,347,374,392,392,465,465,476,227,227,239,41,41,57,84,84,102,102,102,102,102,102,102],"floor_reached":50,"playtime":8660,"items_purged":["Strike_G","Strike_G"],"score":985,"play_id":"2140dc56-e7d3-4c56-97a7-082e2baa2b9d","local_time":"20190531154952","is_ascension_mode":true,"campfire_choices":[{"data":"Noxious Fumes","floor":6.0,"key":"SMITH"},{"floor":11.0,"key":"REST"},{"data":"Noxious Fumes","floor":15.0,"key":"SMITH"},{"floor":23.0,"key":"REST"},{"data":"Noxious Fumes","floor":27.0,"key":"SMITH"},{"floor":32.0,"key":"REST"},{"floor":40.0,"key":"REST"},{"floor":46,"key":"REST"},{"floor":47,"key":"REST"},{"floor":49,"key":"REST"}],"neow_cost":"NONE","seed_source_timestamp":0,"circlet_count":0,"master_deck":["AscendersBane","Defend_G","Defend_G","Defend_G","Defend_G","Defend_G","Strike_G","Survivor","Neutralize","Blur","Dagger Spray","Noxious Fumes+1","Flechettes","Deadly Poison","Die Die Die","Noxious Fumes+1","Noxious Fumes+1","Deadly Poison","Glass Knife","PiercingWail","Backflip","Caltrops+1","Deflect","Dash","Backflip","Concentrate","Corpse Explosion","Leg Sweep","Master of Strategy","Burst"],"special_seed":0,"relics":["Runic Pyramid","WingedGreaves","Du-Vu Doll","FossilizedHelix","Thread and Needle","Empty Cage","Boot","Tiny Chest","Bottled Lightning","Fusion Hammer","Anchor","ClockworkSouvenir","Potion Belt","Gremlin Horn"],"potions_floor_usage":[50],"damage_taken":[{"damage":9.0,"enemies":"2 Louse","floor":1.0,"turns":4.0},{"damage":0.0,"enemies":"Cultist","floor":3.0,"turns":5.0},{"damage":0.0,"enemies":"Small Slimes","floor":5.0,"turns":3.0},{"damage":19.0,"enemies":"3 Sentries","floor":8.0,"turns":7.0},{"damage":1.0,"enemies":"Looter","floor":10.0,"turns":4.0},{"damage":0.0,"enemies":"3 Louse","floor":13.0,"turns":1.0},{"damage":3.0,"enemies":"Lagavulin","floor":14.0,"turns":6.0},{"damage":0.0,"enemies":"The Guardian","floor":16.0,"turns":8.0},{"damage":18.0,"enemies":"3 Byrds","floor":18.0,"turns":4.0},{"damage":0.0,"enemies":"Chosen","floor":19.0,"turns":5.0},{"damage":12.0,"enemies":"Centurion and Healer","floor":20.0,"turns":6.0},{"damage":15.0,"enemies":"Colosseum Slavers","floor":21.0,"turns":5.0},{"damage":7.0,"enemies":"Book of Stabbing","floor":24.0,"turns":7.0},{"damage":0.0,"enemies":"Snecko","floor":25.0,"turns":6.0},{"damage":4.0,"enemies":"Shelled Parasite and Fungi","floor":28.0,"turns":5.0},{"damage":0.0,"enemies":"Centurion and Healer","floor":29.0,"turns":8.0},{"damage":12.0,"enemies":"Gremlin Leader","floor":30.0,"turns":7.0},{"damage":0.0,"enemies":"Snake Plant","floor":31.0,"turns":4.0},{"damage":15.0,"enemies":"Collector","floor":33.0,"turns":9.0},{"damage":0.0,"enemies":"3 Shapes","floor":35.0,"turns":5.0},{"damage":17.0,"enemies":"3 Darklings","floor":38.0,"turns":5.0},{"damage":9.0,"enemies":"Jaw Worm Horde","floor":41.0,"turns":3.0},{"damage":0.0,"enemies":"Reptomancer","floor":42.0,"turns":6.0},{"damage":8,"enemies":"Writhing Mass","floor":44,"turns":8},{"damage":67,"enemies":"Donu and Deca","floor":50,"turns":8}],"seed_played":"-6416543656003864961","potions_obtained":[{"floor":1.0,"key":"Poison Potion"},{"floor":3.0,"key":"FairyPotion"},{"floor":10.0,"key":"Weak Potion"},{"floor":16.0,"key":"Regen Potion"},{"floor":20.0,"key":"Dexterity Potion"},{"floor":24.0,"key":"GamblersBrew"},{"floor":25.0,"key":"Explosive Potion"},{"floor":30.0,"key":"Dexterity Potion"},{"floor":38.0,"key":"Swift Potion"},{"floor":44,"key":"SkillPotion"}],"is_trial":false,"path_per_floor":["?","?","?","?","?","?","?"],"character_chosen":"THE_SILENT","items_purchased":["Noxious Fumes","Noxious Fumes","Anchor","ClockworkSouvenir"],"campfire_rested":7,"item_purchase_floors":[4,12,36,39],"current_hp_per_floor":[54,51,51,51,51,51,51,32,32,31,52,52,52,49,49,49,65,47,47,35,35,35,56,49,49,49,49,45,45,33,33,54,39,62,62,62,52,35,35,56,47,47,47,39,39,60,70,67,67,0],"gold":102,"neow_bonus":"BOSS_RELIC","is_prod":false,"is_daily":false,"chose_seed":false,"campfire_upgraded":3,"win_rate":0,"timestamp":1559310592,"path_taken":["M","?","M","$","M","R","?","E","T","M","R","$","M","E","R","BOSS","M","M","M","?","?","R","E","M","T","R","M","M","E","M","R","BOSS","M","$","?","M","$","R","M","E","T","M","?","R","R","?","R","BOSS"],"build_version":"2019-01-23","purchased_purges":2,"victory":false,"max_hp_per_floor":[70,70,70,70,70,70,70,70,70,70,70,70,70,70,70,70,70,70,70,70,70,70,70,70,70,70,70,70,70,70,70,70,70,70,70,70,70,70,70,70,70,70,70,70,70,70,70,67,67,67],"card_choices":[{"not_picked":["Infinite Blades","Sucker Punch"],"picked":"Blur","floor":1.0},{"not_picked":["Flying Knee","Masterful Stab"],"picked":"Dagger Spray","floor":3.0},{"not_picked":["Slice","Blade Dance"],"picked":"Flechettes","floor":5.0},{"not_picked":["Reflex","PiercingWail"],"picked":"Deadly Poison","floor":8.0},{"not_picked":["Slice","Poisoned Stab"],"picked":"Die Die Die","floor":10.0},{"not_picked":["All Out Attack","Cloak And Dagger"],"picked":"Noxious Fumes","floor":13.0},{"not_picked":["Choke","Flechettes"],"picked":"Deadly Poison","floor":14.0},{"not_picked":["Doppelganger","After Image"],"picked":"Glass Knife","floor":16.0},{"not_picked":["Prepared+1","Deflect"],"picked":"PiercingWail","floor":18.0},{"not_picked":["Underhanded Strike+1","Prepared+1"],"picked":"Backflip","floor":19.0},{"not_picked":["All Out Attack","Underhanded Strike"],"picked":"Caltrops+1","floor":20.0},{"not_picked":["Dagger Spray+1","Venomology"],"picked":"Deflect","floor":24.0},{"not_picked":["Accuracy","Dagger Spray"],"picked":"Dash","floor":25.0},{"not_picked":["Eviscerate","Prepared","Backstab"],"picked":"SKIP","floor":28.0},{"not_picked":["Infinite Blades","Poisoned Stab","Flying Knee"],"picked":"SKIP","floor":29.0},{"not_picked":["Prepared","Outmaneuver"],"picked":"Backflip","floor":30.0},{"not_picked":["Flechettes","Calculated Gamble"],"picked":"Concentrate","floor":31.0},{"not_picked":["Envenom","Storm of Steel"],"picked":"Corpse Explosion","floor":33.0},{"not_picked":["Masterful Stab","Endless Agony+1"],"picked":"Leg Sweep","floor":35.0},{"not_picked":["Purity","Deep Breath"],"picked":"Master of Strategy","floor":37.0},{"not_picked":["Predator","Dodge and Roll","Cloak And Dagger"],"picked":"SKIP","floor":38.0},{"not_picked":["Prepared","Heel Hook","Backstab"],"picked":"SKIP","floor":41.0},{"not_picked":["Backflip","Doppelganger"],"picked":"Burst","floor":42.0},{"not_picked":["Blade Dance","Poisoned Stab+1","Slice"],"picked":"SKIP","floor":44}],"player_experience":754070,"relics_obtained":[{"floor":8.0,"key":"Du-Vu Doll"},{"floor":9.0,"key":"FossilizedHelix"},{"floor":14.0,"key":"Thread and Needle"},{"floor":24.0,"key":"Boot"},{"floor":26.0,"key":"Tiny Chest"},{"floor":30.0,"key":"Bottled Lightning"},{"floor":42.0,"key":"Potion Belt"},{"floor":43.0,"key":"Gremlin Horn"}],"event_choices":[{"damage_healed":0.0,"max_hp_gain":0.0,"max_hp_loss":0.0,"gold_gain":0.0,"event_name":"Scrap Ooze","player_choice":"Success","floor":2.0,"gold_loss":0.0,"damage_taken":3.0,"relics_obtained":["WingedGreaves"]},{"damage_healed":0.0,"max_hp_gain":0.0,"max_hp_loss":0.0,"gold_gain":100.0,"event_name":"Golden Shrine","player_choice":"Pray","floor":7.0,"gold_loss":0.0,"damage_taken":0.0},{"damage_healed":0.0,"max_hp_gain":0.0,"max_hp_loss":0.0,"gold_gain":0.0,"event_name":"Colosseum","player_choice":"Fight","floor":21.0,"gold_loss":0.0,"damage_taken":0.0},{"damage_healed":0.0,"max_hp_gain":0.0,"max_hp_loss":0.0,"gold_gain":0.0,"event_name":"Colosseum","player_choice":"Fled From Nobs","floor":21.0,"gold_loss":0.0,"damage_taken":0.0},{"damage_healed":0.0,"max_hp_gain":0.0,"max_hp_loss":0.0,"gold_gain":0.0,"event_name":"Cursed Tome","player_choice":"Ignored","floor":22.0,"gold_loss":0.0,"damage_taken":0.0},{"damage_healed":0.0,"max_hp_gain":0.0,"max_hp_loss":0.0,"gold_gain":0.0,"event_name":"SensoryStone","player_choice":"Memory 3","floor":37.0,"gold_loss":0.0,"damage_taken":10.0},{"damage_healed":0,"gold_gain":0,"player_choice":"Ignored","damage_taken":0,"max_hp_gain":0,"max_hp_loss":0,"event_name":"Mysterious Sphere","floor":45,"gold_loss":0},{"cards_removed":["Parasite"],"damage_healed":0,"gold_gain":0,"player_choice":"Removed Curses","damage_taken":0,"max_hp_gain":0,"max_hp_loss":0,"event_name":"Fountain of Cleansing","floor":48,"gold_loss":0}],"is_beta":false,"boss_relics":[{"not_picked":["HoveringKite","Pandora\u0027s Box"],"picked":"Empty Cage"},{"not_picked":["Velvet Choker","Snecko Eye"],"picked":"Fusion Hammer"}],"items_purged_floors":[12,36],"is_endless":false,"potions_floor_spawned":[1,3,10,16,20,24,25,30,38,44],"killed_by":"Donu and Deca","ascension_level":13}