{"gold_per_floor":[115,126,137,87,87,87,87,87,112,122,147,147,182,199,199,301,301,301,0,0,18,38,38,38,38,86,106,136,154,173,202,202,202],"floor_reached":33,"playtime":1872,"items_purged":["Strike_G"],"score":434,"play_id":"f5af139e-b7e9-45d0-9886-4ab9caaa5e9e","local_time":"20190423135525","is_ascension_mode":true,"campfire_choices":[{"data":"Neutralize","floor":6.0,"key":"SMITH"},{"data":"Cloak And Dagger","floor":8.0,"key":"SMITH"},{"data":"Skewer","floor":15.0,"key":"SMITH"},{"data":"A Thousand Cuts","floor":23,"key":"SMITH"},{"data":"Footwork","floor":25,"key":"SMITH"},{"floor":32,"key":"REST"}],"neow_cost":"NONE","seed_source_timestamp":0,"circlet_count":0,"master_deck":["Defend_G","Defend_G","Defend_G","Defend_G","Defend_G","Strike_G","Survivor","Neutralize+1","Deflect","Flying Knee","Cloak And Dagger+1","Dash","After Image+1","Predator","Skewer+1","A Thousand Cuts+1","Footwork+1","PiercingWail","Cloak And Dagger","Footwork","Backflip","Slice","Cloak And Dagger+1","Quick Slash"],"special_seed":0,"relics":["Ring of the Snake","Art of War","Strawberry","PreservedInsect","Empty Cage","Lantern","Happy Flower","Question Card"],"potions_floor_usage":[18,21,29,31,33,33,33],"damage_taken":[{"damage":9.0,"enemies":"Cultist","floor":1.0,"turns":5.0},{"damage":0.0,"enemies":"Small Slimes","floor":2.0,"turns":3.0},{"damage":0.0,"enemies":"2 Louse","floor":3.0,"turns":3.0},{"damage":0.0,"enemies":"Lots of Slimes","floor":7.0,"turns":1.0},{"damage":0.0,"enemies":"Looter","floor":10.0,"turns":3.0},{"damage":7.0,"enemies":"3 Sentries","floor":11.0,"turns":12.0},{"damage":9.0,"enemies":"Gremlin Nob","floor":13.0,"turns":4.0},{"damage":0.0,"enemies":"3 Louse","floor":14.0,"turns":4.0},{"damage":18.0,"enemies":"The Guardian","floor":16.0,"turns":15.0},{"damage":0,"enemies":"2 Thieves","floor":18,"turns":1},{"damage":12,"enemies":"Spheric Guardian","floor":21,"turns":5},{"damage":7,"enemies":"Centurion and Healer","floor":22,"turns":9},{"damage":21,"enemies":"Cultist and Chosen","floor":27,"turns":9},{"damage":2,"enemies":"Gremlin Leader","floor":28,"turns":5},{"damage":25,"enemies":"Chosen and Byrds","floor":29,"turns":9},{"damage":4,"enemies":"Snake Plant","floor":30,"turns":7},{"damage":11,"enemies":"Slavers","floor":31,"turns":8},{"damage":50,"enemies":"Champ","floor":33,"turns":17}],"seed_played":"-4873389749327798325","potions_obtained":[{"floor":0.0,"key":"Block Potion"},{"floor":0.0,"key":"SmokeBomb"},{"floor":0.0,"key":"SmokeBomb"},{"floor":1.0,"key":"Dexterity Potion"},{"floor":10.0,"key":"Strength Potion"},{"floor":11.0,"key":"SteroidPotion"},{"floor":21,"key":"EssenceOfSteel"},{"floor":27,"key":"Regen Potion"},{"floor":30,"key":"Fire Potion"},{"floor":31,"key":"Energy Potion"}],"is_trial":false,"path_per_floor":["M","?","?","M","?","?","?","M"],"character_chosen":"THE_SILENT","items_purchased":["Footwork","PiercingWail","Regen Potion","Dexterity Potion"],"campfire_rested":1,"item_purchase_floors":[19,19,19,19],"current_hp_per_floor":[54,54,54,54,54,54,54,54,54,54,54,59,50,50,50,32,70,70,70,70,67,60,60,60,60,60,39,37,27,23,12,36,0],"gold":202,"neow_bonus":"THREE_SMALL_POTIONS","is_prod":false,"is_daily":false,"chose_seed":false,"campfire_upgraded":5,"win_rate":0,"timestamp":1556020525,"path_taken":["M","M","?","?","?","R","M","R","T","?","E","?","E","M","R","BOSS","M","$","?","M","M","R","?","R","T","M","E","M","?","E","R","BOSS"],"build_version":"2019-01-23","purchased_purges":1,"victory":false,"max_hp_per_floor":[70,70,70,70,70,70,70,70,70,70,77,82,82,82,82,82,82,82,82,82,82,82,82,82,82,82,82,82,82,82,82,82,82],"card_choices":[{"not_picked":["Acrobatics","Setup"],"picked":"Deflect","floor":1.0},{"not_picked":["Infinite Blades","Acrobatics"],"picked":"Flying Knee","floor":2.0},{"not_picked":["Poisoned Stab","Accuracy"],"picked":"Cloak And Dagger","floor":3.0},{"not_picked":["All Out Attack","Choke"],"picked":"Dash","floor":10.0},{"not_picked":["Skewer","Footwork"],"picked":"After Image","floor":11.0},{"not_picked":["Flying Knee","Storm of Steel"],"picked":"Predator","floor":13.0},{"not_picked":["Sucker Punch","Bane"],"picked":"Skewer","floor":14.0},{"not_picked":["Venomology","Glass Knife"],"picked":"A Thousand Cuts","floor":16.0},{"not_picked":["Eviscerate","Acrobatics"],"picked":"Cloak And Dagger","floor":21},{"not_picked":["Quick Slash","Distraction+1"],"picked":"Footwork","floor":22},{"not_picked":["Outmaneuver+1","Crippling Poison"],"picked":"Backflip","floor":27},{"not_picked":["Bouncing Flask","Acrobatics","Dagger Throw"],"picked":"SKIP","floor":28},{"not_picked":["Acrobatics","Bane"],"picked":"Slice","floor":29},{"not_picked":["PiercingWail","Quick Slash"],"picked":"Cloak And Dagger+1","floor":30},{"not_picked":["Skewer","Acrobatics"],"picked":"Quick Slash","floor":31}],"player_experience":513656,"relics_obtained":[{"floor":9.0,"key":"Art of War"},{"floor":11.0,"key":"Strawberry"},{"floor":13.0,"key":"PreservedInsect"},{"floor":26,"key":"Lantern"},{"floor":28,"key":"Happy Flower"},{"floor":31,"key":"Question Card"}],"event_choices":[{"cards_removed":["Strike_G"],"damage_healed":0.0,"max_hp_gain":0.0,"max_hp_loss":0.0,"gold_gain":0.0,"event_name":"The Cleric","player_choice":"Card Removal","floor":4.0,"gold_loss":50.0,"damage_taken":0.0},{"damage_healed":0.0,"max_hp_gain":0.0,"max_hp_loss":0.0,"gold_gain":0.0,"event_name":"Lab","player_choice":"Got Potions","floor":5.0,"gold_loss":0.0,"damage_taken":0.0},{"damage_healed":0.0,"max_hp_gain":5.0,"max_hp_loss":0.0,"gold_gain":0.0,"event_name":"Big Fish","player_choice":"Donut","floor":12.0,"gold_loss":0.0,"damage_taken":0.0},{"damage_healed":0,"gold_gain":0,"player_choice":"Ignored","damage_taken":0,"max_hp_gain":0,"max_hp_loss":0,"event_name":"Beggar","floor":20,"gold_loss":0},{"damage_healed":0,"gold_gain":0,"player_choice":"Forge","damage_taken":0,"max_hp_gain":0,"max_hp_loss":0,"event_name":"Accursed Blacksmith","floor":24,"gold_loss":0,"cards_upgraded":["After Image"]}],"is_beta":false,"boss_relics":[{"not_picked":["Eternal Feather","Calling Bell"],"picked":"Empty Cage"}],"items_purged_floors":[19],"is_endless":false,"potions_floor_spawned":[1,10,11,21,27,30,31],"killed_by":"Champ","ascension_level":9}