{"gold_per_floor":[18,36,52,2,21,21,54,74,98,98,134,134,159,190,190,313,313,338,263,286,321,341,381,381,419,419,419,459,459,459,474,474,600,600,614,633,468,468,484,484],"floor_reached":40,"playtime":1731,"items_purged":[],"score":514,"play_id":"10d2bd5d-60ce-4236-b20e-7c2118ef44ec","local_time":"20190708140531","is_ascension_mode":true,"campfire_choices":[{"data":"Neutralize","floor":6,"key":"SMITH"},{"data":"Deadly Poison","floor":12,"key":"SMITH"},{"floor":15,"key":"REST"},{"floor":24,"key":"REST"},{"floor":27,"key":"REST"},{"data":"Footwork","floor":29,"key":"SMITH"},{"floor":32,"key":"REST"}],"neow_cost":"NO_GOLD","seed_source_timestamp":20568357993330,"circlet_count":0,"master_deck":["Defend_G","Defend_G","Defend_G","Defend_G","Defend_G","Survivor","Neutralize+1","Bane","Deadly Poison+1","Blade Dance","Skewer","Flying Knee","Dash","Caltrops","Poisoned Stab","Skewer+1","Adrenaline","Dash+1","Acrobatics+1","Catalyst+1","Cloak And Dagger","Backflip+1","Bullet Time","Footwork+1","Bite+1","Bite+1","Bite+1","Bite+1","Bite+1","Footwork","Corpse Explosion","Cloak And Dagger+1","Apotheosis"],"relics":["Ring of the Snake","Matryoshka","Art of War","Smiling Mask","Golden Idol","Snake Skull","Molten Egg 2","Sozu","Red Mask","Question Card","Boot","Regal Pillow","Shuriken","Singing Bowl","Busted Crown"],"potions_floor_usage":[7,14,21,33],"damage_taken":[{"damage":2,"enemies":"Small Slimes","floor":1,"turns":6},{"damage":0,"enemies":"Jaw Worm","floor":2,"turns":4},{"damage":0,"enemies":"2 Louse","floor":3,"turns":3},{"damage":1,"enemies":"2 Fungi Beasts","floor":5,"turns":4},{"damage":17,"enemies":"3 Sentries","floor":7,"turns":12},{"damage":0,"enemies":"Blue Slaver","floor":8,"turns":3},{"damage":4,"enemies":"Gremlin Nob","floor":11,"turns":3},{"damage":10,"enemies":"Lots of Slimes","floor":13,"turns":6},{"damage":18,"enemies":"3 Sentries","floor":14,"turns":8},{"damage":14,"enemies":"Slime Boss","floor":16,"turns":10},{"damage":0,"enemies":"Chosen","floor":18,"turns":3},{"damage":3,"enemies":"Shell Parasite","floor":20,"turns":3},{"damage":21,"enemies":"Masked Bandits","floor":21,"turns":4},{"damage":1,"enemies":"Cultist and Chosen","floor":22,"turns":5},{"damage":15,"enemies":"Book of Stabbing","floor":23,"turns":4},{"damage":42,"enemies":"Gremlin Leader","floor":25,"turns":7},{"damage":1,"enemies":"Slavers","floor":28,"turns":5},{"damage":18,"enemies":"Sentry and Sphere","floor":31,"turns":6},{"damage":38,"enemies":"Champ","floor":33,"turns":12},{"damage":0,"enemies":"3 Darklings","floor":35,"turns":3},{"damage":10,"enemies":"Orb Walker","floor":36,"turns":3},{"damage":6,"enemies":"Jaw Worm Horde","floor":39,"turns":4},{"damage":50,"enemies":"Giant Head","floor":40,"turns":8}],"seed_played":"8194054837666142695","potions_obtained":[{"floor":1,"key":"Energy Potion"},{"floor":7,"key":"Block Potion"},{"floor":11,"key":"Strength Potion"},{"floor":14,"key":"Weak Potion"}],"is_trial":false,"path_per_floor":["?","?","?","?","?","M","$","?"],"character_chosen":"THE_SILENT","items_purchased":["Apotheosis"],"campfire_rested":4,"item_purchase_floors":[37],"current_hp_per_floor":[68,68,68,68,67,67,50,50,50,50,46,46,36,18,37,23,65,65,65,62,41,40,25,44,2,2,36,35,35,35,26,45,15,45,45,40,40,40,42,0],"gold":484,"neow_bonus":"REMOVE_TWO","is_prod":false,"is_daily":false,"chose_seed":false,"campfire_upgraded":3,"win_rate":0,"timestamp":1562587531,"path_taken":["M","M","M","?","M","R","E","M","T","?","E","R","M","E","R","BOSS","M","?","M","?","M","E","R","E","T","R","E","R","?","?","R","BOSS","M","M","?","?","M","E"],"build_version":"2019-01-23","purchased_purges":0,"victory":false,"max_hp_per_floor":[70,70,70,70,70,70,70,70,70,65,65,65,65,65,65,65,65,65,65,65,65,65,65,65,65,65,65,65,65,45,45,45,45,45,45,47,47,47,49,49],"card_choices":[{"not_picked":["Distraction","Backflip"],"picked":"Bane","floor":1},{"not_picked":["Cloak And Dagger","Quick Slash"],"picked":"Deadly Poison","floor":2},{"not_picked":["Acrobatics","Deflect"],"picked":"Blade Dance","floor":3},{"not_picked":["Backflip","Doppelganger"],"picked":"Skewer","floor":5},{"not_picked":["Outmaneuver","Quick Slash"],"picked":"Flying Knee","floor":7},{"not_picked":["Cloak And Dagger","Quick Slash"],"picked":"Dash","floor":8},{"not_picked":["Flying Knee","Skewer"],"picked":"Caltrops","floor":11},{"not_picked":["Quick Slash","Underhanded Strike"],"picked":"Poisoned Stab","floor":13},{"not_picked":["Reflex","Tactician"],"picked":"Skewer","floor":14},{"not_picked":["Burst","Wraith Form v2"],"picked":"Adrenaline","floor":16},{"not_picked":["Acrobatics+1","Riddle With Holes+1"],"picked":"Dash+1","floor":18},{"not_picked":["Quick Slash+1","Reflex"],"picked":"Acrobatics+1","floor":20},{"not_picked":["Quick Slash+1","PiercingWail+1"],"picked":"Catalyst+1","floor":21},{"not_picked":["Expertise+1","Quick Slash+1"],"picked":"Cloak And Dagger","floor":22},{"not_picked":["Poisoned Stab+1","Slice+1"],"picked":"Backflip+1","floor":23},{"not_picked":["Bane+1","Dodge and Roll","Setup"],"picked":"Bullet Time","floor":25},{"not_picked":["Dagger Spray+1","Deflect+1","Choke+1"],"picked":"Footwork","floor":28},{"not_picked":["Bane+1","Skewer+1","Deflect"],"picked":"Footwork","floor":31},{"not_picked":["Unload+1","Phantasmal Killer","Tools of the Trade"],"picked":"Corpse Explosion","floor":33},{"not_picked":["Deadly Poison"],"picked":"Cloak And Dagger+1","floor":35},{"not_picked":["Choke+1","Bane+1"],"picked":"Singing Bowl","floor":36},{"not_picked":["Deadly Poison+1","Blade Dance"],"picked":"Singing Bowl","floor":39}],"player_experience":988291,"relics_obtained":[{"floor":7,"key":"Matryoshka"},{"floor":9,"key":"Art of War"},{"floor":9,"key":"Smiling Mask"},{"floor":11,"key":"Snake Skull"},{"floor":14,"key":"Molten Egg 2"},{"floor":21,"key":"Red Mask"},{"floor":23,"key":"Question Card"},{"floor":25,"key":"Boot"},{"floor":26,"key":"Regal Pillow"},{"floor":26,"key":"Shuriken"},{"floor":28,"key":"Singing Bowl"}],"event_choices":[{"cards_removed":["Strike_G"],"damage_healed":0,"gold_gain":0,"player_choice":"Card Removal","damage_taken":0,"max_hp_gain":0,"max_hp_loss":0,"event_name":"The Cleric","floor":4,"gold_loss":50},{"damage_healed":0,"gold_gain":0,"player_choice":"Lose Max HP","damage_taken":0,"relics_obtained":["Golden Idol"],"max_hp_gain":0,"max_hp_loss":5,"event_name":"Golden Idol","floor":10,"gold_loss":0},{"cards_removed":["Strike_G"],"damage_healed":0,"gold_gain":0,"player_choice":"Gave Gold","damage_taken":0,"max_hp_gain":0,"max_hp_loss":0,"event_name":"Beggar","floor":19,"gold_loss":75},{"damage_healed":0,"gold_gain":0,"player_choice":"Fought Bandits","damage_taken":0,"max_hp_gain":0,"max_hp_loss":0,"event_name":"Masked Bandits","floor":21,"gold_loss":0},{"damage_healed":0,"gold_gain":0,"player_choice":"Became a vampire","damage_taken":0,"max_hp_gain":0,"max_hp_loss":20,"event_name":"Vampires","floor":30,"gold_loss":0,"cards_obtained":["Bite","Bite","Bite","Bite","Bite"]},{"damage_healed":0,"gold_gain":0,"player_choice":"Ignored","damage_taken":0,"max_hp_gain":0,"max_hp_loss":0,"event_name":"Mysterious Sphere","floor":38,"gold_loss":0}],"is_beta":false,"boss_relics":[{"not_picked":["Eternal Feather","Runic Dome"],"picked":"Sozu"},{"not_picked":["Velvet Choker","Pandora\u0027s Box"],"picked":"Busted Crown"}],"items_purged_floors":[],"is_endless":false,"potions_floor_spawned":[1,7,11,14,20,21,25,28,33,36,39],"killed_by":"Giant Head","ascension_level":1}