{"gold_per_floor":[119,132,132,144,219,219,234,234,261,141,160,160,193,208,208,304,304,322,333,186,206,206,206,237,162,162,261,293,293,293,293,293,388,388,408,420,136,136,150,150,180,199,225,237,237,249,349,349,349,349,349,349,38,68,68],"floor_reached":55,"playtime":3619,"items_purged":["Pain"],"score":903,"play_id":"8ddf70a9-a19c-4bb8-80b7-007801cac835","local_time":"20190606121736","is_ascension_mode":true,"campfire_choices":[{"floor":6,"key":"REST"},{"floor":8,"key":"RECALL"},{"data":"Poisoned Stab","floor":15,"key":"SMITH"},{"data":"Eviscerate","floor":23,"key":"SMITH"},{"data":"Endless Agony","floor":29,"key":"PURGE"},{"data":"Escape Plan","floor":32,"key":"PURGE"},{"data":"Wraith Form v2","floor":40,"key":"SMITH"},{"data":"Backstab+1","floor":49,"key":"PURGE"},{"data":"Well Laid Plans","floor":52,"key":"SMITH"}],"neow_cost":"NONE","seed_source_timestamp":11365181278134,"circlet_count":0,"master_deck":["Survivor","Neutralize","Dodge and Roll","Underhanded Strike+1","Bullet Time","Poisoned Stab+1","Glass Knife","Corpse Explosion","Sucker Punch","Die Die Die","Blur","Dagger Throw+1","Cloak And Dagger","PiercingWail","Acrobatics+1","Eviscerate+1","Leg Sweep","Bouncing Flask","Backflip+1","Dash","Wraith Form v2+1","Acrobatics","Backflip","Crippling Poison+1","Predator+1","Well Laid Plans+1","Backflip","Noxious Fumes","Cloak And Dagger+1"],"relics":["Snecko Eye","WarpedTongs","Blood Vial","Pear","Pandora\u0027s Box","The Specimen","Peace Pipe","Tough Bandages","Whetstone","Sundial","Coffee Dripper","Mummified Hand","Bag of Marbles","Pen Nib","Du-Vu Doll","Pantograph","Thread and Needle"],"potions_floor_usage":[55,55,55],"damage_taken":[{"damage":0,"enemies":"Small Slimes","floor":1,"turns":5},{"damage":1,"enemies":"Cultist","floor":2,"turns":5},{"damage":3,"enemies":"2 Louse","floor":4,"turns":3},{"damage":8,"enemies":"Blue Slaver","floor":7,"turns":6},{"damage":0,"enemies":"3 Louse","floor":11,"turns":4},{"damage":7,"enemies":"3 Sentries","floor":13,"turns":8},{"damage":0,"enemies":"Exordium Wildlife","floor":14,"turns":3},{"damage":21,"enemies":"The Guardian","floor":16,"turns":12},{"damage":0,"enemies":"Chosen","floor":18,"turns":3},{"damage":20,"enemies":"2 Thieves","floor":19,"turns":2},{"damage":0,"enemies":"Snecko","floor":21,"turns":3},{"damage":0,"enemies":"Gremlin Leader","floor":24,"turns":4},{"damage":6,"enemies":"Slavers","floor":28,"turns":3},{"damage":0,"enemies":"Automaton","floor":33,"turns":5},{"damage":9,"enemies":"Orb Walker","floor":35,"turns":3},{"damage":0,"enemies":"3 Shapes","floor":36,"turns":3},{"damage":3,"enemies":"Transient","floor":39,"turns":5},{"damage":5,"enemies":"Giant Head","floor":41,"turns":8},{"damage":3,"enemies":"Sphere and 2 Shapes","floor":42,"turns":3},{"damage":0,"enemies":"Spire Growth","floor":44,"turns":3},{"damage":0,"enemies":"Transient","floor":46,"turns":5},{"damage":0,"enemies":"Mind Bloom Boss Battle","floor":47,"turns":5},{"damage":0,"enemies":"Donu and Deca","floor":50,"turns":4},{"damage":0,"enemies":"Shield and Spear","floor":54,"turns":4},{"damage":80,"enemies":"The Heart","floor":55,"turns":11}],"seed_played":"3305320911584860413","potions_obtained":[{"floor":2,"key":"EssenceOfSteel"},{"floor":4,"key":"SteroidPotion"},{"floor":14,"key":"SpeedPotion"},{"floor":24,"key":"GhostInAJar"},{"floor":46,"key":"GhostInAJar"}],"is_trial":false,"path_per_floor":["?","M","?","?","?","?","?","T","?","?","?","?"],"character_chosen":"THE_SILENT","items_purchased":["Dagger Spray","Leg Sweep","Bouncing Flask","Backflip","Mummified Hand","Pantograph","Noxious Fumes"],"campfire_rested":1,"item_purchase_floors":[10,20,20,37,37,53,53],"current_hp_per_floor":[70,69,69,66,55,70,62,62,62,62,62,50,55,57,57,38,80,80,60,60,62,62,62,64,64,64,64,60,60,60,60,60,62,80,71,73,73,73,72,72,69,68,68,70,70,72,74,74,74,76,80,80,80,80,0],"gold":68,"neow_bonus":"BOSS_RELIC","is_prod":false,"is_daily":false,"chose_seed":false,"campfire_upgraded":4,"win_rate":0,"timestamp":1559816256,"path_taken":["M","M","?","?","?","R","M","R","T","$","M","?","E","M","R","BOSS","M","M","$","M","?","R","E","?","T","?","E","R","?","?","R","BOSS","M","M","$","?","M","R","E","M","T","M","$","M","?","?","R","BOSS","R","$","E","BOSS"],"build_version":"2019-01-23","purchased_purges":1,"victory":false,"max_hp_per_floor":[70,70,70,70,70,70,70,70,70,70,70,70,80,80,80,80,80,80,80,80,80,80,80,80,80,80,80,80,80,80,80,80,80,80,80,80,80,80,80,80,80,80,80,80,80,80,80,80,80,80,80,80,80,80,80],"card_choices":[{"not_picked":["Blade Dance","Setup"],"picked":"Dodge and Roll","floor":1},{"not_picked":["Distraction","Flying Knee","Dagger Spray"],"picked":"SKIP","floor":2},{"not_picked":["Cloak And Dagger","Well Laid Plans","Endless Agony"],"picked":"SKIP","floor":4},{"not_picked":["Catalyst","Reflex","Acrobatics"],"picked":"SKIP","floor":7},{"not_picked":["Backflip","Acrobatics"],"picked":"Underhanded Strike","floor":11},{"not_picked":["Dagger Spray","Bane"],"picked":"Bullet Time","floor":13},{"not_picked":["PiercingWail","Endless Agony"],"picked":"Poisoned Stab","floor":14},{"not_picked":["Venomology","Adrenaline"],"picked":"Glass Knife","floor":16},{"not_picked":["Blade Dance","Prepared"],"picked":"Acrobatics+1","floor":18},{"not_picked":["Masterful Stab","Flechettes"],"picked":"Eviscerate","floor":19},{"not_picked":["PiercingWail","Slice+1"],"picked":"Backflip+1","floor":21},{"not_picked":["Tools of the Trade","Burst"],"picked":"Dash","floor":24},{"not_picked":["Distraction","Outmaneuver"],"picked":"Backstab+1","floor":28},{"not_picked":["Unload","Die Die Die"],"picked":"Wraith Form v2","floor":33},{"not_picked":["Deflect","Heel Hook","Slice+1"],"picked":"SKIP","floor":35},{"not_picked":["Blade Dance","Reflex+1"],"picked":"Acrobatics","floor":36},{"not_picked":["Flechettes","Acrobatics","Flying Knee"],"picked":"SKIP","floor":39},{"not_picked":["Reflex","Acrobatics"],"picked":"Crippling Poison+1","floor":41},{"not_picked":["Accuracy+1","PiercingWail","Flying Knee+1"],"picked":"SKIP","floor":42},{"not_picked":["Masterful Stab","Footwork"],"picked":"Predator+1","floor":44},{"not_picked":["Quick Slash","Backstab"],"picked":"Well Laid Plans","floor":46},{"not_picked":["Calculated Gamble+1","Accuracy+1"],"picked":"Backflip","floor":47},{"not_picked":["Reflex","Slice"],"picked":"Cloak And Dagger+1","floor":54}],"player_experience":794626,"relics_obtained":[{"floor":13,"key":"Pear"},{"floor":24,"key":"Peace Pipe"},{"floor":26,"key":"Tough Bandages"},{"floor":28,"key":"Whetstone"},{"floor":30,"key":"Sundial"},{"floor":41,"key":"Bag of Marbles"},{"floor":43,"key":"Pen Nib"},{"floor":47,"key":"Du-Vu Doll"},{"floor":54,"key":"Thread and Needle"}],"event_choices":[{"damage_healed":0,"gold_gain":0,"player_choice":"Rummage","damage_taken":0,"relics_obtained":["WarpedTongs"],"max_hp_gain":0,"max_hp_loss":0,"event_name":"Accursed Blacksmith","floor":3,"gold_loss":0,"cards_obtained":["Pain"]},{"damage_healed":0,"gold_gain":75,"player_choice":"Gather Gold","damage_taken":11,"max_hp_gain":0,"max_hp_loss":0,"event_name":"World of Goop","floor":5,"gold_loss":0},{"damage_healed":0,"gold_gain":0,"player_choice":"Success","damage_taken":12,"relics_obtained":["Blood Vial"],"max_hp_gain":0,"max_hp_loss":0,"event_name":"Scrap Ooze","floor":12,"gold_loss":0},{"damage_healed":0,"gold_gain":0,"player_choice":"Opened","damage_taken":0,"relics_obtained":["The Specimen"],"max_hp_gain":0,"max_hp_loss":0,"event_name":"The Mausoleum","floor":22,"gold_loss":0},{"cards_removed":["Dagger Spray"],"damage_healed":0,"gold_gain":0,"player_choice":"Gave Gold","damage_taken":0,"max_hp_gain":0,"max_hp_loss":0,"event_name":"Beggar","floor":25,"gold_loss":75},{"damage_healed":0,"gold_gain":99,"player_choice":"Stole From Cult","damage_taken":0,"max_hp_gain":0,"max_hp_loss":0,"event_name":"Nest","floor":27,"gold_loss":0},{"damage_healed":0,"gold_gain":0,"player_choice":"Ignored","damage_taken":0,"max_hp_gain":0,"max_hp_loss":0,"event_name":"Ghosts","floor":31,"gold_loss":0},{"damage_healed":0,"gold_gain":0,"player_choice":"Ignored","damage_taken":0,"max_hp_gain":0,"max_hp_loss":0,"event_name":"Mysterious Sphere","floor":38,"gold_loss":0},{"damage_healed":0,"gold_gain":0,"player_choice":"Fight","damage_taken":0,"max_hp_gain":0,"max_hp_loss":0,"event_name":"MindBloom","floor":47,"gold_loss":0},{"cards_removed":["Calculated Gamble"],"damage_healed":0,"gold_gain":0,"player_choice":"Removed Skill","damage_taken":0,"max_hp_gain":0,"max_hp_loss":0,"event_name":"Falling","floor":48,"gold_loss":0}],"is_beta":false,"boss_relics":[{"not_picked":["Astrolabe","Busted Crown"],"picked":"Pandora\u0027s Box"},{"not_picked":["Calling Bell","Runic Dome"],"picked":"Coffee Dripper"}],"items_purged_floors":[10],"is_endless":false,"potions_floor_spawned":[2,4,14,18,19,21,24,35,36,42,44,46,54],"killed_by":"The Heart","ascension_level":1}