{"gold_per_floor":[113,38,55,55,68,99,99,109,155,22,22,42,54,66,66,66],"floor_reached":16,"playtime":903,"items_purged":["Defend_R","Strike_R"],"score":154,"play_id":"618ed8c6-334c-4b2a-8a76-a584b8ca33c6","local_time":"20190423005006","is_ascension_mode":false,"campfire_choices":[{"floor":11,"key":"REST"},{"floor":15,"key":"REST"}],"neow_cost":"NONE","seed_source_timestamp":0,"circlet_count":0,"master_deck":["Strike_R","Strike_R","Strike_R","Strike_R","Defend_R","Defend_R","Defend_R","Bash","Impatience","Ghostly Armor","True Grit","Bash","Flex","Battle Trance","Limit Break","Inflame","Twin Strike","Battle Trance"],"special_seed":0,"relics":["Burning Blood","Bottled Flame","Boot"],"potions_floor_usage":[8],"damage_taken":[{"damage":12.0,"enemies":"Small Slimes","floor":1.0,"turns":3.0},{"damage":6.0,"enemies":"Cultist","floor":3.0,"turns":3.0},{"damage":11.0,"enemies":"Jaw Worm","floor":5.0,"turns":3.0},{"damage":56.0,"enemies":"3 Sentries","floor":6.0,"turns":12.0},{"damage":6,"enemies":"Large Slime","floor":8,"turns":6},{"damage":17,"enemies":"2 Fungi Beasts","floor":12,"turns":4},{"damage":10,"enemies":"Looter","floor":13,"turns":3},{"damage":18,"enemies":"Lots of Slimes","floor":14,"turns":4}],"seed_played":"-4102302556796585580","potions_obtained":[{"floor":1.0,"key":"PowerPotion"},{"floor":6,"key":"GamblersBrew"},{"floor":14,"key":"Block Potion"}],"is_trial":false,"path_per_floor":["M","$","M","?","M","E","?","M","T","$","R","M","M","M","R","B"],"character_chosen":"IRONCLAD","items_purchased":["Inflame"],"campfire_rested":2,"item_purchase_floors":[10],"current_hp_per_floor":[74,74,74,74,69,19,19,19,19,19,43,32,28,16,40,0],"gold":66,"neow_bonus":"RANDOM_COLORLESS","is_prod":false,"is_daily":false,"chose_seed":false,"campfire_upgraded":0,"win_rate":0,"timestamp":1556005806,"path_taken":["M","$","M","?","M","E","?","M","T","$","R","M","M","M","R","BOSS"],"build_version":"2019-04-21","purchased_purges":2,"victory":false,"max_hp_per_floor":[80,80,80,80,80,80,80,80,80,80,80,80,80,80,80,80],"card_choices":[{"not_picked":["Flame Barrier","Warcry"],"picked":"Ghostly Armor","floor":1.0},{"not_picked":["Thunderclap","Combust"],"picked":"True Grit","floor":3.0},{"not_picked":["Combust","Perfected Strike"],"picked":"Flex","floor":5.0},{"not_picked":["Corruption","Thunderclap"],"picked":"Battle Trance","floor":6},{"not_picked":["Carnage","Cleave"],"picked":"Limit Break","floor":8},{"not_picked":["Entrench","Corruption","Power Through"],"picked":"SKIP","floor":12},{"not_picked":["Body Slam","Perfected Strike"],"picked":"Twin Strike","floor":13},{"not_picked":["Bloodletting","Clash"],"picked":"Battle Trance","floor":14}],"player_experience":1065022,"relics_obtained":[{"floor":6,"key":"Bottled Flame"},{"floor":9,"key":"Boot"}],"event_choices":[{"damage_healed":0.0,"max_hp_gain":0.0,"max_hp_loss":0.0,"gold_gain":0.0,"event_name":"Match and Keep!","player_choice":"1 cards matched","floor":4.0,"gold_loss":0.0,"damage_taken":0.0,"cards_obtained":["Bash"]},{"cards_removed":["Strike_R"],"damage_healed":0,"gold_gain":0,"player_choice":"Took Card","damage_taken":0,"max_hp_gain":0,"max_hp_loss":0,"event_name":"NoteForYourself","floor":7,"gold_loss":0,"cards_obtained":["Strike_R"]}],"is_beta":true,"boss_relics":[],"items_purged_floors":[2,10],"is_endless":false,"potions_floor_spawned":[1,6,14],"killed_by":"The Guardian","ascension_level":0}