{"gold_per_floor":[115,190,190,201,216,216,231,406,476,476,182,215,215,228,228,332,332,342,359,284,299,299,299,326,326,326,361,381,398,398,79,79,79],"floor_reached":33,"playtime":1462,"items_purged":["Doubt","Strike_B"],"score":331,"play_id":"542dc4ff-b886-4d8f-b269-9d834ba016bc","local_time":"20190319102847","is_ascension_mode":true,"campfire_choices":[{"floor":6.0,"key":"REST"},{"data":"Zap","floor":10.0,"key":"SMITH"},{"data":"Apotheosis","floor":15.0,"key":"SMITH"},{"floor":23.0,"key":"REST"},{"floor":25.0,"key":"REST"},{"floor":30.0,"key":"REST"},{"floor":32.0,"key":"REST"}],"neow_cost":"NONE","seed_source_timestamp":4471073067808,"circlet_count":0,"master_deck":["Strike_B","Strike_B","Defend_B","Defend_B","Defend_B","Defend_B","Zap+1","Dualcast","Coolheaded","Cold Snap","Apotheosis+1","Electrodynamics","Turbo","Electrodynamics","FTL","Capacitor","Capacitor","Conserve Battery","Echo Form","Writhe","Coolheaded+1","Self Repair","Defragment","Consume","Hologram+1","Coolheaded+1","FTL+1","Cold Snap+1"],"special_seed":0,"relics":["Lizard Tail","Ornamental Fan","Bronze Scales","Orrery","Dream Catcher","Red Mask","The Courier","Juzu Bracelet","Vajra","Oddly Smooth Stone"],"potions_floor_usage":[33],"damage_taken":[{"damage":10.0,"enemies":"Cultist","floor":1.0,"turns":4.0},{"damage":3.0,"enemies":"Small Slimes","floor":4.0,"turns":4.0},{"damage":8.0,"enemies":"Jaw Worm","floor":5.0,"turns":5.0},{"damage":7.0,"enemies":"3 Louse","floor":7.0,"turns":5.0},{"damage":1.0,"enemies":"Lagavulin","floor":12.0,"turns":5.0},{"damage":7.0,"enemies":"Red Slaver","floor":14.0,"turns":3.0},{"damage":3.0,"enemies":"The Guardian","floor":16.0,"turns":11.0},{"damage":15.0,"enemies":"3 Byrds","floor":18.0,"turns":3.0},{"damage":4.0,"enemies":"Chosen","floor":19.0,"turns":4.0},{"damage":35.0,"enemies":"Snake Plant","floor":21.0,"turns":3.0},{"damage":33.0,"enemies":"Masked Bandits","floor":24.0,"turns":4.0},{"damage":33.0,"enemies":"Book of Stabbing","floor":27.0,"turns":6.0},{"damage":10.0,"enemies":"Centurion and Healer","floor":28.0,"turns":7.0},{"damage":33.0,"enemies":"Shelled Parasite and Fungi","floor":29.0,"turns":6.0},{"damage":73,"enemies":"Collector","floor":33,"turns":6}],"seed_played":"-7144453637630715123","potions_obtained":[{"floor":4.0,"key":"Block Potion"},{"floor":7.0,"key":"SpeedPotion"},{"floor":12.0,"key":"FearPotion"},{"floor":13.0,"key":"SkillPotion"},{"floor":13.0,"key":"Fire Potion"},{"floor":18.0,"key":"Ancient Potion"},{"floor":27.0,"key":"FocusPotion"},{"floor":28.0,"key":"Block Potion"}],"is_trial":false,"path_per_floor":["?","?","M","M","?","?","?","?","?","$"],"character_chosen":"DEFECT","items_purchased":["Apotheosis","Energy Potion","Vajra","Oddly Smooth Stone"],"campfire_rested":5,"item_purchase_floors":[11,11,31,31],"current_hp_per_floor":[65,54,47,44,36,58,51,51,51,51,51,50,50,43,43,40,75,60,56,56,21,21,43,10,32,32,47,47,24,46,46,68,0],"gold":79,"neow_bonus":"BOSS_RELIC","is_prod":false,"is_daily":false,"chose_seed":false,"campfire_upgraded":2,"win_rate":0,"timestamp":1552987727,"path_taken":["M","?","?","?","M","R","?","?","T","R","$","E","?","M","R","BOSS","M","M","?","M","?","R","?","R","T","E","M","M","R","?","R","BOSS"],"build_version":"2019-01-23","purchased_purges":2,"victory":false,"max_hp_per_floor":[75,75,75,75,75,75,75,75,75,75,75,75,75,75,75,75,75,75,75,75,75,75,75,75,75,75,75,75,75,75,75,75,75],"card_choices":[{"not_picked":["Redo","Barrage"],"picked":"Coolheaded","floor":1.0},{"not_picked":["Streamline","Reprogram"],"picked":"Cold Snap","floor":4.0},{"not_picked":["Beam Cell","Steam","Barrage"],"picked":"SKIP","floor":5.0},{"not_picked":["Turbo","Melter","Redo"],"picked":"SKIP","floor":7.0},{"not_picked":["Ball Lightning","Stack"],"picked":"Electrodynamics","floor":12.0},{"not_picked":["Streamline","Tempest"],"picked":"Turbo","floor":14.0},{"not_picked":["Reboot","Biased Cognition"],"picked":"Electrodynamics","floor":16.0},{"not_picked":["Leap","Undo"],"picked":"FTL","floor":17.0},{"not_picked":["Scrape","Sunder"],"picked":"Capacitor","floor":17.0},{"not_picked":["Beam Cell","Barrage"],"picked":"Capacitor","floor":17.0},{"not_picked":["Genetic Algorithm","Streamline"],"picked":"Conserve Battery","floor":18.0},{"not_picked":["Sweeping Beam+1","Hologram","Turbo"],"picked":"SKIP","floor":19.0},{"not_picked":["Barrage+1","Streamline"],"picked":"Echo Form","floor":21.0},{"not_picked":["Conserve Battery","Turbo"],"picked":"Coolheaded+1","floor":23.0},{"not_picked":["Doom and Gloom","FTL+1"],"picked":"Self Repair","floor":24.0},{"not_picked":["Cold Snap+1","Go for the Eyes"],"picked":"Defragment","floor":25.0},{"not_picked":["Rebound","Sweeping Beam"],"picked":"Consume","floor":27.0},{"not_picked":["BootSequence","Streamline"],"picked":"Hologram+1","floor":28.0},{"not_picked":["Cold Snap+1","All For One"],"picked":"Coolheaded+1","floor":29.0},{"not_picked":["Streamline","Steam"],"picked":"FTL+1","floor":30.0},{"not_picked":["Steam","Stack"],"picked":"Cold Snap+1","floor":32.0}],"player_experience":197643,"relics_obtained":[{"floor":9.0,"key":"Ornamental Fan"},{"floor":12.0,"key":"Bronze Scales"},{"floor":24.0,"key":"Red Mask"},{"floor":26.0,"key":"The Courier"},{"floor":27.0,"key":"Juzu Bracelet"}],"event_choices":[{"damage_healed":0.0,"max_hp_gain":0.0,"max_hp_loss":0.0,"gold_gain":75.0,"event_name":"World of Goop","player_choice":"Gather Gold","floor":2.0,"gold_loss":0.0,"damage_taken":11.0},{"damage_healed":0.0,"max_hp_gain":0.0,"max_hp_loss":0.0,"gold_gain":0.0,"event_name":"Wheel of Change","player_choice":"Damaged","floor":3.0,"gold_loss":0.0,"damage_taken":7.0},{"damage_healed":0.0,"max_hp_gain":0.0,"max_hp_loss":0.0,"gold_gain":175.0,"event_name":"Liars Game","player_choice":"AGREE","floor":8.0,"gold_loss":0.0,"damage_taken":0.0,"cards_obtained":["Doubt"]},{"damage_healed":0.0,"max_hp_gain":0.0,"max_hp_loss":0.0,"gold_gain":0.0,"event_name":"Lab","player_choice":"Got Potions","floor":13.0,"gold_loss":0.0,"damage_taken":0.0},{"cards_removed":["Strike_B"],"damage_healed":0.0,"max_hp_gain":0.0,"max_hp_loss":0.0,"gold_gain":0.0,"event_name":"Beggar","player_choice":"Gave Gold","floor":20.0,"gold_loss":75.0,"damage_taken":0.0},{"damage_healed":0.0,"max_hp_gain":0.0,"max_hp_loss":0.0,"gold_gain":0.0,"event_name":"The Mausoleum","player_choice":"Opened","floor":22.0,"gold_loss":0.0,"damage_taken":0.0,"relics_obtained":["Dream Catcher"],"cards_obtained":["Writhe"]},{"damage_healed":0.0,"max_hp_gain":0.0,"max_hp_loss":0.0,"gold_gain":0.0,"event_name":"Masked Bandits","player_choice":"Fought Bandits","floor":24.0,"gold_loss":0.0,"damage_taken":0.0}],"is_beta":false,"boss_relics":[{"not_picked":["Fusion Hammer","Runic Dome"],"picked":"Orrery"}],"items_purged_floors":[11,31],"is_endless":false,"potions_floor_spawned":[4,7,12,18,27,28],"killed_by":"Collector","ascension_level":1}