{"gold_per_floor":[215,3,23,43,55,55,67,99,399,399,142,168,168,184,184,261,261,280,292,318,25,45,45,77,77,77,77,106,116,116,134,134,205,205,217,217,229,139,152,152,184,184,208,208],"floor_reached":44,"playtime":2601,"items_purged":["Strike_G","Strike_G"],"score":846,"play_id":"3a340dcb-c47a-4310-be4e-214b37b862cb","local_time":"20190715111814","is_ascension_mode":true,"campfire_choices":[{"data":"Neutralize","floor":6.0,"key":"SMITH"},{"floor":10.0,"key":"REST"},{"data":"Footwork","floor":13.0,"key":"SMITH"},{"data":"Noxious Fumes","floor":15.0,"key":"SMITH"},{"floor":23.0,"key":"REST"},{"floor":25.0,"key":"REST"},{"floor":27.0,"key":"REST"},{"floor":30.0,"key":"REST"},{"data":"Crippling Poison","floor":32.0,"key":"SMITH"},{"floor":40.0,"key":"REST"},{"floor":42.0,"key":"REST"}],"neow_cost":"NONE","seed_source_timestamp":0,"circlet_count":0,"master_deck":["AscendersBane","Defend_G","Defend_G","Defend_G","Defend_G","Defend_G","Strike_G","Strike_G","Survivor","Neutralize+1","Flying Knee","All Out Attack+1","Footwork+1","Glass Knife","Backflip","Calculated Gamble","Predator+1","Master of Strategy+1","Dodge and Roll","Noxious Fumes+1","Bullet Time","Crippling Poison+1","PiercingWail","Master of Strategy","Backflip","Malaise","Cloak And Dagger","Glass Knife","Acrobatics","PiercingWail"],"special_seed":0,"relics":["Ring of the Serpent","Membership Card","Whetstone","Old Coin","OrangePellets","Unceasing Top","Philosopher\u0027s Stone","Red Mask","Ice Cream","Pantograph","Juzu Bracelet","Boot"],"potions_floor_usage":[44],"damage_taken":[{"damage":0.0,"enemies":"Cultist","floor":1.0,"turns":6.0},{"damage":8.0,"enemies":"Jaw Worm","floor":3.0,"turns":4.0},{"damage":0.0,"enemies":"2 Louse","floor":4.0,"turns":4.0},{"damage":2.0,"enemies":"Exordium Wildlife","floor":5.0,"turns":2.0},{"damage":7.0,"enemies":"Gremlin Gang","floor":7.0,"turns":3.0},{"damage":22.0,"enemies":"Gremlin Nob","floor":8.0,"turns":5.0},{"damage":0.0,"enemies":"Lagavulin","floor":12.0,"turns":6.0},{"damage":0.0,"enemies":"Exordium Thugs","floor":14.0,"turns":5.0},{"damage":34.0,"enemies":"Slime Boss","floor":16.0,"turns":10.0},{"damage":5.0,"enemies":"3 Byrds","floor":18.0,"turns":4.0},{"damage":0.0,"enemies":"Spheric Guardian","floor":19.0,"turns":3.0},{"damage":15.0,"enemies":"Masked Bandits","floor":20.0,"turns":4.0},{"damage":12.0,"enemies":"Shelled Parasite and Fungi","floor":22.0,"turns":6.0},{"damage":29.0,"enemies":"Slavers","floor":24.0,"turns":6.0},{"damage":44.0,"enemies":"Gremlin Leader","floor":28.0,"turns":9.0},{"damage":7.0,"enemies":"Cultist and Chosen","floor":29.0,"turns":6.0},{"damage":2.0,"enemies":"Snake Plant","floor":31.0,"turns":5.0},{"damage":19.0,"enemies":"Collector","floor":33.0,"turns":12.0},{"damage":7.0,"enemies":"Orb Walker","floor":35.0,"turns":4.0},{"damage":10.0,"enemies":"3 Darklings","floor":37.0,"turns":6.0},{"damage":9.0,"enemies":"Writhing Mass","floor":39.0,"turns":12.0},{"damage":38.0,"enemies":"Reptomancer","floor":41.0,"turns":9.0},{"damage":42,"enemies":"Nemesis","floor":44,"turns":8}],"seed_played":"-1192261157850005928","potions_obtained":[{"floor":4.0,"key":"Dexterity Potion"},{"floor":5.0,"key":"Strength Potion"},{"floor":12.0,"key":"SpeedPotion"},{"floor":16.0,"key":"LiquidBronze"},{"floor":18.0,"key":"Block Potion"},{"floor":28.0,"key":"Regen Potion"},{"floor":35.0,"key":"Swift Potion"}],"is_trial":false,"path_per_floor":["M","M","?","$","M","?","?"],"character_chosen":"THE_SILENT","items_purchased":["Membership Card","All Out Attack","OrangePellets","Master of Strategy","Dodge and Roll","Ice Cream","Master of Strategy","Backflip"],"campfire_rested":7,"item_purchase_floors":[2,2,11,11,11,21,21,21],"current_hp_per_floor":[63,63,55,55,53,53,46,24,24,45,45,45,45,45,45,11,55,50,50,35,35,23,44,15,36,36,57,13,21,42,40,40,46,64,57,57,47,47,38,59,21,42,42,0],"gold":208,"neow_bonus":"HUNDRED_GOLD","is_prod":false,"is_daily":false,"chose_seed":false,"campfire_upgraded":4,"win_rate":0,"timestamp":1563182294,"path_taken":["M","$","M","M","?","R","M","E","T","R","$","E","R","M","R","BOSS","M","?","?","?","M","R","E","R","T","R","E","M","R","?","R","BOSS","M","?","M","?","M","R","E","R","T","E"],"build_version":"2019-01-23","purchased_purges":2,"victory":false,"max_hp_per_floor":[70,70,70,70,70,70,70,70,70,70,70,70,70,70,70,70,70,70,70,70,70,70,70,70,70,70,70,70,70,70,70,70,70,70,70,70,70,70,70,70,70,70,70,70],"card_choices":[{"not_picked":["Cloak And Dagger","Blade Dance"],"picked":"Flying Knee","floor":1.0},{"not_picked":["Catalyst","Blade Dance"],"picked":"Footwork","floor":3.0},{"not_picked":["Distraction","Well Laid Plans"],"picked":"Glass Knife","floor":4.0},{"not_picked":["Footwork","Poisoned Stab"],"picked":"Backflip","floor":5.0},{"not_picked":["Slice","Terror"],"picked":"Calculated Gamble","floor":7.0},{"not_picked":["Flechettes","Masterful Stab"],"picked":"Predator","floor":8.0},{"not_picked":["Eviscerate","Phantasmal Killer","Poisoned Stab"],"picked":"SKIP","floor":12.0},{"not_picked":["Well Laid Plans","Dagger Spray"],"picked":"Noxious Fumes","floor":14.0},{"not_picked":["Tools of the Trade","Storm of Steel"],"picked":"Bullet Time","floor":16.0},{"not_picked":["Poisoned Stab","Concentrate"],"picked":"Crippling Poison","floor":18.0},{"not_picked":["Underhanded Strike","Choke"],"picked":"Dagger Spray","floor":19.0},{"not_picked":["Skewer","All Out Attack"],"picked":"PiercingWail","floor":20.0},{"not_picked":["Dodge and Roll","Setup","Infinite Blades"],"picked":"SKIP","floor":22.0},{"not_picked":["Sucker Punch","Bane","Finisher"],"picked":"SKIP","floor":24.0},{"not_picked":["Flying Knee","Outmaneuver"],"picked":"Malaise","floor":28.0},{"not_picked":["Poisoned Stab","Blur","All Out Attack"],"picked":"SKIP","floor":29.0},{"not_picked":["Flechettes","Quick Slash"],"picked":"Cloak And Dagger","floor":31.0},{"not_picked":["Burst","Unload"],"picked":"Glass Knife","floor":33.0},{"not_picked":["Bane","Cloak And Dagger"],"picked":"Acrobatics","floor":35.0},{"not_picked":["Calculated Gamble","Poisoned Stab","Backflip"],"picked":"SKIP","floor":37.0},{"not_picked":["Cloak And Dagger","Finisher","Dodge and Roll"],"picked":"SKIP","floor":39.0},{"not_picked":["Dagger Throw","Underhanded Strike"],"picked":"PiercingWail","floor":41.0}],"player_experience":1023443,"relics_obtained":[{"floor":8.0,"key":"Whetstone"},{"floor":9.0,"key":"Old Coin"},{"floor":12.0,"key":"Unceasing Top"},{"floor":20.0,"key":"Red Mask"},{"floor":24.0,"key":"Pantograph"},{"floor":41.0,"key":"Juzu Bracelet"},{"floor":43.0,"key":"Boot"}],"event_choices":[{"damage_healed":0.0,"max_hp_gain":0.0,"max_hp_loss":0.0,"gold_gain":0.0,"event_name":"Masked Bandits","player_choice":"Fought Bandits","floor":20.0,"gold_loss":0.0,"damage_taken":0.0},{"cards_removed":["Dagger Spray"],"damage_healed":0.0,"max_hp_gain":0.0,"max_hp_loss":0.0,"gold_gain":0.0,"event_name":"Falling","player_choice":"Removed Attack","floor":36.0,"gold_loss":0.0,"damage_taken":0.0},{"cards_removed":["Strike_G"],"damage_healed":0.0,"max_hp_gain":0.0,"max_hp_loss":0.0,"gold_gain":0.0,"event_name":"Designer","player_choice":"Upgrade and Remove","floor":38.0,"gold_loss":90.0,"damage_taken":0.0,"cards_upgraded":["Master of Strategy"]}],"is_beta":false,"boss_relics":[{"not_picked":["HoveringKite","Ectoplasm"],"picked":"Philosopher\u0027s Stone"},{"not_picked":["Black Star","Coffee Dripper"],"picked":"Ring of the Serpent"}],"items_purged_floors":[11,21],"is_endless":false,"potions_floor_spawned":[4,5,12,16,18,19,28,35],"killed_by":"Nemesis","ascension_level":13}