{"gold_per_floor":[114,133,153,228,240,273,273,290,371,381,381,381,381,410,410,505,505,519,532,457,475,487,512,528,528,528,554,554,585,618,717,717,717],"floor_reached":33,"playtime":2414,"items_purged":["Strike_B"],"score":333,"play_id":"304ab0b3-d9af-48d8-920b-b76b0abb0644","local_time":"20190328145140","is_ascension_mode":true,"campfire_choices":[{"data":"Zap","floor":7,"key":"SMITH"},{"floor":11,"key":"REST"},{"data":"Coolheaded","floor":13,"key":"SMITH"},{"floor":15,"key":"REST"},{"floor":25,"key":"REST"},{"floor":28,"key":"REST"},{"floor":32,"key":"REST"}],"neow_cost":"NONE","seed_source_timestamp":22520096867443,"circlet_count":0,"master_deck":["Strike_B","Strike_B","Strike_B","Defend_B","Defend_B","Defend_B","Defend_B","Zap+1","Dualcast","Coolheaded","Coolheaded+1","Go for the Eyes","Buffer","Ball Lightning","Strike_G","Turbo","Electrodynamics","Sweeping Beam+1","Chill+1","Conserve Battery","Conserve Battery","BootSequence","Loop","Go for the Eyes","Gash+1","Cold Snap+1","Genetic Algorithm","Coolheaded"],"relics":["FrozenCore","Regal Pillow","Blood Vial","Bottled Flame","Thread and Needle","Dream Catcher","Ice Cream","Ancient Tea Set","Red Mask","Gremlin Horn"],"potions_floor_usage":[6,6,16,18,27,29,30,33],"damage_taken":[{"damage":1,"enemies":"Jaw Worm","floor":1,"turns":3},{"damage":5,"enemies":"2 Louse","floor":2,"turns":3},{"damage":2,"enemies":"Cultist","floor":3,"turns":4},{"damage":0,"enemies":"Blue Slaver","floor":5,"turns":6},{"damage":24,"enemies":"Gremlin Nob","floor":6,"turns":4},{"damage":5,"enemies":"Large Slime","floor":8,"turns":7},{"damage":9,"enemies":"Lots of Slimes","floor":10,"turns":6},{"damage":25,"enemies":"3 Sentries","floor":14,"turns":9},{"damage":6,"enemies":"The Guardian","floor":16,"turns":17},{"damage":0,"enemies":"3 Byrds","floor":18,"turns":3},{"damage":0,"enemies":"Chosen","floor":19,"turns":5},{"damage":14,"enemies":"Snecko","floor":21,"turns":7},{"damage":13,"enemies":"Sentry and Sphere","floor":22,"turns":8},{"damage":28,"enemies":"Slavers","floor":23,"turns":6},{"damage":0,"enemies":"Shelled Parasite and Fungi","floor":24,"turns":10},{"damage":33,"enemies":"Book of Stabbing","floor":27,"turns":8},{"damage":4,"enemies":"Masked Bandits","floor":29,"turns":4},{"damage":23,"enemies":"Gremlin Leader","floor":30,"turns":6},{"damage":76,"enemies":"Champ","floor":33,"turns":23}],"seed_played":"5702476525606417254","potions_obtained":[{"floor":1,"key":"SpeedPotion"},{"floor":3,"key":"Energy Potion"},{"floor":5,"key":"Poison Potion"},{"floor":14,"key":"EssenceOfSteel"},{"floor":23,"key":"PowerPotion"},{"floor":27,"key":"EssenceOfSteel"},{"floor":29,"key":"AttackPotion"},{"floor":30,"key":"Swift Potion"}],"is_trial":false,"path_per_floor":["?","?","?","?"],"character_chosen":"DEFECT","items_purchased":[],"campfire_rested":5,"item_purchase_floors":[],"current_hp_per_floor":[74,69,67,56,56,32,32,29,29,22,59,59,59,36,73,69,75,75,75,75,61,50,24,26,63,63,32,69,67,46,46,75,0],"gold":717,"neow_bonus":"RANDOM_COMMON_RELIC","is_prod":false,"is_daily":false,"chose_seed":false,"campfire_upgraded":2,"win_rate":0,"timestamp":1553781100,"path_taken":["M","M","M","?","M","E","R","M","T","M","R","?","R","E","R","BOSS","M","M","$","M","M","E","M","R","T","E","R","?","E","?","R","BOSS"],"build_version":"2019-01-23","purchased_purges":1,"victory":false,"max_hp_per_floor":[75,75,75,75,75,75,75,75,75,75,75,75,75,75,75,75,75,75,75,75,75,75,75,75,75,75,75,75,75,75,75,75,75],"card_choices":[{"not_picked":["Chaos","Beam Cell","Aggregate"],"picked":"SKIP","floor":1},{"not_picked":["Gash","Hologram"],"picked":"Coolheaded","floor":2},{"not_picked":["Steam","Barrage"],"picked":"Coolheaded","floor":3},{"not_picked":["Hello World","Barrage"],"picked":"Go for the Eyes","floor":5},{"not_picked":["Skim","Storm"],"picked":"Buffer","floor":6},{"not_picked":["Go for the Eyes","Barrage"],"picked":"Turbo","floor":8},{"not_picked":["Turbo","Go for the Eyes"],"picked":"Ball Lightning","floor":10},{"not_picked":["Steam","Seek"],"picked":"Turbo","floor":14},{"not_picked":["Core Surge","Biased Cognition"],"picked":"Electrodynamics","floor":16},{"not_picked":["Lockon","Ball Lightning"],"picked":"Sweeping Beam+1","floor":18},{"not_picked":["Leap","Conserve Battery"],"picked":"Chill+1","floor":19},{"not_picked":["Multi-Cast","Leap"],"picked":"Conserve Battery","floor":21},{"not_picked":["Hologram","Gash"],"picked":"Conserve Battery","floor":22},{"not_picked":["Turbo","Doom and Gloom"],"picked":"BootSequence","floor":23},{"not_picked":["Compile Driver","Steam+1","Steam Power"],"picked":"SKIP","floor":24},{"not_picked":["Sunder","Steam+1"],"picked":"Loop","floor":25},{"not_picked":["Turbo","Hello World"],"picked":"Go for the Eyes","floor":27},{"not_picked":["Leap","Meteor Strike"],"picked":"Gash+1","floor":28},{"not_picked":["Melter","Stack"],"picked":"Cold Snap+1","floor":29},{"not_picked":["Chaos","Lockon"],"picked":"Genetic Algorithm","floor":30},{"not_picked":["Redo","Buffer"],"picked":"Coolheaded","floor":32}],"player_experience":320241,"relics_obtained":[{"floor":6,"key":"Blood Vial"},{"floor":9,"key":"Bottled Flame"},{"floor":14,"key":"Thread and Needle"},{"floor":23,"key":"Dream Catcher"},{"floor":26,"key":"Ice Cream"},{"floor":27,"key":"Ancient Tea Set"},{"floor":29,"key":"Red Mask"},{"floor":30,"key":"Gremlin Horn"}],"event_choices":[{"damage_healed":0,"gold_gain":75,"player_choice":"Gather Gold","damage_taken":11,"max_hp_gain":0,"max_hp_loss":0,"event_name":"World of Goop","floor":4,"gold_loss":0},{"cards_removed":["Turbo"],"damage_healed":0,"gold_gain":0,"player_choice":"Took Card","damage_taken":0,"max_hp_gain":0,"max_hp_loss":0,"event_name":"NoteForYourself","floor":12,"gold_loss":0,"cards_obtained":["Strike_G"]},{"damage_healed":0,"gold_gain":0,"player_choice":"Fought Bandits","damage_taken":0,"max_hp_gain":0,"max_hp_loss":0,"event_name":"Masked Bandits","floor":29,"gold_loss":0},{"damage_healed":0,"gold_gain":99,"player_choice":"Stole From Cult","damage_taken":0,"max_hp_gain":0,"max_hp_loss":0,"event_name":"Nest","floor":31,"gold_loss":0}],"is_beta":false,"boss_relics":[{"not_picked":["Velvet Choker","Sozu"],"picked":"FrozenCore"}],"items_purged_floors":[20],"is_endless":false,"potions_floor_spawned":[1,3,5,14,23,27,29,30],"killed_by":"Champ","ascension_level":1}