{"gold_per_floor":[115,115,132,150,150,150,177,192,219,251,251,202,11,37,37,134,134,146,9,26,42,17,17,47,47,93,109,126,143,143,169,169,264,264,279,290,97,97,111,111,142,142,142,154,376,32,46,77,77,77],"floor_reached":51,"playtime":2493,"items_purged":["Strike_B","Strike_B"],"score":1056,"play_id":"891501ad-1727-442c-b1a9-6a9901d305ab","local_time":"20190520125438","is_ascension_mode":true,"campfire_choices":[{"data":"Zap","floor":6,"key":"SMITH"},{"floor":11,"key":"REST"},{"floor":15,"key":"REST"},{"data":"Defragment","floor":23,"key":"SMITH"},{"data":"Self Repair","floor":25,"key":"SMITH"},{"data":"Panacea","floor":30,"key":"SMITH"},{"data":"Biased Cognition","floor":32,"key":"SMITH"},{"data":"Biased Cognition","floor":40,"key":"SMITH"},{"data":"Coolheaded","floor":42,"key":"SMITH"},{"data":"Hologram","floor":49,"key":"SMITH"}],"neow_cost":"NONE","seed_source_timestamp":15437415460692,"circlet_count":0,"master_deck":["Defend_B+1","Defend_B","Defend_B+1","Defend_B","Zap+1","Dualcast","Ball Lightning","Hologram+1","Defragment+1","Ball Lightning","Biased Cognition+1","Self Repair+1","Panacea+1","Cold Snap","Loop","Reinforced Body+1","Ball Lightning","Glacier","Turbo+1","Defragment+1","Biased Cognition+1","Coolheaded+1","Creative AI","Hologram+1","Coolheaded+1","Cold Snap+1","Echo Form"],"relics":["Inserter","War Paint","Bag of Marbles","Blood Vial","DataDisk","Coffee Dripper","Orichalcum","Smiling Mask","Red Mask","Empty Cage","Lantern","Bottled Lightning","Nunchaku","OrangePellets","Bag of Preparation","Thread and Needle"],"potions_floor_usage":[7,10,10,20,28,50],"damage_taken":[{"damage":1,"enemies":"Cultist","floor":1,"turns":4},{"damage":8,"enemies":"Small Slimes","floor":3,"turns":5},{"damage":4,"enemies":"Jaw Worm","floor":4,"turns":5},{"damage":26,"enemies":"Gremlin Nob","floor":7,"turns":4},{"damage":10,"enemies":"2 Fungi Beasts","floor":8,"turns":4},{"damage":9,"enemies":"Lagavulin","floor":10,"turns":5},{"damage":36,"enemies":"Gremlin Nob","floor":14,"turns":4},{"damage":8,"enemies":"Hexaghost","floor":16,"turns":7},{"damage":0,"enemies":"Spheric Guardian","floor":18,"turns":3},{"damage":15,"enemies":"Shell Parasite","floor":20,"turns":4},{"damage":11,"enemies":"Snecko","floor":21,"turns":5},{"damage":28,"enemies":"Book of Stabbing","floor":24,"turns":5},{"damage":8,"enemies":"Shelled Parasite and Fungi","floor":27,"turns":7},{"damage":1,"enemies":"3 Cultists","floor":28,"turns":5},{"damage":7,"enemies":"Snake Plant","floor":29,"turns":5},{"damage":24,"enemies":"Masked Bandits","floor":31,"turns":5},{"damage":3,"enemies":"Champ","floor":33,"turns":11},{"damage":0,"enemies":"Orb Walker","floor":35,"turns":4},{"damage":0,"enemies":"3 Shapes","floor":36,"turns":5},{"damage":4,"enemies":"Maw","floor":39,"turns":7},{"damage":0,"enemies":"Nemesis","floor":41,"turns":7},{"damage":13,"enemies":"4 Shapes","floor":44,"turns":5},{"damage":0,"enemies":"Sphere and 2 Shapes","floor":47,"turns":6},{"damage":0,"enemies":"Giant Head","floor":48,"turns":7},{"damage":4,"enemies":"Awakened One","floor":50,"turns":8}],"seed_played":"-1265179644516249102","potions_obtained":[{"floor":1,"key":"PowerPotion"},{"floor":7,"key":"Weak Potion"},{"floor":8,"key":"Strength Potion"},{"floor":16,"key":"SpeedPotion"},{"floor":18,"key":"AttackPotion"},{"floor":21,"key":"Strength Potion"},{"floor":28,"key":"FearPotion"}],"is_trial":false,"path_per_floor":["?","?","$","?","?","M","?"],"character_chosen":"DEFECT","items_purchased":["Explosive Potion","Defragment","Ball Lightning","Panacea","Cold Snap","Ball Lightning","Lantern","OrangePellets","Bag of Preparation"],"campfire_rested":2,"item_purchase_floors":[12,13,13,19,19,22,37,46,46],"current_hp_per_floor":[67,67,59,55,60,60,34,24,24,15,39,39,39,5,29,23,66,68,68,62,60,60,60,41,41,41,45,56,61,61,39,39,48,72,80,80,80,80,80,80,80,80,80,77,77,77,80,80,80,76],"gold":77,"neow_bonus":"BOSS_RELIC","is_prod":false,"is_daily":false,"chose_seed":false,"campfire_upgraded":8,"win_rate":0,"timestamp":1558349678,"path_taken":["M","?","M","M","?","R","E","M","T","E","R","?","$","E","R","BOSS","M","$","M","M","$","R","E","R","T","M","M","M","R","?","R","BOSS","M","M","$","?","?","R","E","R","T","M","?","$","M","E","R","BOSS"],"build_version":"2019-01-23","purchased_purges":2,"victory":true,"max_hp_per_floor":[75,75,75,75,80,80,80,80,80,80,80,80,80,80,80,80,80,80,80,80,80,80,80,80,80,80,80,80,80,80,80,80,80,80,80,80,80,80,80,80,80,80,80,80,80,80,80,80,80,80],"card_choices":[{"not_picked":["Reprogram","Lockon","Turbo"],"picked":"SKIP","floor":1},{"not_picked":["Streamline","Redo","Rebound"],"picked":"SKIP","floor":3},{"not_picked":["Rebound","Reboot","Aggregate"],"picked":"SKIP","floor":4},{"not_picked":["Doom and Gloom","Conserve Battery"],"picked":"Ball Lightning","floor":7},{"not_picked":["Storm","Turbo","Recycle"],"picked":"SKIP","floor":8},{"not_picked":["Compile Driver","Gash"],"picked":"Hologram","floor":10},{"not_picked":["Double Energy","Reprogram","Gash"],"picked":"SKIP","floor":14},{"not_picked":["Meteor Strike","All For One"],"picked":"Biased Cognition","floor":16},{"not_picked":["Genetic Algorithm","Rip and Tear"],"picked":"Self Repair","floor":18},{"not_picked":["Compile Driver","Gash"],"picked":"Loop","floor":20},{"not_picked":["Lockon","Skim"],"picked":"Reinforced Body+1","floor":21},{"not_picked":["Meteor Strike","Force Field"],"picked":"Glacier","floor":24},{"not_picked":["Hologram","Steam"],"picked":"Turbo+1","floor":27},{"not_picked":["Steam","Gash"],"picked":"Defragment+1","floor":28},{"not_picked":["Stack","Conserve Battery+1"],"picked":"Biased Cognition","floor":29},{"not_picked":["Sweeping Beam","Glacier"],"picked":"Coolheaded+1","floor":31},{"not_picked":["Buffer","Hyperbeam"],"picked":"Creative AI","floor":33},{"not_picked":["Redo+1","Go for the Eyes"],"picked":"Hologram+1","floor":35},{"not_picked":["Streamline+1","Go for the Eyes","Leap"],"picked":"SKIP","floor":36},{"not_picked":["Stack+1","Amplify"],"picked":"Coolheaded","floor":39},{"not_picked":["Gash","Leap+1"],"picked":"Cold Snap+1","floor":41},{"not_picked":["Storm","Redo+1"],"picked":"Echo Form","floor":44},{"not_picked":["Sunder","Stack+1","Redo"],"picked":"SKIP","floor":47},{"not_picked":["Stack+1","Sweeping Beam","Compile Driver"],"picked":"SKIP","floor":48}],"player_experience":653643,"relics_obtained":[{"floor":7,"key":"War Paint"},{"floor":9,"key":"Bag of Marbles"},{"floor":10,"key":"Blood Vial"},{"floor":14,"key":"DataDisk"},{"floor":24,"key":"Orichalcum"},{"floor":26,"key":"Smiling Mask"},{"floor":31,"key":"Red Mask"},{"floor":41,"key":"Bottled Lightning"},{"floor":43,"key":"Nunchaku"},{"floor":48,"key":"Thread and Needle"}],"event_choices":[{"damage_healed":0,"gold_gain":0,"player_choice":"Ignored","damage_taken":0,"max_hp_gain":0,"max_hp_loss":0,"event_name":"Liars Game","floor":2,"gold_loss":0},{"damage_healed":0,"gold_gain":0,"player_choice":"Donut","damage_taken":0,"max_hp_gain":5,"max_hp_loss":0,"event_name":"Big Fish","floor":5,"gold_loss":0},{"damage_healed":0,"gold_gain":0,"player_choice":"Fought Bandits","damage_taken":0,"max_hp_gain":0,"max_hp_loss":0,"event_name":"Masked Bandits","floor":31,"gold_loss":0},{"damage_healed":0,"gold_gain":0,"player_choice":"Bought 0 Potions","damage_taken":0,"max_hp_gain":0,"max_hp_loss":0,"event_name":"The Woman in Blue","floor":38,"gold_loss":0},{"damage_healed":0,"gold_gain":222,"player_choice":"Wore Mask","damage_taken":0,"max_hp_gain":0,"max_hp_loss":0,"event_name":"Tomb of Lord Red Mask","floor":45,"gold_loss":0}],"is_beta":false,"boss_relics":[{"not_picked":["Tiny House","Pandora\u0027s Box"],"picked":"Coffee Dripper"},{"not_picked":["White Beast Statue","Calling Bell"],"picked":"Empty Cage"}],"items_purged_floors":[13,37],"is_endless":false,"potions_floor_spawned":[1,7,8,16,18,21,28,33,35,36,41],"ascension_level":7}