{"gold_per_floor":[119,119,129,141,159,159,191,201,201,0,0,17,34,59,59,156,156,174,174,54,54,72,72,102,112,112,139,149,248,248,263,263,359,359,379,379,379,222,238,238,268,268,268,281,294,322,322,339,339,339,339,339,82,109,109],"floor_reached":55,"playtime":3000,"items_purged":["Strike_B","Strike_B"],"score":765,"play_id":"31b817cd-b96e-42ce-ac1b-22b6e56ec3ff","local_time":"20190509164507","is_ascension_mode":true,"campfire_choices":[{"data":"Sunder","floor":6,"key":"SMITH"},{"data":"Go for the Eyes","floor":11,"key":"SMITH"},{"data":"White Noise","floor":15,"key":"SMITH"},{"data":"Biased Cognition","floor":23,"key":"SMITH"},{"floor":30,"key":"REST"},{"floor":32,"key":"REST"},{"floor":40,"key":"RECALL"},{"floor":42,"key":"REST"},{"data":"Fission","floor":49,"key":"SMITH"},{"data":"Consume","floor":52,"key":"SMITH"}],"neow_cost":"NONE","seed_source_timestamp":24526402533481,"circlet_count":0,"master_deck":["Strike_B","Defend_B","Defend_B","Defend_B","Defend_B","Zap+1","Dualcast","Ball Lightning+1","Sunder+1","Coolheaded","Go for the Eyes+1","Cold Snap","White Noise+1","Coolheaded","Cold Snap","Biased Cognition+1","Cold Snap+1","Consume+1","Leap","Leap","Conserve Battery+1","Glacier","Electrodynamics","Ball Lightning+1","Fission+1","Self Repair+1","Blizzard","Ball Lightning+1","Leap+1","Redo+1","Bandage Up","Amplify"],"relics":["Cracked Core","Mummified Hand","Regal Pillow","Sling","Whetstone","Inserter","Dodecahedron","Strawberry","Centennial Puzzle","Runic Pyramid","Lantern","Ornamental Fan","Symbiotic Virus"],"potions_floor_usage":[14,14,27,30,33,33,33,46,48,55,55],"damage_taken":[{"damage":6,"enemies":"Jaw Worm","floor":1,"turns":2},{"damage":0,"enemies":"Cultist","floor":3,"turns":2},{"damage":2,"enemies":"Small Slimes","floor":4,"turns":3},{"damage":5,"enemies":"Looter","floor":5,"turns":2},{"damage":2,"enemies":"Lagavulin","floor":7,"turns":6},{"damage":7,"enemies":"Exordium Thugs","floor":8,"turns":3},{"damage":0,"enemies":"Blue Slaver","floor":12,"turns":3},{"damage":3,"enemies":"Looter","floor":13,"turns":3},{"damage":2,"enemies":"3 Sentries","floor":14,"turns":4},{"damage":24,"enemies":"The Guardian","floor":16,"turns":10},{"damage":0,"enemies":"Spheric Guardian","floor":18,"turns":3},{"damage":0,"enemies":"Chosen","floor":22,"turns":3},{"damage":18,"enemies":"Gremlin Leader","floor":24,"turns":9},{"damage":4,"enemies":"Centurion and Healer","floor":25,"turns":5},{"damage":26,"enemies":"Slavers","floor":27,"turns":7},{"damage":3,"enemies":"Sentry and Sphere","floor":28,"turns":6},{"damage":3,"enemies":"Cultist and Chosen","floor":31,"turns":5},{"damage":6,"enemies":"Collector","floor":33,"turns":7},{"damage":18,"enemies":"3 Darklings","floor":35,"turns":3},{"damage":13,"enemies":"Orb Walker","floor":39,"turns":4},{"damage":34,"enemies":"Giant Head","floor":41,"turns":10},{"damage":12,"enemies":"Spire Growth","floor":44,"turns":5},{"damage":14,"enemies":"4 Shapes","floor":45,"turns":4},{"damage":29,"enemies":"Nemesis","floor":46,"turns":9},{"damage":4,"enemies":"3 Darklings","floor":48,"turns":4},{"damage":12,"enemies":"Time Eater","floor":50,"turns":17},{"damage":29,"enemies":"Shield and Spear","floor":54,"turns":5},{"damage":78,"enemies":"The Heart","floor":55,"turns":8}],"seed_played":"3267551322793900888","potions_obtained":[{"floor":1,"key":"Dexterity Potion"},{"floor":7,"key":"SkillPotion"},{"floor":8,"key":"Energy Potion"},{"floor":18,"key":"Fruit Juice"},{"floor":27,"key":"Fire Potion"},{"floor":28,"key":"Strength Potion"},{"floor":31,"key":"Swift Potion"},{"floor":41,"key":"Weak Potion"},{"floor":45,"key":"EssenceOfSteel"},{"floor":46,"key":"SkillPotion"}],"is_trial":false,"path_per_floor":["?","M","?","?","M","?","?","?","M","?","M"],"character_chosen":"DEFECT","items_purchased":["Sling","Consume","Leap","Blizzard","Ancient Potion","Bandage Up"],"campfire_rested":3,"item_purchase_floors":[10,20,20,38,53,53],"current_hp_per_floor":[69,69,69,67,62,62,60,53,53,53,53,53,50,48,48,24,75,75,61,61,61,61,61,43,39,46,20,17,17,64,61,92,86,92,74,74,74,74,71,71,47,87,87,85,71,52,87,87,87,85,87,87,87,72,0],"gold":109,"neow_bonus":"UPGRADE_CARD","is_prod":false,"is_daily":false,"chose_seed":false,"campfire_upgraded":6,"win_rate":0,"timestamp":1557413107,"path_taken":["M","?","M","M","?","R","E","M","T","$","R","M","M","E","R","BOSS","M","?","$","?","M","R","E","?","T","E","M","?","R","M","R","BOSS","M","?","?","$","?","R","E","R","T","M","M","E","?","?","R","BOSS","R","$","E","BOSS"],"build_version":"2019-01-23","purchased_purges":2,"victory":false,"max_hp_per_floor":[75,75,75,75,75,75,75,75,75,75,75,75,75,75,75,75,75,75,80,80,80,80,80,80,80,87,87,87,87,92,92,92,92,92,92,87,87,87,87,87,87,87,87,87,87,87,87,87,87,87,87,87,87,87,87],"card_choices":[{"not_picked":["Chaos","Sweeping Beam"],"picked":"Ball Lightning","floor":1},{"not_picked":["Reprogram","Barrage","Chaos"],"picked":"SKIP","floor":3},{"not_picked":["Scrape","Steam"],"picked":"Sunder","floor":4},{"not_picked":["Turbo","Reprogram"],"picked":"Coolheaded","floor":5},{"not_picked":["Steam","Compile Driver"],"picked":"Go for the Eyes","floor":7},{"not_picked":["Sunder","White Noise"],"picked":"Cold Snap","floor":8},{"not_picked":["Rebound","Chill"],"picked":"White Noise","floor":12},{"not_picked":["Turbo","Chill"],"picked":"Coolheaded","floor":13},{"not_picked":["Barrage","Hologram"],"picked":"Cold Snap","floor":14},{"not_picked":["Rainbow","Thunder Strike"],"picked":"Biased Cognition","floor":16},{"not_picked":["Auto Shields+1","Rip and Tear"],"picked":"Cold Snap+1","floor":18},{"not_picked":["Double Energy+1","Coolheaded"],"picked":"Leap","floor":22},{"not_picked":["FTL","Stack+1"],"picked":"Conserve Battery+1","floor":24},{"not_picked":["Gash","Double Energy"],"picked":"Glacier","floor":25},{"not_picked":["Gash","Go for the Eyes"],"picked":"Electrodynamics","floor":27},{"not_picked":["Go for the Eyes+1","Force Field"],"picked":"Ball Lightning+1","floor":28},{"not_picked":["Hologram","Conserve Battery","Beam Cell+1"],"picked":"SKIP","floor":31},{"not_picked":["Reboot","Meteor Strike"],"picked":"Fission","floor":33},{"not_picked":["Steam+1","Sweeping Beam"],"picked":"Self Repair+1","floor":35},{"not_picked":["Beam Cell","Sweeping Beam"],"picked":"Ball Lightning+1","floor":39},{"not_picked":["Reprogram+1","Ball Lightning","Go for the Eyes"],"picked":"SKIP","floor":41},{"not_picked":["Reprogram","Ball Lightning","Fusion"],"picked":"SKIP","floor":44},{"not_picked":["Compile Driver+1","Ball Lightning","Double Energy"],"picked":"SKIP","floor":45},{"not_picked":["Streamline","Hello World+1"],"picked":"Leap+1","floor":46},{"not_picked":["Scrape+1","Beam Cell"],"picked":"Redo+1","floor":48},{"not_picked":["Redo+1","Steam"],"picked":"Amplify","floor":54}],"player_experience":614800,"relics_obtained":[{"floor":7,"key":"Mummified Hand"},{"floor":9,"key":"Regal Pillow"},{"floor":14,"key":"Whetstone"},{"floor":24,"key":"Dodecahedron"},{"floor":26,"key":"Strawberry"},{"floor":27,"key":"Centennial Puzzle"},{"floor":41,"key":"Lantern"},{"floor":46,"key":"Ornamental Fan"},{"floor":54,"key":"Symbiotic Virus"}],"event_choices":[{"damage_healed":0,"gold_gain":0,"cards_transformed":["Strike_B"],"player_choice":"Transformed","damage_taken":0,"max_hp_gain":0,"max_hp_loss":0,"event_name":"Transmorgrifier","floor":2,"gold_loss":0,"cards_obtained":["Lockon"]},{"damage_healed":0,"gold_gain":0,"player_choice":"Shed Blood","damage_taken":19,"max_hp_gain":5,"max_hp_loss":0,"event_name":"Forgotten Altar","floor":19,"gold_loss":0},{"damage_healed":0,"gold_gain":0,"player_choice":"Bought 0 Potions","damage_taken":0,"max_hp_gain":0,"max_hp_loss":0,"event_name":"The Woman in Blue","floor":21,"gold_loss":0},{"damage_healed":0,"gold_gain":99,"player_choice":"Stole From Cult","damage_taken":0,"max_hp_gain":0,"max_hp_loss":0,"event_name":"Nest","floor":29,"gold_loss":0},{"damage_healed":0,"gold_gain":0,"player_choice":"Max HP","damage_taken":0,"max_hp_gain":0,"max_hp_loss":5,"event_name":"Winding Halls","floor":36,"gold_loss":0},{"damage_healed":0,"gold_gain":0,"player_choice":"Ignored","damage_taken":0,"max_hp_gain":0,"max_hp_loss":0,"event_name":"SecretPortal","floor":37,"gold_loss":0},{"cards_removed":["Lockon"],"damage_healed":35,"gold_gain":0,"player_choice":"Offered Uncommon","damage_taken":0,"max_hp_gain":0,"max_hp_loss":0,"event_name":"Bonfire Elementals","floor":47,"gold_loss":0}],"is_beta":false,"boss_relics":[{"not_picked":["Tiny House","Empty Cage"],"picked":"Inserter"},{"not_picked":["Calling Bell","Velvet Choker"],"picked":"Runic Pyramid"}],"items_purged_floors":[38,53],"is_endless":false,"potions_floor_spawned":[1,7,8,12,18,27,28,31,41,45,46],"killed_by":"The Heart","ascension_level":1}