{"gold_per_floor":[117,117,137,155,86,111,111,139,139,139,199,209,97,147,147,266,266,287,337,52,122,143,143,167,167,167,167,180,216,216,279,279,404,404,419,163,213,229,279,279,322,322,367,390,390,460,504,554,554,554],"floor_reached":50,"playtime":4487,"items_purged":["Strike_G","Injury"],"score":607,"play_id":"34314956-7047-4304-bfdf-69da38367eff","local_time":"20190205215558","is_ascension_mode":true,"campfire_choices":[{"floor":7.0,"key":"REST"},{"data":"Cloak And Dagger","floor":10.0,"key":"SMITH"},{"floor":15.0,"key":"REST"},{"data":"Bullet Time","floor":23.0,"key":"SMITH"},{"floor":25.0,"key":"REST"},{"data":"Catalyst","floor":27.0,"key":"SMITH"},{"floor":30.0,"key":"REST"},{"floor":32.0,"key":"REST"},{"floor":40.0,"key":"REST"},{"floor":42.0,"key":"REST"},{"data":"Finisher","floor":45.0,"key":"SMITH"},{"floor":49.0,"key":"REST"}],"neow_cost":"NONE","seed_source_timestamp":0,"circlet_count":0,"master_deck":["Defend_G","Defend_G","Defend_G","Strike_G","Strike_G","Survivor","Deadly Poison","Quick Slash","Skewer","Well Laid Plans","Backflip","Cloak And Dagger+1","Deadly Poison","Poisoned Stab","Accuracy+1","Bullet Time+1","Choke+1","Die Die Die+1","Tactician+1","Caltrops+1","Noxious Fumes+1","Catalyst+1","Finisher+1","Blade Dance+1","Bane+1","Terror+1","Blur+1","Wraith Form v2+1","PiercingWail+1","Bane+1","Well Laid Plans+1","Adrenaline+1","Backflip+1","Footwork+1","Acrobatics+1"],"special_seed":0,"relics":["Ring of the Snake","SsserpentHead","Pocketwatch","Frozen Egg 2","Nunchaku","Golden Idol","Astrolabe","Mercury Hourglass","Toxic Egg 2","Omamori","Orrery","Snake Skull","Peace Pipe","Pen Nib","Anchor"],"potions_floor_usage":[],"damage_taken":[{"damage":2.0,"enemies":"Small Slimes","floor":1.0,"turns":4.0},{"damage":0.0,"enemies":"Cultist","floor":3.0,"turns":4.0},{"damage":1.0,"enemies":"2 Louse","floor":4.0,"turns":3.0},{"damage":32.0,"enemies":"Lagavulin","floor":6.0,"turns":7.0},{"damage":19.0,"enemies":"Gremlin Nob","floor":8.0,"turns":5.0},{"damage":4.0,"enemies":"Exordium Wildlife","floor":11.0,"turns":3.0},{"damage":0.0,"enemies":"Red Slaver","floor":12.0,"turns":3.0},{"damage":6.0,"enemies":"Hexaghost","floor":16.0,"turns":8.0},{"damage":12.0,"enemies":"2 Thieves","floor":18.0,"turns":4.0},{"damage":4.0,"enemies":"Spheric Guardian","floor":21.0,"turns":3.0},{"damage":19.0,"enemies":"Centurion and Healer","floor":22.0,"turns":5.0},{"damage":7.0,"enemies":"Cultist and Chosen","floor":24.0,"turns":4.0},{"damage":5.0,"enemies":"3 Cultists","floor":28.0,"turns":4.0},{"damage":47.0,"enemies":"Slavers","floor":29.0,"turns":4.0},{"damage":0.0,"enemies":"Chosen and Byrds","floor":31.0,"turns":4.0},{"damage":41.0,"enemies":"Champ","floor":33.0,"turns":8.0},{"damage":21.0,"enemies":"3 Darklings","floor":35.0,"turns":6.0},{"damage":27.0,"enemies":"3 Shapes","floor":38.0,"turns":4.0},{"damage":3.0,"enemies":"Reptomancer","floor":41.0,"turns":4.0},{"damage":1.0,"enemies":"Transient","floor":44.0,"turns":5.0},{"damage":18.0,"enemies":"Jaw Worm Horde","floor":46.0,"turns":4.0},{"damage":6.0,"enemies":"Giant Head","floor":47.0,"turns":7.0},{"damage":58,"enemies":"Time Eater","floor":50,"turns":6}],"seed_played":"8595413038845435114","potions_obtained":[{"floor":3.0,"key":"SkillPotion"},{"floor":11.0,"key":"Weak Potion"},{"floor":12.0,"key":"Regen Potion"},{"floor":18.0,"key":"Strength Potion"},{"floor":24.0,"key":"Regen Potion"},{"floor":31.0,"key":"Regen Potion"},{"floor":44.0,"key":"Dexterity Potion"}],"is_trial":false,"path_per_floor":["M","?","M","M","$","E","R","E","T","R","M","M","$","?","R","B",null,"M","?","$","M","M","R","M","R","T","R","M","E","R","M","R","B",null,"M","$","?","M","?","R","E","R","T","M","R","M","E","?","R","B"],"character_chosen":"THE_SILENT","items_purchased":["Well Laid Plans","Accuracy+1","Catalyst","Mercury Hourglass","Snake Skull"],"campfire_rested":8,"item_purchase_floors":[5,13,20,20,36],"current_hp_per_floor":[68,68,68,67,67,35,56,37,37,37,33,33,33,33,54,60,70,58,58,58,54,35,35,28,49,49,49,53,6,27,27,48,22,70,49,49,49,22,22,43,40,61,61,60,60,42,36,36,57,0],"gold":554,"neow_bonus":"UPGRADE_CARD","is_prod":false,"is_daily":false,"chose_seed":false,"campfire_upgraded":4,"win_rate":0,"timestamp":1549432558,"path_taken":["M","?","M","M","$","E","R","E","T","R","?","M","$","?","R","BOSS","M","?","$","?","M","R","M","R","T","R","M","E","R","?","R","BOSS","M","$","?","M","?","R","E","R","T","M","R","?","E","?","R","BOSS"],"build_version":"2019-01-23","purchased_purges":2,"victory":false,"max_hp_per_floor":[70,70,70,70,70,70,70,70,70,70,70,70,70,70,70,70,70,70,70,70,70,70,70,70,70,70,70,70,70,70,70,70,70,70,70,70,70,70,70,70,70,70,70,70,70,70,70,70,70,70],"card_choices":[{"not_picked":["Slice","Escape Plan"],"picked":"Deadly Poison","floor":1.0},{"not_picked":["Dagger Throw","Dagger Spray"],"picked":"Quick Slash","floor":3.0},{"not_picked":["Bane","Dagger Throw"],"picked":"Skewer","floor":4.0},{"not_picked":["Night Terror","Reflex"],"picked":"Backflip","floor":6.0},{"not_picked":["Slice","Flying Knee"],"picked":"Cloak And Dagger","floor":8.0},{"not_picked":["Prepared","Bane"],"picked":"Deadly Poison","floor":11.0},{"not_picked":["Malaise","Masterful Stab"],"picked":"Poisoned Stab","floor":12.0},{"not_picked":["Phantasmal Killer","Die Die Die"],"picked":"Bullet Time","floor":16.0},{"not_picked":["Bane","Sucker Punch"],"picked":"Caltrops+1","floor":18.0},{"not_picked":["Masterful Stab","Backflip"],"picked":"Finisher","floor":21.0},{"not_picked":["Quick Slash","Prepared"],"picked":"Blade Dance","floor":22.0},{"not_picked":["Acrobatics+1","Skewer"],"picked":"Bane+1","floor":24.0},{"not_picked":["Dash","Eviscerate+1"],"picked":"Terror+1","floor":28.0},{"not_picked":["Backstab","Heel Hook+1"],"picked":"Blur+1","floor":29.0},{"not_picked":["Deadly Poison+1","Dagger Throw","Dagger Spray"],"picked":"SKIP","floor":31.0},{"not_picked":["Adrenaline+1","Venomology+1"],"picked":"Wraith Form v2+1","floor":33.0},{"not_picked":["Caltrops+1","Endless Agony+1"],"picked":"PiercingWail+1","floor":34.0},{"not_picked":["Dagger Throw","Heel Hook"],"picked":"Bane+1","floor":34.0},{"not_picked":["Catalyst+1","Backflip+1"],"picked":"Well Laid Plans+1","floor":35.0},{"not_picked":["Quick Slash","Dagger Spray+1"],"picked":"Adrenaline+1","floor":38.0},{"not_picked":["Quick Slash+1","Acrobatics+1"],"picked":"Backflip+1","floor":41.0},{"not_picked":["Slice+1","Dagger Spray","Bane+1"],"picked":"SKIP","floor":44.0},{"not_picked":["Malaise+1","Poisoned Stab"],"picked":"Footwork+1","floor":46.0},{"not_picked":["Deflect+1","Terror+1"],"picked":"Acrobatics+1","floor":47.0}],"player_experience":29084,"relics_obtained":[{"floor":6.0,"key":"Pocketwatch"},{"floor":8.0,"key":"Frozen Egg 2"},{"floor":9.0,"key":"Nunchaku"},{"floor":26.0,"key":"Toxic Egg 2"},{"floor":29.0,"key":"Omamori"},{"floor":41.0,"key":"Peace Pipe"},{"floor":43.0,"key":"Pen Nib"},{"floor":47.0,"key":"Anchor"}],"event_choices":[{"damage_healed":0.0,"max_hp_gain":0.0,"max_hp_loss":0.0,"gold_gain":0.0,"event_name":"FaceTrader","player_choice":"Trade","floor":2.0,"gold_loss":0.0,"damage_taken":0.0,"relics_obtained":["SsserpentHead"]},{"damage_healed":0.0,"max_hp_gain":0.0,"max_hp_loss":0.0,"gold_gain":0.0,"event_name":"Golden Idol","player_choice":"Take Wound","floor":14.0,"gold_loss":0.0,"damage_taken":0.0,"relics_obtained":["Golden Idol"],"cards_obtained":["Injury"]},{"damage_healed":0.0,"max_hp_gain":0.0,"max_hp_loss":0.0,"gold_gain":0.0,"cards_transformed":["Defend_G"],"event_name":"Transmorgrifier","player_choice":"Transformed","floor":19.0,"gold_loss":0.0,"damage_taken":0.0,"cards_obtained":["Noxious Fumes"]},{"cards_removed":["Neutralize"],"damage_healed":0.0,"max_hp_gain":0.0,"max_hp_loss":0.0,"gold_gain":0.0,"event_name":"Falling","player_choice":"Removed Attack","floor":37.0,"gold_loss":0.0,"damage_taken":0.0},{"damage_healed":0.0,"max_hp_gain":0.0,"max_hp_loss":0.0,"gold_gain":0.0,"event_name":"Accursed Blacksmith","player_choice":"Forge","floor":39.0,"gold_loss":0.0,"damage_taken":0.0,"cards_upgraded":["Blade Dance"]},{"damage_healed":0.0,"max_hp_gain":0.0,"max_hp_loss":0.0,"gold_gain":0.0,"event_name":"Tomb of Lord Red Mask","player_choice":"Ignored","floor":48.0,"gold_loss":0.0,"damage_taken":0.0}],"is_beta":false,"boss_relics":[{"not_picked":["Busted Crown","Calling Bell"],"picked":"Astrolabe"},{"not_picked":["Velvet Choker","White Beast Statue"],"picked":"Orrery"}],"items_purged_floors":[13,36],"is_endless":false,"potions_floor_spawned":[3,11,12,18,24,31,44],"killed_by":"Time Eater","ascension_level":1}