{"gold_per_floor":[118,118,43,8,28,28,44,44,44,58,77,91,116,134,134,231,231,242,255,354,374,11,11,38,56,101,132,7,7,7,25,25,129,129,143,55,55,55,55,83,83,115,115,125,141,141,141,161,161,161,161,161,124,151,151],"floor_reached":55,"playtime":6458,"items_purged":["Strike_B","Strike_B","Injury"],"score":753,"play_id":"5bc96a48-90eb-4522-bba9-840347591f5b","local_time":"20190529112412","is_ascension_mode":true,"campfire_choices":[{"floor":6,"key":"RECALL"},{"floor":15,"key":"REST"},{"floor":23,"key":"REST"},{"floor":30,"key":"REST"},{"floor":32,"key":"REST"},{"floor":41,"key":"REST"},{"floor":47,"key":"REST"},{"floor":49,"key":"REST"},{"floor":52,"key":"REST"}],"neow_cost":"NONE","seed_source_timestamp":6446454121340,"circlet_count":0,"master_deck":["Defend_B","Defend_B","Defend_B","Defend_B","Zap+1","Dualcast","Turbo","Sweeping Beam","Skim","Defragment","Rainbow","Hologram+1","Echo Form","Sweeping Beam+1","Turbo+1","Sunder+1","Biased Cognition","Ball Lightning","Hologram","Creative AI","Coolheaded","Panacea","Apotheosis","Coolheaded+1","FTL+1","Clumsy","Loop","Steam"],"relics":["Fusion Hammer","Matryoshka","Orichalcum","Cursed Key","Potion Belt","War Paint","Oddly Smooth Stone","Regal Pillow","MutagenicStrength","Empty Cage","Dead Branch","Shuriken","Bag of Marbles","StoneCalendar"],"potions_floor_usage":[16,24,27,33,42,54,55],"damage_taken":[{"damage":1,"enemies":"Small Slimes","floor":1,"turns":3},{"damage":0,"enemies":"2 Louse","floor":5,"turns":2},{"damage":1,"enemies":"Cultist","floor":7,"turns":4},{"damage":0,"enemies":"2 Fungi Beasts","floor":10,"turns":2},{"damage":17,"enemies":"Large Slime","floor":11,"turns":7},{"damage":0,"enemies":"Exordium Wildlife","floor":12,"turns":3},{"damage":24,"enemies":"3 Sentries","floor":13,"turns":5},{"damage":0,"enemies":"Blue Slaver","floor":14,"turns":4},{"damage":48,"enemies":"Hexaghost","floor":16,"turns":10},{"damage":0,"enemies":"Spheric Guardian","floor":18,"turns":3},{"damage":0,"enemies":"Chosen","floor":19,"turns":5},{"damage":27,"enemies":"Snake Plant","floor":21,"turns":5},{"damage":18,"enemies":"Slavers","floor":24,"turns":4},{"damage":0,"enemies":"Cultist and Chosen","floor":25,"turns":4},{"damage":23,"enemies":"Book of Stabbing","floor":27,"turns":6},{"damage":10,"enemies":"3 Cultists","floor":31,"turns":4},{"damage":17,"enemies":"Automaton","floor":33,"turns":8},{"damage":20,"enemies":"3 Darklings","floor":35,"turns":4},{"damage":7,"enemies":"Giant Head","floor":40,"turns":8},{"damage":20,"enemies":"Reptomancer","floor":42,"turns":4},{"damage":16,"enemies":"3 Shapes","floor":44,"turns":4},{"damage":0,"enemies":"Spire Growth","floor":45,"turns":2},{"damage":8,"enemies":"Sphere and 2 Shapes","floor":48,"turns":4},{"damage":57,"enemies":"Awakened One","floor":50,"turns":15},{"damage":53,"enemies":"Shield and Spear","floor":54,"turns":8},{"damage":20,"enemies":"The Heart","floor":55,"turns":2}],"seed_played":"-8262372054522925362","potions_obtained":[{"floor":11,"key":"SpeedPotion"},{"floor":13,"key":"SkillPotion"},{"floor":14,"key":"FearPotion"},{"floor":18,"key":"PowerPotion"},{"floor":24,"key":"Regen Potion"},{"floor":27,"key":"Ancient Potion"},{"floor":33,"key":"FearPotion"},{"floor":35,"key":"Energy Potion"},{"floor":40,"key":"AttackPotion"},{"floor":48,"key":"SteroidPotion"},{"floor":54,"key":"Dexterity Potion"}],"is_trial":false,"path_per_floor":["?","?","?","?","?","?","?","?"],"character_chosen":"DEFECT","items_purchased":["Biased Cognition","Undo","Ball Lightning","Panacea","Loop"],"campfire_rested":8,"item_purchase_floors":[22,22,22,36,53],"current_hp_per_floor":[74,67,67,75,75,75,74,74,74,74,57,57,33,33,55,7,75,75,75,75,48,48,70,52,52,52,43,43,43,75,65,75,58,75,55,55,55,55,55,48,71,51,51,35,35,35,71,63,71,14,71,71,71,18,0],"gold":151,"neow_bonus":"BOSS_RELIC","is_prod":false,"is_daily":false,"chose_seed":false,"campfire_upgraded":0,"win_rate":0,"timestamp":1559121852,"path_taken":["M","?","$","?","M","R","M","?","T","M","M","M","E","M","R","BOSS","M","M","?","M","$","R","E","M","T","E","$","?","R","M","R","BOSS","M","$","?","?","?","E","R","E","T","M","M","$","R","M","R","BOSS","R","$","E","BOSS"],"build_version":"2019-01-23","purchased_purges":3,"victory":false,"max_hp_per_floor":[75,75,75,75,75,75,75,75,75,75,75,75,75,75,75,75,75,75,75,75,75,75,75,75,75,75,75,75,75,75,75,75,75,75,75,75,75,75,71,71,71,71,71,71,71,71,71,71,71,71,71,71,71,71,71],"card_choices":[{"not_picked":["Streamline","Barrage"],"picked":"Turbo","floor":1},{"not_picked":["Static Discharge","Self Repair"],"picked":"Sweeping Beam","floor":5},{"not_picked":["Gash","Streamline"],"picked":"Skim","floor":7},{"not_picked":["Rebound","Gash","Reprogram"],"picked":"SKIP","floor":10},{"not_picked":["Self Repair","Double Energy"],"picked":"Sweeping Beam","floor":11},{"not_picked":["Compile Driver","Steam"],"picked":"Defragment","floor":12},{"not_picked":["Go for the Eyes","FTL"],"picked":"Rainbow","floor":13},{"not_picked":["Lockon","Turbo"],"picked":"Hologram","floor":14},{"not_picked":["Rainbow","Machine Learning"],"picked":"Echo Form","floor":16},{"not_picked":["Skim","Gash+1"],"picked":"Sweeping Beam+1","floor":18},{"not_picked":["Coolheaded","Rebound"],"picked":"Turbo+1","floor":19},{"not_picked":["Reprogram","Go for the Eyes+1"],"picked":"Sunder+1","floor":21},{"not_picked":["Rebound+1","White Noise","Heatsinks"],"picked":"SKIP","floor":24},{"not_picked":["Stack","Chaos"],"picked":"Hologram","floor":25},{"not_picked":["Steam","Rebound","Redo"],"picked":"SKIP","floor":27},{"not_picked":["Streamline","Steam+1","FTL"],"picked":"SKIP","floor":31},{"not_picked":["Fission","Machine Learning"],"picked":"Creative AI","floor":33},{"not_picked":["Redo","Streamline+1"],"picked":"Coolheaded","floor":35},{"not_picked":["Discovery","Mind Blast"],"picked":"Apotheosis","floor":38},{"not_picked":["Stack","Conserve Battery"],"picked":"Coolheaded+1","floor":40},{"not_picked":["Static Discharge","Barrage"],"picked":"FTL+1","floor":42},{"not_picked":["Stack","Redo+1","Turbo"],"picked":"SKIP","floor":44},{"not_picked":["Hello World","Redo+1","Rebound"],"picked":"SKIP","floor":45},{"not_picked":["Melter+1","Barrage","Go for the Eyes"],"picked":"SKIP","floor":48},{"not_picked":["Compile Driver+1","Self Repair+1"],"picked":"Steam","floor":54}],"player_experience":715418,"relics_obtained":[{"floor":9,"key":"Matryoshka"},{"floor":13,"key":"Orichalcum"},{"floor":24,"key":"Potion Belt"},{"floor":26,"key":"War Paint"},{"floor":26,"key":"Oddly Smooth Stone"},{"floor":27,"key":"Regal Pillow"},{"floor":40,"key":"Dead Branch"},{"floor":42,"key":"Shuriken"},{"floor":43,"key":"Bag of Marbles"},{"floor":54,"key":"StoneCalendar"}],"event_choices":[{"cards_removed":["Strike_B"],"damage_healed":0,"gold_gain":0,"player_choice":"Card Removal","damage_taken":7,"max_hp_gain":0,"max_hp_loss":0,"event_name":"Golden Wing","floor":2,"gold_loss":0},{"damage_healed":18,"gold_gain":0,"player_choice":"Healed","damage_taken":0,"max_hp_gain":0,"max_hp_loss":0,"event_name":"The Cleric","floor":4,"gold_loss":35},{"damage_healed":0,"gold_gain":0,"player_choice":"Ignored","damage_taken":0,"max_hp_gain":0,"max_hp_loss":0,"event_name":"WeMeetAgain","floor":8,"gold_loss":0},{"damage_healed":0,"gold_gain":99,"player_choice":"Stole From Cult","damage_taken":0,"max_hp_gain":0,"max_hp_loss":0,"event_name":"Nest","floor":20,"gold_loss":0},{"damage_healed":0,"gold_gain":0,"player_choice":"Inject Mutagens","damage_taken":0,"relics_obtained":["MutagenicStrength"],"max_hp_gain":0,"max_hp_loss":0,"event_name":"Drug Dealer","floor":29,"gold_loss":0},{"cards_removed":["Undo"],"damage_healed":0,"gold_gain":0,"player_choice":"Removed Skill","damage_taken":0,"max_hp_gain":0,"max_hp_loss":0,"event_name":"Falling","floor":37,"gold_loss":0},{"damage_healed":0,"gold_gain":0,"player_choice":"Memory 1","damage_taken":0,"max_hp_gain":0,"max_hp_loss":0,"event_name":"SensoryStone","floor":38,"gold_loss":0},{"damage_healed":0,"gold_gain":0,"player_choice":"Max HP","damage_taken":0,"max_hp_gain":0,"max_hp_loss":4,"event_name":"Winding Halls","floor":39,"gold_loss":0}],"is_beta":false,"boss_relics":[{"not_picked":["Eternal Feather","Philosopher\u0027s Stone"],"picked":"Cursed Key"},{"not_picked":["Pandora\u0027s Box","Lizard Tail"],"picked":"Empty Cage"}],"items_purged_floors":[3,22,28],"is_endless":false,"potions_floor_spawned":[11,13,14,18,24,27,33,35,40,48,54],"killed_by":"The Heart","ascension_level":1}