{"gold_per_floor":[116,116,126,126,11,11,24,50,50,50,81,81,95,108,108,209,209,223,243,291,310,323,323,339,339,416,416,428,447,447,462,462,564,564,578,578,593,48,48,48,48,83,83,83,100,113,113,113,113,113,113,113,28,53,53],"floor_reached":56,"playtime":2510,"items_purged":["Strike_R","Strike_R+1"],"score":1233,"play_id":"d6379390-092e-40a9-8122-e5da4096d1f3","local_time":"20190709151825","is_ascension_mode":true,"campfire_choices":[{"data":"Bash","floor":6.0,"key":"SMITH"},{"data":"Metallicize","floor":10.0,"key":"SMITH"},{"data":"True Grit","floor":12.0,"key":"SMITH"},{"data":"Clothesline","floor":15.0,"key":"SMITH"},{"data":"Demon Form","floor":23.0,"key":"SMITH"},{"data":"Immolate","floor":25.0,"key":"SMITH"},{"data":"Thunderclap","floor":27.0,"key":"SMITH"},{"data":"Fiend Fire","floor":30.0,"key":"SMITH"},{"data":"Shrug It Off","floor":32.0,"key":"SMITH"},{"floor":40.0,"key":"RECALL"},{"data":"Immolate","floor":44,"key":"SMITH"},{"data":"Shrug It Off","floor":47,"key":"SMITH"},{"data":"Defend_R","floor":49,"key":"SMITH"},{"data":"Wild Strike","floor":52,"key":"SMITH"}],"neow_cost":"NONE","seed_source_timestamp":0,"circlet_count":0,"master_deck":["Strike_R+1","Defend_R","Defend_R","Defend_R","Defend_R+1","Bash+1","Pummel","Pommel Strike+1","Metallicize+1","Thunderclap+1","True Grit+1","Clothesline+1","Cleave","Demon Form+1","Wild Strike","Immolate+1","Disarm+1","Shrug It Off+1","Sentinel+1","Wild Strike+1","Fiend Fire+1","Armaments+1","Immolate+1","Shrug It Off+1","Strike_G","Heavy Blade+1","Swift Strike","Dramatic Entrance","Shockwave","Evolve"],"special_seed":0,"relics":["Burning Blood","Gambling Chip","Ornamental Fan","Coffee Dripper","Bronze Scales","Self Forming Clay","Snecko Eye","Medical Kit","Whetstone","Sundial","Pantograph","Bag of Preparation"],"potions_floor_usage":[42,45,50,54,55],"damage_taken":[{"damage":5.0,"enemies":"Jaw Worm","floor":1.0,"turns":5.0},{"damage":0.0,"enemies":"Small Slimes","floor":3.0,"turns":3.0},{"damage":0.0,"enemies":"Cultist","floor":7.0,"turns":3.0},{"damage":22.0,"enemies":"Gremlin Nob","floor":8.0,"turns":4.0},{"damage":7.0,"enemies":"3 Sentries","floor":11.0,"turns":10.0},{"damage":0.0,"enemies":"Gremlin Gang","floor":13.0,"turns":4.0},{"damage":3.0,"enemies":"2 Fungi Beasts","floor":14.0,"turns":5.0},{"damage":1.0,"enemies":"The Guardian","floor":16.0,"turns":17.0},{"damage":0.0,"enemies":"2 Thieves","floor":18.0,"turns":4.0},{"damage":6.0,"enemies":"3 Byrds","floor":19.0,"turns":5.0},{"damage":18.0,"enemies":"Snecko","floor":21.0,"turns":4.0},{"damage":9.0,"enemies":"Snake Plant","floor":22.0,"turns":4.0},{"damage":0.0,"enemies":"3 Cultists","floor":24.0,"turns":3.0},{"damage":10.0,"enemies":"Snecko","floor":28.0,"turns":4.0},{"damage":12.0,"enemies":"Cultist and Chosen","floor":29.0,"turns":5.0},{"damage":6.0,"enemies":"Snake Plant","floor":31.0,"turns":4.0},{"damage":28.0,"enemies":"Collector","floor":33.0,"turns":8.0},{"damage":0.0,"enemies":"3 Shapes","floor":35.0,"turns":3.0},{"damage":0.0,"enemies":"3 Darklings","floor":37.0,"turns":2.0},{"damage":6,"enemies":"Nemesis","floor":42,"turns":5},{"damage":28,"enemies":"Transient","floor":45,"turns":5},{"damage":10,"enemies":"Jaw Worm Horde","floor":46,"turns":2},{"damage":33,"enemies":"Donu and Deca","floor":50,"turns":7},{"damage":4,"enemies":"Shield and Spear","floor":54,"turns":3},{"damage":57,"enemies":"The Heart","floor":55,"turns":8}],"seed_played":"5765419765022851286","potions_obtained":[{"floor":7.0,"key":"AttackPotion"},{"floor":11.0,"key":"SteroidPotion"},{"floor":13.0,"key":"EssenceOfSteel"},{"floor":21.0,"key":"AttackPotion"},{"floor":22.0,"key":"SteroidPotion"},{"floor":37.0,"key":"Strength Potion"},{"floor":42,"key":"Weak Potion"},{"floor":45,"key":"SkillPotion"}],"is_trial":false,"path_per_floor":["?","?","T","M","?","M","?","?","?"],"character_chosen":"IRONCLAD","items_purchased":["Metallicize","Medical Kit","Swift Strike","Whetstone","Shockwave","Explosive Potion"],"campfire_rested":0,"item_purchase_floors":[5,38,38,38,53,53],"current_hp_per_floor":[88,70,76,76,76,76,82,66,66,66,65,65,71,74,74,79,88,88,88,88,76,73,73,79,79,79,79,75,69,69,69,69,47,88,88,88,88,88,88,88,78,78,78,78,56,52,52,52,52,50,88,88,88,88,37],"gold":53,"neow_bonus":"TEN_PERCENT_HP_BONUS","is_prod":false,"is_daily":false,"chose_seed":false,"campfire_upgraded":13,"win_rate":0,"timestamp":1562678305,"path_taken":["M","?","M","?","$","R","M","E","T","R","E","R","M","M","R","BOSS","M","M","?","M","M","R","M","R","T","R","M","?","R","M","R","BOSS","M","?","?","$","?","R","?","E","T","R","M","M","R","?","R","BOSS","R","$","E","BOSS"],"build_version":"2019-01-23","purchased_purges":2,"victory":true,"max_hp_per_floor":[88,88,88,88,88,88,88,88,88,88,88,88,88,88,88,88,88,88,88,88,88,88,88,88,88,88,88,88,88,88,88,88,88,88,88,88,88,88,88,88,88,88,88,88,88,88,88,88,88,88,88,88,88,88,88],"card_choices":[{"not_picked":["Warcry","Entrench"],"picked":"Pummel","floor":1.0},{"not_picked":["Warcry","Havoc"],"picked":"Pommel Strike","floor":3.0},{"not_picked":["Sentinel","Searing Blow"],"picked":"Thunderclap","floor":7.0},{"not_picked":["Dual Wield","Twin Strike"],"picked":"True Grit","floor":8.0},{"not_picked":["Havoc","Clash"],"picked":"Clothesline","floor":11.0},{"not_picked":["Rampage","Sentinel","Pommel Strike"],"picked":"SKIP","floor":13.0},{"not_picked":["Seeing Red","Bloodletting"],"picked":"Cleave","floor":14.0},{"not_picked":["Immolate","Juggernaut"],"picked":"Demon Form","floor":16.0},{"not_picked":["Flex","Armaments"],"picked":"Wild Strike","floor":18.0},{"not_picked":["Body Slam","Cleave"],"picked":"Immolate","floor":19.0},{"not_picked":["Heavy Blade+1","Headbutt+1"],"picked":"Disarm+1","floor":21.0},{"not_picked":["Headbutt","Havoc"],"picked":"Shrug It Off","floor":22.0},{"not_picked":["Thunderclap","Power Through"],"picked":"Sentinel+1","floor":24.0},{"not_picked":["Perfected Strike","Second Wind"],"picked":"Wild Strike","floor":28.0},{"not_picked":["Warcry","Fire Breathing"],"picked":"Fiend Fire","floor":29.0},{"not_picked":["Cleave","Wild Strike"],"picked":"Armaments+1","floor":31.0},{"not_picked":["Brutality","Bludgeon"],"picked":"Immolate","floor":33.0},{"not_picked":["Body Slam+1","Flex"],"picked":"Shrug It Off","floor":35.0},{"not_picked":["True Grit","Bloodletting+1"],"picked":"Heavy Blade","floor":37.0},{"not_picked":["Forethought","Discovery"],"picked":"Dramatic Entrance","floor":41.0},{"not_picked":["True Grit+1","Rampage+1","Warcry+1"],"picked":"SKIP","floor":42},{"not_picked":["Headbutt+1","Warcry","Body Slam+1"],"picked":"SKIP","floor":45},{"not_picked":["Rupture","Second Wind+1","Havoc"],"picked":"SKIP","floor":46},{"not_picked":["Iron Wave+1","Inflame"],"picked":"Evolve","floor":54}],"player_experience":1009621,"relics_obtained":[{"floor":8.0,"key":"Gambling Chip"},{"floor":11.0,"key":"Ornamental Fan"},{"floor":20.0,"key":"Bronze Scales"},{"floor":26.0,"key":"Self Forming Clay"},{"floor":42,"key":"Sundial"},{"floor":43,"key":"Pantograph"},{"floor":54,"key":"Bag of Preparation"}],"event_choices":[{"damage_healed":0.0,"max_hp_gain":0.0,"max_hp_loss":0.0,"gold_gain":0.0,"event_name":"Shining Light","player_choice":"Entered Light","floor":2.0,"gold_loss":0.0,"damage_taken":18.0,"cards_upgraded":["Strike_R","Strike_R"]},{"cards_removed":["Strike_R"],"damage_healed":0.0,"max_hp_gain":0.0,"max_hp_loss":0.0,"gold_gain":0.0,"event_name":"Bonfire Elementals","player_choice":"Offered Basic","floor":4.0,"gold_loss":0.0,"damage_taken":0.0},{"cards_removed":["Strike_R"],"damage_healed":0.0,"max_hp_gain":0.0,"max_hp_loss":0.0,"gold_gain":0.0,"event_name":"NoteForYourself","player_choice":"Took Card","floor":36.0,"gold_loss":0.0,"damage_taken":0.0,"cards_obtained":["Strike_G"]},{"damage_healed":0.0,"max_hp_gain":0.0,"max_hp_loss":0.0,"gold_gain":0.0,"event_name":"Mysterious Sphere","player_choice":"Ignored","floor":39.0,"gold_loss":0.0,"damage_taken":0.0},{"damage_healed":0.0,"max_hp_gain":0.0,"max_hp_loss":0.0,"gold_gain":0.0,"event_name":"SensoryStone","player_choice":"Memory 3","floor":41.0,"gold_loss":0.0,"damage_taken":10.0},{"damage_healed":0,"gold_gain":0,"player_choice":"Ignored","damage_taken":0,"max_hp_gain":0,"max_hp_loss":0,"event_name":"Tomb of Lord Red Mask","floor":48,"gold_loss":0}],"is_beta":false,"boss_relics":[{"not_picked":["Eternal Feather","Lizard Tail"],"picked":"Coffee Dripper"},{"not_picked":["Orrery","Busted Crown"],"picked":"Snecko Eye"}],"items_purged_floors":[5,38],"is_endless":false,"potions_floor_spawned":[7,11,13,21,22,31,37,42,45],"ascension_level":1}