{"gold_per_floor":[20,20,20,0,16,16,51,67,67,100,100,125,125,143,143,271,271,240,165,188,39,39,39],"floor_reached":23,"playtime":2866,"items_purged":["Strike_G"],"score":209,"play_id":"636668c2-4a16-4125-a300-8e9362fcf838","local_time":"20190604080958","is_ascension_mode":true,"campfire_choices":[{"data":"Wraith Form v2","floor":6.0,"key":"SMITH"},{"data":"Footwork","floor":11.0,"key":"SMITH"},{"floor":13.0,"key":"REST"},{"data":"Neutralize","floor":15.0,"key":"SMITH"}],"neow_cost":"NO_GOLD","seed_source_timestamp":0,"circlet_count":0,"master_deck":["Defend_G","Defend_G","Defend_G","Defend_G","Defend_G","Strike_G","Strike_G","Strike_G","Survivor","Neutralize+1","Wraith Form v2+1","Flying Knee","Well Laid Plans","Footwork+1","Storm of Steel","Cloak And Dagger","Dodge and Roll","Die Die Die","Backstab+1","Riddle With Holes","Footwork+1"],"special_seed":0,"relics":["Ring of the Serpent","Golden Idol","Torii","Frozen Egg 2","Omamori"],"potions_floor_usage":[23,23],"damage_taken":[{"damage":0.0,"enemies":"2 Louse","floor":1.0,"turns":4.0},{"damage":0.0,"enemies":"Jaw Worm","floor":5.0,"turns":4.0},{"damage":37.0,"enemies":"Gremlin Nob","floor":7.0,"turns":8.0},{"damage":2.0,"enemies":"Small Slimes","floor":8.0,"turns":5.0},{"damage":4.0,"enemies":"3 Sentries","floor":10.0,"turns":15.0},{"damage":3.0,"enemies":"Blue Slaver","floor":12.0,"turns":5.0},{"damage":2.0,"enemies":"Looter","floor":14.0,"turns":4.0},{"damage":25.0,"enemies":"The Guardian","floor":16.0,"turns":23.0},{"damage":11.0,"enemies":"2 Thieves","floor":18.0,"turns":5.0},{"damage":1.0,"enemies":"Shell Parasite","floor":20.0,"turns":7.0},{"damage":74,"enemies":"Gremlin Leader","floor":23,"turns":10}],"seed_played":"3492192581707475810","potions_obtained":[{"floor":1.0,"key":"Dexterity Potion"},{"floor":7.0,"key":"Poison Potion"},{"floor":8.0,"key":"Block Potion"},{"floor":18.0,"key":"Fire Potion"},{"floor":20.0,"key":"AttackPotion"}],"is_trial":false,"path_per_floor":["?","?","?","?","?"],"character_chosen":"THE_SILENT","items_purchased":["Footwork+1"],"campfire_rested":1,"item_purchase_floors":[21],"current_hp_per_floor":[70,70,70,70,70,70,33,31,31,27,27,24,45,43,43,18,70,59,59,58,58,58,0],"gold":39,"neow_bonus":"THREE_RARE_CARDS","is_prod":false,"is_daily":false,"chose_seed":false,"campfire_upgraded":3,"win_rate":0,"timestamp":1559628598,"path_taken":["M","?","?","?","M","R","E","M","T","E","R","M","R","M","R","BOSS","M","?","M","$","?","E"],"build_version":"2019-01-23","purchased_purges":1,"victory":false,"max_hp_per_floor":[70,70,70,70,70,70,70,70,70,70,70,70,70,70,70,70,70,70,70,70,70,70,70],"card_choices":[{"not_picked":["Venomology","Doppelganger"],"picked":"Wraith Form v2","floor":0.0},{"not_picked":["Finisher","Terror"],"picked":"Flying Knee","floor":1.0},{"not_picked":["Catalyst","Escape Plan","Underhanded Strike"],"picked":"SKIP","floor":5.0},{"not_picked":["Dodge and Roll","Prepared"],"picked":"Well Laid Plans","floor":7.0},{"not_picked":["Escape Plan","Blur"],"picked":"Footwork","floor":8.0},{"not_picked":["Slice","Eviscerate"],"picked":"Storm of Steel","floor":10.0},{"not_picked":["Flechettes","Bane"],"picked":"Cloak And Dagger","floor":12.0},{"not_picked":["Escape Plan","Acrobatics"],"picked":"Dodge and Roll","floor":14.0},{"not_picked":["Phantasmal Killer","Glass Knife"],"picked":"Die Die Die","floor":16.0},{"not_picked":["Heel Hook","Dagger Spray"],"picked":"Backstab+1","floor":18.0},{"not_picked":["Prepared","Bane"],"picked":"Riddle With Holes","floor":20.0}],"player_experience":765389,"relics_obtained":[{"floor":7.0,"key":"Torii"},{"floor":9.0,"key":"Frozen Egg 2"},{"floor":10.0,"key":"Omamori"}],"event_choices":[{"cards_removed":["Strike_G"],"damage_healed":0.0,"max_hp_gain":0.0,"max_hp_loss":0.0,"gold_gain":0.0,"event_name":"Living Wall","player_choice":"Forget","floor":2.0,"gold_loss":0.0,"damage_taken":0.0},{"damage_healed":0.0,"max_hp_gain":0.0,"max_hp_loss":0.0,"gold_gain":0.0,"event_name":"Golden Idol","player_choice":"Take Wound","floor":3.0,"gold_loss":0.0,"damage_taken":0.0,"relics_obtained":["Golden Idol"],"cards_obtained":["Injury"]},{"damage_healed":0.0,"max_hp_gain":0.0,"max_hp_loss":0.0,"gold_gain":0.0,"event_name":"World of Goop","player_choice":"Left Gold","floor":4.0,"gold_loss":20.0,"damage_taken":0.0},{"cards_removed":["Injury"],"damage_healed":0.0,"max_hp_gain":0.0,"max_hp_loss":0.0,"gold_gain":0.0,"event_name":"Beggar","player_choice":"Gave Gold","floor":19.0,"gold_loss":75.0,"damage_taken":0.0},{"damage_healed":0.0,"max_hp_gain":0.0,"max_hp_loss":0.0,"gold_gain":0.0,"event_name":"Cursed Tome","player_choice":"Ignored","floor":22.0,"gold_loss":0.0,"damage_taken":0.0}],"is_beta":false,"boss_relics":[{"not_picked":["Coffee Dripper","Philosopher\u0027s Stone"],"picked":"Ring of the Serpent"}],"items_purged_floors":[21],"is_endless":false,"potions_floor_spawned":[1,7,8,18,20],"killed_by":"Gremlin Leader","ascension_level":1}