{"gold_per_floor":[115,129,140,155,170,170,196,196,275,9,29,45,63,94,94,194,194,183,199,199],"floor_reached":20,"playtime":1140,"items_purged":["Strike_B"],"score":200,"play_id":"8b6d499c-b049-40f7-a385-221ccae4601e","local_time":"20190327151541","is_ascension_mode":true,"campfire_choices":[{"data":"Zap","floor":6.0,"key":"SMITH"},{"data":"White Noise","floor":8.0,"key":"SMITH"},{"floor":15.0,"key":"REST"}],"neow_cost":"NONE","seed_source_timestamp":0,"circlet_count":0,"master_deck":["Strike_B","Strike_B","Defend_B","Defend_B","Defend_B","Defend_B","Zap+1","Dualcast","Coolheaded","Go for the Eyes","Skim","White Noise+1","Core Surge","Turbo","Capacitor","Sweeping Beam","Consume","Darkness","Creative AI","Shame","Clumsy","Normality","Conserve Battery","Turbo+1"],"special_seed":0,"relics":["Cracked Core","Meat on the Bone","Sundial","Tiny Chest","Shovel","Calling Bell","Art of War","Dodecahedron","Turnip"],"potions_floor_usage":[18],"damage_taken":[{"damage":1.0,"enemies":"Jaw Worm","floor":1.0,"turns":3.0},{"damage":0.0,"enemies":"Small Slimes","floor":2.0,"turns":3.0},{"damage":0.0,"enemies":"Cultist","floor":3.0,"turns":3.0},{"damage":3.0,"enemies":"2 Fungi Beasts","floor":4.0,"turns":3.0},{"damage":2.0,"enemies":"Blue Slaver","floor":5.0,"turns":5.0},{"damage":20.0,"enemies":"3 Sentries","floor":7.0,"turns":6.0},{"damage":13.0,"enemies":"Exordium Wildlife","floor":11.0,"turns":5.0},{"damage":0.0,"enemies":"3 Louse","floor":12.0,"turns":2.0},{"damage":8.0,"enemies":"Gremlin Gang","floor":13.0,"turns":5.0},{"damage":6.0,"enemies":"Gremlin Nob","floor":14.0,"turns":3.0},{"damage":33.0,"enemies":"Slime Boss","floor":16.0,"turns":8.0},{"damage":20,"enemies":"2 Thieves","floor":18,"turns":4},{"damage":19,"enemies":"Spheric Guardian","floor":19,"turns":7},{"damage":74,"enemies":"Chosen and Byrds","floor":20,"turns":8}],"seed_played":"6701451138512700744","potions_obtained":[{"floor":2.0,"key":"GamblersBrew"},{"floor":5.0,"key":"FocusPotion"},{"floor":11.0,"key":"Explosive Potion"},{"floor":12.0,"key":"Swift Potion"},{"floor":18,"key":"LiquidBronze"}],"is_trial":false,"path_per_floor":[],"character_chosen":"DEFECT","items_purchased":["Capacitor","Tiny Chest"],"campfire_rested":1,"item_purchase_floors":[10,10],"current_hp_per_floor":[74,74,74,71,69,69,49,49,49,49,48,48,40,46,68,47,75,55,48,0],"gold":199,"neow_bonus":"REMOVE_CARD","is_prod":false,"is_daily":false,"chose_seed":false,"campfire_upgraded":2,"win_rate":0,"timestamp":1553696141,"path_taken":["M","M","M","M","M","R","E","R","T","$","M","M","M","E","R","BOSS","M","M","M"],"build_version":"2019-01-23","purchased_purges":1,"victory":false,"max_hp_per_floor":[75,75,75,75,75,75,75,75,75,75,75,75,75,75,75,75,75,75,75,75],"card_choices":[{"not_picked":["Barrage","Scrape"],"picked":"Coolheaded","floor":1.0},{"not_picked":["Reprogram","Beam Cell"],"picked":"Go for the Eyes","floor":2.0},{"not_picked":["Chaos","Force Field"],"picked":"Skim","floor":3.0},{"not_picked":["Rip and Tear","Hologram"],"picked":"White Noise","floor":4.0},{"not_picked":["Gash","Steam Power"],"picked":"Core Surge","floor":5.0},{"not_picked":["Rebound","Stack"],"picked":"Turbo","floor":7.0},{"not_picked":["Stack","Leap"],"picked":"Sweeping Beam","floor":11.0},{"not_picked":["Melter","Turbo"],"picked":"Consume","floor":12.0},{"not_picked":["Lockon","Hologram"],"picked":"Darkness","floor":13.0},{"not_picked":["Chaos","Sweeping Beam","Barrage"],"picked":"SKIP","floor":14.0},{"not_picked":["Amplify","Hyperbeam"],"picked":"Creative AI","floor":16.0},{"not_picked":["Gash","Fusion"],"picked":"Conserve Battery","floor":18},{"not_picked":["Consume+1","Aggregate"],"picked":"Turbo+1","floor":19}],"player_experience":297793,"relics_obtained":[{"floor":7.0,"key":"Meat on the Bone"},{"floor":9.0,"key":"Sundial"},{"floor":14.0,"key":"Shovel"},{"floor":17,"key":"Art of War"},{"floor":17,"key":"Dodecahedron"},{"floor":17,"key":"Turnip"}],"event_choices":[],"is_beta":false,"boss_relics":[{"not_picked":["Runic Dome","Philosopher\u0027s Stone"],"picked":"Calling Bell"}],"items_purged_floors":[10],"is_endless":false,"potions_floor_spawned":[2,5,11,12,18],"killed_by":"Chosen and Byrds","ascension_level":1}