{"gold_per_floor":[118,134,150,164,21,21,49,62,108,125,125,300,300,330,330,330],"floor_reached":16,"playtime":710,"items_purged":["Strike_G"],"score":112,"play_id":"7294f5a5-5c3b-4724-a748-a35ec77a5aa5","local_time":"20190721144305","is_ascension_mode":false,"campfire_choices":[{"data":"Neutralize","floor":6,"key":"SMITH"},{"data":"Footwork","floor":11,"key":"SMITH"},{"data":"Panacea","floor":13,"key":"SMITH"},{"floor":15,"key":"REST"}],"neow_cost":"NONE","seed_source_timestamp":242834782655664,"circlet_count":0,"master_deck":["Strike_G","Strike_G","Strike_G","Strike_G","Defend_G","Defend_G","Defend_G","Defend_G","Defend_G","Survivor","Neutralize+1","Panacea+1","Heel Hook","PiercingWail","Footwork+1","Noxious Fumes","Cloak And Dagger","Calculated Gamble","Blur","Doubt"],"special_seed":0,"relics":["Ring of the Snake","Boot","Blood Vial","Sundial"],"potions_floor_usage":[4],"damage_taken":[{"damage":0,"enemies":"2 Louse","floor":1,"turns":3},{"damage":1,"enemies":"Small Slimes","floor":2,"turns":3},{"damage":6,"enemies":"Cultist","floor":3,"turns":5},{"damage":4,"enemies":"Gremlin Gang","floor":4,"turns":4},{"damage":17,"enemies":"Lagavulin","floor":7,"turns":11},{"damage":9,"enemies":"Blue Slaver","floor":8,"turns":4},{"damage":6,"enemies":"Exordium Wildlife","floor":10,"turns":3},{"damage":25,"enemies":"3 Sentries","floor":14,"turns":8},{"damage":0,"enemies":"Hexaghost","floor":16,"turns":1}],"seed_played":"9197302784246820329","potions_obtained":[{"floor":2,"key":"Explosive Potion"},{"floor":3,"key":"FearPotion"},{"floor":7,"key":"Dexterity Potion"},{"floor":14,"key":"Swift Potion"}],"is_trial":false,"path_per_floor":["M","M","M","M","$","R","E","M","T","M","R","?","R","E","R","B"],"character_chosen":"THE_SILENT","items_purchased":["Noxious Fumes"],"campfire_rested":1,"item_purchase_floors":[5],"current_hp_per_floor":[70,69,63,59,59,59,42,33,33,29,29,29,29,6,27,29],"gold":330,"neow_bonus":"RANDOM_COLORLESS","is_prod":false,"is_daily":false,"chose_seed":false,"campfire_upgraded":3,"win_rate":0,"timestamp":1563745385,"path_taken":["M","M","M","M","$","R","E","M","T","M","R","?","R","E","R","BOSS"],"build_version":"2019-07-18","purchased_purges":1,"victory":false,"max_hp_per_floor":[70,70,70,70,70,70,70,70,70,70,70,70,70,70,70,70],"card_choices":[{"not_picked":["Dagger Throw","Masterful Stab"],"picked":"Heel Hook","floor":1},{"not_picked":["Poisoned Stab","Sucker Punch"],"picked":"PiercingWail","floor":2},{"not_picked":["Glass Knife","Riddle With Holes","Choke"],"picked":"SKIP","floor":3},{"not_picked":["Bane","Dodge and Roll"],"picked":"Footwork","floor":4},{"not_picked":["Slice","Reflex"],"picked":"Cloak And Dagger","floor":7},{"not_picked":["Dagger Spray","Sucker Punch"],"picked":"Calculated Gamble","floor":8},{"not_picked":["Poisoned Stab","Flying Knee"],"picked":"Blur","floor":10},{"not_picked":["Quick Slash","Masterful Stab","Endless Agony"],"picked":"SKIP","floor":14}],"player_experience":1175941,"relics_obtained":[{"floor":7,"key":"Boot"},{"floor":9,"key":"Blood Vial"},{"floor":14,"key":"Sundial"}],"event_choices":[{"damage_healed":0,"gold_gain":175,"player_choice":"AGREE","damage_taken":0,"max_hp_gain":0,"max_hp_loss":0,"event_name":"Liars Game","floor":12,"gold_loss":0,"cards_obtained":["Doubt"]}],"is_beta":true,"boss_relics":[],"items_purged_floors":[5],"is_endless":false,"potions_floor_spawned":[2,3,7,14],"killed_by":"Hexaghost","ascension_level":0}