{"gold_per_floor":[211,211,176,251,269,269,299,319,319,319,334,345,345,363,363,458,458,476,476,476,489,489],"floor_reached":22,"playtime":1091,"items_purged":[],"score":186,"play_id":"c889ed21-f41e-455c-aaf0-350f2db5c903","local_time":"20190302015453","is_ascension_mode":false,"campfire_choices":[{"floor":10,"key":"REST"},{"floor":13,"key":"REST"},{"data":"Gash","floor":15,"key":"SMITH"}],"neow_cost":"NONE","seed_source_timestamp":2394889768857,"circlet_count":0,"master_deck":["Strike_B","Strike_B","Strike_B","Strike_B","Defend_B","Defend_B","Defend_B","Defend_B","Zap+1","Dualcast","Gash+1","Genetic Algorithm","Conserve Battery","Capacitor"],"relics":["Cracked Core","Ginger","Orichalcum","Bottled Lightning","Busted Crown"],"potions_floor_usage":[7,16,16],"damage_taken":[{"damage":6,"enemies":"Cultist","floor":1,"turns":3},{"damage":0,"enemies":"2 Louse","floor":5,"turns":1},{"damage":25,"enemies":"3 Sentries","floor":7,"turns":6},{"damage":7,"enemies":"Jaw Worm","floor":8,"turns":3},{"damage":8,"enemies":"Red Slaver","floor":11,"turns":3},{"damage":6,"enemies":"3 Louse","floor":12,"turns":4},{"damage":5,"enemies":"Gremlin Gang","floor":14,"turns":5},{"damage":41,"enemies":"The Guardian","floor":16,"turns":15},{"damage":20,"enemies":"3 Byrds","floor":18,"turns":6},{"damage":14,"enemies":"Shell Parasite","floor":21,"turns":6},{"damage":36,"enemies":"3 Cultists","floor":22,"turns":4}],"seed_played":"-6680054575069338234","potions_obtained":[{"floor":1,"key":"Swift Potion"},{"floor":5,"key":"AttackPotion"},{"floor":8,"key":"Swift Potion"},{"floor":16,"key":"SteroidPotion"},{"floor":18,"key":"Energy Potion"},{"floor":21,"key":"Ancient Potion"}],"is_trial":false,"path_per_floor":["?","?","?","M","?","M","?","?"],"character_chosen":"DEFECT","items_purchased":[],"campfire_rested":2,"item_purchase_floors":[],"current_hp_per_floor":[69,57,75,68,68,68,43,36,36,58,50,44,66,61,61,20,75,55,55,41,27,0],"gold":489,"neow_bonus":"HUNDRED_GOLD","is_prod":false,"is_daily":false,"chose_seed":false,"campfire_upgraded":1,"win_rate":0.0,"timestamp":1551488093,"path_taken":["M","?","?","?","?","?","E","M","T","R","M","?","R","M","R","BOSS","M","?","?","M","M"],"build_version":"2019-01-23","purchased_purges":0,"victory":false,"max_hp_per_floor":[75,75,75,75,75,75,75,75,75,75,75,75,75,75,75,75,75,75,75,80,80,80],"card_choices":[{"not_picked":["Steam","Loop","Rebound"],"picked":"SKIP","floor":1},{"not_picked":["Rebound","Go for the Eyes"],"picked":"Gash","floor":5},{"not_picked":["Static Discharge","Redo"],"picked":"Genetic Algorithm","floor":7},{"not_picked":["Hologram","Turbo"],"picked":"Conserve Battery","floor":8},{"not_picked":["Go for the Eyes","Hyperbeam","Coolheaded"],"picked":"SKIP","floor":11},{"not_picked":["Darkness","Force Field","Chill"],"picked":"SKIP","floor":12},{"not_picked":["Sweeping Beam","Turbo"],"picked":"Capacitor","floor":14},{"not_picked":["Barrage"],"picked":"SKIP","floor":18},{"not_picked":["Fusion"],"picked":"SKIP","floor":21}],"player_experience":116956,"relics_obtained":[{"floor":7,"key":"Orichalcum"},{"floor":9,"key":"Bottled Lightning"}],"event_choices":[{"damage_healed":0,"gold_gain":0,"player_choice":"Success","damage_taken":12,"relics_obtained":["Ginger"],"max_hp_gain":0,"max_hp_loss":0,"event_name":"Scrap Ooze","floor":2,"gold_loss":0},{"damage_healed":18,"gold_gain":0,"player_choice":"Healed","damage_taken":0,"max_hp_gain":0,"max_hp_loss":0,"event_name":"The Cleric","floor":3,"gold_loss":35},{"damage_healed":0,"gold_gain":75,"player_choice":"Touch","damage_taken":7,"max_hp_gain":0,"max_hp_loss":0,"event_name":"FaceTrader","floor":4,"gold_loss":0},{"damage_healed":0,"gold_gain":0,"player_choice":"Forge","damage_taken":0,"max_hp_gain":0,"max_hp_loss":0,"event_name":"Accursed Blacksmith","floor":6,"gold_loss":0,"cards_upgraded":["Zap"]},{"damage_healed":0,"gold_gain":0,"player_choice":"Ignored","damage_taken":0,"max_hp_gain":0,"max_hp_loss":0,"event_name":"The Mausoleum","floor":19,"gold_loss":0},{"damage_healed":0,"gold_gain":0,"player_choice":"Shed Blood","damage_taken":19,"max_hp_gain":5,"max_hp_loss":0,"event_name":"Forgotten Altar","floor":20,"gold_loss":0}],"is_beta":false,"boss_relics":[{"not_picked":["Pandora\u0027s Box","Philosopher\u0027s Stone"],"picked":"Busted Crown"}],"items_purged_floors":[],"is_endless":false,"potions_floor_spawned":[1,5,8,16,18,21],"killed_by":"3 Cultists","ascension_level":0}