{"gold_per_floor":[16,91,16,32,45,45,74,92,116,116,116,146,146,165,165,263,263,277,277,290,290],"floor_reached":21,"playtime":786,"items_purged":["Strike_B"],"score":251,"play_id":"dde28933-cbfd-43d9-8cf1-8bb31e70b7dd","local_time":"20190523153534","is_ascension_mode":true,"campfire_choices":[{"data":"Zap","floor":6.0,"key":"SMITH"},{"floor":13.0,"key":"REST"},{"data":"Creative AI","floor":15.0,"key":"SMITH"}],"neow_cost":"NO_GOLD","seed_source_timestamp":0,"circlet_count":0,"master_deck":["Strike_B","Defend_B","Defend_B","Defend_B","Defend_B","Zap+1","Dualcast","Glacier","Compile Driver","Ball Lightning","Creative AI+1","Doom and Gloom","Gash","All For One","Self Repair","Force Field","BootSequence"],"special_seed":0,"relics":["Cracked Core","Centennial Puzzle","Regal Pillow","Coffee Dripper"],"potions_floor_usage":[],"damage_taken":[{"damage":7.0,"enemies":"Small Slimes","floor":1.0,"turns":4.0},{"damage":3.0,"enemies":"2 Louse","floor":4.0,"turns":3.0},{"damage":8.0,"enemies":"Jaw Worm","floor":5.0,"turns":6.0},{"damage":19.0,"enemies":"Lagavulin","floor":7.0,"turns":6.0},{"damage":20.0,"enemies":"Lots of Slimes","floor":8.0,"turns":4.0},{"damage":1.0,"enemies":"Looter","floor":14.0,"turns":3.0},{"damage":41.0,"enemies":"Hexaghost","floor":16.0,"turns":10.0},{"damage":25,"enemies":"3 Byrds","floor":18,"turns":5},{"damage":27,"enemies":"Shell Parasite","floor":20,"turns":5},{"damage":31,"enemies":"Snake Plant","floor":21,"turns":5}],"seed_played":"8800219624728898314","potions_obtained":[{"floor":5.0,"key":"Dexterity Potion"},{"floor":7.0,"key":"Weak Potion"},{"floor":8.0,"key":"Block Potion"},{"floor":18,"key":"FocusPotion"}],"is_trial":false,"path_per_floor":["?","?","?","?","?"],"character_chosen":"DEFECT","items_purchased":[],"campfire_rested":1,"item_purchase_floors":[],"current_hp_per_floor":[75,64,64,61,53,53,34,14,14,14,14,14,55,54,54,13,70,45,45,25,0],"gold":290,"neow_bonus":"TWENTY_PERCENT_HP_BONUS","is_prod":false,"is_daily":false,"chose_seed":false,"campfire_upgraded":2,"win_rate":0,"timestamp":1558618534,"path_taken":["M","?","$","M","M","R","E","M","T","?","?","?","R","M","R","BOSS","M","?","M","M"],"build_version":"2019-01-23","purchased_purges":1,"victory":false,"max_hp_per_floor":[89,89,89,89,89,89,89,89,89,89,89,89,89,89,89,89,89,89,89,89,89],"card_choices":[{"not_picked":["Turbo","Rip and Tear"],"picked":"Glacier","floor":1.0},{"not_picked":["Rebound","Fusion"],"picked":"Compile Driver","floor":4.0},{"not_picked":["Static Discharge","Turbo"],"picked":"Ball Lightning","floor":5.0},{"not_picked":["Barrage","Chill"],"picked":"Creative AI","floor":7.0},{"not_picked":["Consume","Streamline"],"picked":"Doom and Gloom","floor":8.0},{"not_picked":["Beam Cell","Streamline"],"picked":"Gash","floor":14.0},{"not_picked":["Reboot","Amplify"],"picked":"All For One","floor":16.0},{"not_picked":["Redo","Coolheaded"],"picked":"Self Repair","floor":18},{"not_picked":["Turbo+1","Aggregate"],"picked":"BootSequence","floor":20}],"player_experience":687227,"relics_obtained":[{"floor":7.0,"key":"Centennial Puzzle"},{"floor":9.0,"key":"Regal Pillow"}],"event_choices":[{"damage_healed":0.0,"max_hp_gain":0.0,"max_hp_loss":0.0,"gold_gain":75.0,"event_name":"World of Goop","player_choice":"Gather Gold","floor":2.0,"gold_loss":0.0,"damage_taken":11.0},{"damage_healed":0.0,"max_hp_gain":0.0,"max_hp_loss":0.0,"gold_gain":0.0,"event_name":"Shining Light","player_choice":"Ignored","floor":10.0,"gold_loss":0.0,"damage_taken":0.0},{"cards_removed":["Strike_B"],"damage_healed":0.0,"max_hp_gain":0.0,"max_hp_loss":0.0,"gold_gain":0.0,"event_name":"Living Wall","player_choice":"Forget","floor":11.0,"gold_loss":0.0,"damage_taken":0.0},{"damage_healed":0.0,"max_hp_gain":0.0,"max_hp_loss":0.0,"gold_gain":30.0,"event_name":"Dead Adventurer","player_choice":"Searched \u00271\u0027 times","floor":12.0,"gold_loss":0.0,"damage_taken":0.0},{"damage_healed":0,"gold_gain":0,"cards_transformed":["Strike_B"],"player_choice":"Transformed","damage_taken":0,"max_hp_gain":0,"max_hp_loss":0,"event_name":"Transmorgrifier","floor":19,"gold_loss":0,"cards_obtained":["Force Field"]}],"is_beta":false,"boss_relics":[{"not_picked":["Runic Dome","Black Star"],"picked":"Coffee Dripper"}],"items_purged_floors":[3],"is_endless":false,"potions_floor_spawned":[5,7,8,18],"killed_by":"Snake Plant","ascension_level":8}