{"gold_per_floor":[117,131,131,131,150,150,177,177,254,270,305,324,324,341,341,439,439,455,380,380,23,23,52,52,79,114,126,413,425,454,223,223,323,323,343,443,443,193,210,210,242,242,311,330,349,349,349,349,349,349],"floor_reached":51,"playtime":3154,"items_purged":["Strike_G","Regret","Pain"],"score":844,"play_id":"e618c2f7-9444-4932-b76f-669f82d5f282","local_time":"20190721002210","is_ascension_mode":false,"campfire_choices":[{"data":"Neutralize","floor":6.0,"key":"SMITH"},{"data":"Deflect","floor":8.0,"key":"SMITH"},{"data":"Bouncing Flask","floor":13.0,"key":"SMITH"},{"floor":15.0,"key":"REST"},{"data":"Burst","floor":24.0,"key":"SMITH"},{"data":"Catalyst","floor":27.0,"key":"SMITH"},{"data":"Bouncing Flask","floor":29.0,"key":"SMITH"},{"floor":32.0,"key":"REST"},{"data":"Terror","floor":40.0,"key":"SMITH"},{"data":"Venomology","floor":42.0,"key":"SMITH"},{"floor":49.0,"key":"REST"}],"neow_cost":"NONE","seed_source_timestamp":0,"circlet_count":0,"master_deck":["Strike_G+1","Strike_G+1","Strike_G+1","Defend_G+1","Defend_G+1","Defend_G+1","Defend_G+1","Defend_G+1","Survivor","Neutralize+1","Catalyst+1","Poisoned Stab","Deadly Poison+1","PiercingWail","Deflect+1","Blade Dance","Bouncing Flask+1","Burst+1","Bouncing Flask+1","Blur","Cloak And Dagger+1","Crippling Poison+1","Terror+1","Night Terror+1","Cloak And Dagger+1","Venomology+1","Accuracy+1","Deflect+1","Blind"],"special_seed":0,"relics":["Ring of the Snake","Happy Flower","Shuriken","PreservedInsect","Philosopher\u0027s Stone","Enchiridion","Singing Bowl","Smiling Mask","MawBank","Oddly Smooth Stone","Omamori","Calling Bell","War Paint","Paper Crane","Prayer Wheel","Dead Branch","OrangePellets","Boot","Mummified Hand"],"potions_floor_usage":[50,50,50,50,50,50,50],"damage_taken":[{"damage":8.0,"enemies":"Jaw Worm","floor":1.0,"turns":4.0},{"damage":0.0,"enemies":"Small Slimes","floor":2.0,"turns":3.0},{"damage":0.0,"enemies":"Cultist","floor":5.0,"turns":3.0},{"damage":7.0,"enemies":"Gremlin Nob","floor":7.0,"turns":3.0},{"damage":3.0,"enemies":"Looter","floor":10.0,"turns":3.0},{"damage":17.0,"enemies":"3 Sentries","floor":11.0,"turns":7.0},{"damage":0.0,"enemies":"3 Louse","floor":12.0,"turns":4.0},{"damage":15.0,"enemies":"Exordium Thugs","floor":14.0,"turns":4.0},{"damage":6.0,"enemies":"The Guardian","floor":16.0,"turns":9.0},{"damage":0.0,"enemies":"Chosen","floor":18.0,"turns":3.0},{"damage":13.0,"enemies":"Slavers","floor":23.0,"turns":5.0},{"damage":0.0,"enemies":"Gremlin Leader","floor":25.0,"turns":7.0},{"damage":2.0,"enemies":"3 Byrds","floor":30.0,"turns":4.0},{"damage":0.0,"enemies":"Collector","floor":33.0,"turns":6.0},{"damage":3.0,"enemies":"3 Shapes","floor":35.0,"turns":3.0},{"damage":8.0,"enemies":"Mind Bloom Boss Battle","floor":36.0,"turns":5.0},{"damage":24.0,"enemies":"3 Darklings","floor":39.0,"turns":5.0},{"damage":14.0,"enemies":"Giant Head","floor":41.0,"turns":3.0},{"damage":4.0,"enemies":"Writhing Mass","floor":44.0,"turns":2.0},{"damage":0.0,"enemies":"Jaw Worm Horde","floor":45.0,"turns":2.0},{"damage":30,"enemies":"Awakened One","floor":50,"turns":8}],"seed_played":"-2821972142701145567","potions_obtained":[{"floor":1.0,"key":"Energy Potion"},{"floor":5.0,"key":"Fire Potion"},{"floor":10.0,"key":"SkillPotion"},{"floor":11.0,"key":"Strength Potion"},{"floor":18.0,"key":"Swift Potion"},{"floor":25.0,"key":"SkillPotion"},{"floor":41.0,"key":"Block Potion"},{"floor":44.0,"key":"GamblersBrew"}],"is_trial":false,"path_per_floor":["M","M","$","?","M","R","E","R","T","M","E","M","R","M","R","B",null,"M","?","?","$","?","E","R","E","T","R","?","R","M","$","R","B",null,"M","?","?","$","M","R","E","R","T","M","M","?","?","?","R","B",null],"character_chosen":"THE_SILENT","items_purchased":["Bouncing Flask","Singing Bowl","Terror","Omamori","OrangePellets"],"campfire_rested":3,"item_purchase_floors":[21,21,31,31,38],"current_hp_per_floor":[62,62,62,62,62,62,55,55,55,52,35,35,35,20,41,35,70,70,70,54,54,54,41,41,41,41,41,41,41,39,39,60,60,70,71,65,65,65,43,43,29,29,29,29,29,29,29,29,53,23],"gold":349,"neow_bonus":"THREE_CARDS","is_prod":false,"is_daily":false,"chose_seed":false,"campfire_upgraded":8,"win_rate":0,"timestamp":1563693730,"path_taken":["M","M","$","?","M","R","E","R","T","M","E","M","R","M","R","BOSS","M","?","?","$","?","E","R","E","T","R","?","R","M","$","R","BOSS","M","?","?","$","M","R","E","R","T","M","M","?","?","?","R","BOSS"],"build_version":"2019-07-18","purchased_purges":3,"victory":true,"max_hp_per_floor":[70,70,70,70,70,70,70,70,70,70,70,70,70,70,70,70,70,70,70,70,70,70,70,70,70,70,70,70,70,70,70,70,70,70,74,76,76,76,78,78,78,78,78,82,82,82,82,82,82,82],"card_choices":[{"not_picked":["Dagger Throw","Deadly Poison"],"picked":"Catalyst","floor":0.0},{"not_picked":["Backflip","Underhanded Strike"],"picked":"Poisoned Stab","floor":1.0},{"not_picked":["Acrobatics","Backflip"],"picked":"Deadly Poison","floor":2.0},{"not_picked":["Backstab","Distraction"],"picked":"PiercingWail","floor":5.0},{"not_picked":["Setup","Outmaneuver"],"picked":"Deflect","floor":7.0},{"not_picked":["Bullet Time","Deadly Poison"],"picked":"Blade Dance","floor":10.0},{"not_picked":["Escape Plan","Riddle With Holes"],"picked":"Bouncing Flask","floor":11.0},{"not_picked":["Dodge and Roll","Tactician","Riddle With Holes"],"picked":"SKIP","floor":12.0},{"not_picked":["Outmaneuver","Dagger Throw"],"picked":"Blade Dance","floor":14.0},{"not_picked":["After Image","Grand Finale"],"picked":"Burst","floor":16.0},{"not_picked":["Flying Knee","Slice","Dagger Throw"],"picked":"SKIP","floor":18.0},{"not_picked":["Dagger Spray","Sucker Punch"],"picked":"Blur","floor":23.0},{"not_picked":["Underhanded Strike","Expertise"],"picked":"Cloak And Dagger+1","floor":25.0},{"not_picked":["Infinite Blades+1","Dagger Throw"],"picked":"Crippling Poison+1","floor":30.0},{"not_picked":["Wraith Form v2","Unload"],"picked":"Night Terror","floor":33.0},{"not_picked":["Heel Hook+1","Finisher+1","Backflip+1"],"picked":"Singing Bowl","floor":35.0},{"not_picked":["Sucker Punch+1","Concentrate+1","Outmaneuver"],"picked":"Singing Bowl","floor":35.0},{"not_picked":["Poisoned Stab","PiercingWail","Accuracy"],"picked":"Singing Bowl","floor":36.0},{"not_picked":["Dagger Throw","Acrobatics","Quick Slash+1"],"picked":"Singing Bowl","floor":39.0},{"not_picked":["Deadly Poison","Dagger Throw+1"],"picked":"Cloak And Dagger+1","floor":39.0},{"not_picked":["Choke","Prepared+1"],"picked":"Venomology","floor":41.0},{"not_picked":["Crippling Poison+1","Dash","Finisher"],"picked":"Singing Bowl","floor":44.0},{"not_picked":["Finisher","Leg Sweep+1","Underhanded Strike"],"picked":"Singing Bowl","floor":44.0},{"not_picked":["Calculated Gamble+1","Tactician+1"],"picked":"Accuracy+1","floor":45.0},{"not_picked":["Dagger Throw","Die Die Die"],"picked":"Deflect+1","floor":45.0},{"not_picked":["Dark Shackles","Dramatic Entrance"],"picked":"Blind","floor":47.0}],"player_experience":1149492,"relics_obtained":[{"floor":7.0,"key":"Happy Flower"},{"floor":9.0,"key":"Shuriken"},{"floor":11.0,"key":"PreservedInsect"},{"floor":20.0,"key":"Enchiridion"},{"floor":23.0,"key":"Smiling Mask"},{"floor":25.0,"key":"MawBank"},{"floor":26.0,"key":"Oddly Smooth Stone"},{"floor":34.0,"key":"War Paint"},{"floor":34.0,"key":"Paper Crane"},{"floor":34.0,"key":"Prayer Wheel"},{"floor":36.0,"key":"Dead Branch"},{"floor":41.0,"key":"Boot"},{"floor":43.0,"key":"Mummified Hand"}],"event_choices":[{"damage_healed":0.0,"max_hp_gain":0.0,"max_hp_loss":0.0,"gold_gain":0.0,"cards_transformed":["Strike_G"],"event_name":"Living Wall","player_choice":"Change","floor":4.0,"gold_loss":0.0,"damage_taken":0.0,"cards_obtained":["Masterful Stab"]},{"cards_removed":["Masterful Stab"],"damage_healed":0.0,"max_hp_gain":0.0,"max_hp_loss":0.0,"gold_gain":0.0,"event_name":"Beggar","player_choice":"Gave Gold","floor":19.0,"gold_loss":75.0,"damage_taken":0.0},{"damage_healed":0.0,"max_hp_gain":0.0,"max_hp_loss":0.0,"gold_gain":0.0,"event_name":"Cursed Tome","player_choice":"Obtained Book","floor":20.0,"gold_loss":0.0,"damage_taken":16.0},{"damage_healed":0.0,"max_hp_gain":0.0,"max_hp_loss":0.0,"gold_gain":0.0,"event_name":"Back to Basics","player_choice":"Simplicity","floor":22.0,"gold_loss":0.0,"damage_taken":0.0,"cards_upgraded":["Strike_G","Strike_G","Strike_G","Defend_G","Defend_G","Defend_G","Defend_G","Defend_G"]},{"damage_healed":0.0,"max_hp_gain":0.0,"max_hp_loss":0.0,"gold_gain":275.0,"event_name":"Golden Shrine","player_choice":"Desecrate","floor":28.0,"gold_loss":0.0,"damage_taken":0.0,"cards_obtained":["Regret"]},{"damage_healed":0.0,"max_hp_gain":0.0,"max_hp_loss":0.0,"gold_gain":0.0,"event_name":"MindBloom","player_choice":"Fight","floor":36.0,"gold_loss":0.0,"damage_taken":0.0},{"damage_healed":0.0,"max_hp_gain":0.0,"max_hp_loss":0.0,"gold_gain":0.0,"event_name":"Tomb of Lord Red Mask","player_choice":"Ignored","floor":37.0,"gold_loss":0.0,"damage_taken":0.0},{"damage_healed":0.0,"max_hp_gain":0.0,"max_hp_loss":0.0,"gold_gain":0.0,"event_name":"Mysterious Sphere","player_choice":"Ignored","floor":46.0,"gold_loss":0.0,"damage_taken":0.0},{"damage_healed":0.0,"max_hp_gain":0.0,"max_hp_loss":0.0,"gold_gain":0.0,"event_name":"SensoryStone","player_choice":"Memory 1","floor":47.0,"gold_loss":0.0,"damage_taken":0.0},{"cards_removed":["Blade Dance"],"damage_healed":0.0,"max_hp_gain":0.0,"max_hp_loss":0.0,"gold_gain":0.0,"event_name":"Purifier","player_choice":"Purged","floor":48.0,"gold_loss":0.0,"damage_taken":0.0}],"is_beta":true,"boss_relics":[{"not_picked":["Busted Crown","Orrery"],"picked":"Philosopher\u0027s Stone"},{"not_picked":["Ring of the Serpent","HoveringKite"],"picked":"Calling Bell"}],"items_purged_floors":[21,31,38],"is_endless":false,"potions_floor_spawned":[1,5,10,11,18,25,41,44],"ascension_level":0}