{"gold_per_floor":[112,129,149,159,159,191,191,75,124,124,155,155,174,184,184,283,283,267,267,267,280,296,296,322,337,419,419,519,258,258,287,287,386,386,405,505,505,505,519,854,854,867,867,867,884,884,794,479,479,479],"floor_reached":51,"playtime":4769,"items_purged":["Strike_R+1"],"score":848,"play_id":"285f5ee5-1a0d-4f23-9792-562105c831a0","local_time":"20190217125147","is_ascension_mode":true,"campfire_choices":[{"data":"Armaments","floor":7.0,"key":"SMITH"},{"floor":12,"key":"REST"},{"data":"Demon Form","floor":15,"key":"SMITH"},{"data":"Limit Break","floor":23,"key":"SMITH"},{"floor":27,"key":"REST"},{"floor":30,"key":"REST"},{"floor":32,"key":"REST"},{"floor":41,"key":"REST"},{"floor":44,"key":"REST"},{"floor":46,"key":"REST"},{"floor":49,"key":"RECALL"}],"neow_cost":"NONE","seed_source_timestamp":0,"circlet_count":0,"master_deck":["Strike_R+1","Strike_R+1","Defend_R+1","Defend_R+1","Defend_R+1","Defend_R+1","Bash","Twin Strike","Armaments+1","Shrug It Off+1","Pommel Strike","Thunderclap","Demon Form+1","Warcry","Whirlwind","Disarm","Limit Break+1","Offering","Headbutt","Shrug It Off+1","Rampage+1","Combust+1","Corruption","Pommel Strike+1","Metallicize","Thinking Ahead","Infernal Blade+1","Double Tap","Headbutt+1","Seeing Red+1","Feel No Pain+1","Enlightenment"],"special_seed":0,"relics":["Burning Blood","Letter Opener","Regal Pillow","Happy Flower","Runic Cube","Ornamental Fan","Red Skull","Bottled Lightning","Calipers","Sundial","Shuriken","Fusion Hammer","WingedGreaves","Old Coin","Paper Frog"],"potions_floor_usage":[11,16,21,22,24,24,28,31,40,40,42,50,50],"damage_taken":[{"damage":9.0,"enemies":"2 Louse","floor":1.0,"turns":3.0},{"damage":9.0,"enemies":"Jaw Worm","floor":2.0,"turns":3.0},{"damage":0.0,"enemies":"Cultist","floor":3.0,"turns":4.0},{"damage":6.0,"enemies":"2 Fungi Beasts","floor":4.0,"turns":5.0},{"damage":28.0,"enemies":"3 Sentries","floor":6.0,"turns":11.0},{"damage":24,"enemies":"Gremlin Nob","floor":11,"turns":5},{"damage":6,"enemies":"Looter","floor":13,"turns":4},{"damage":8,"enemies":"Exordium Wildlife","floor":14,"turns":4},{"damage":13,"enemies":"Hexaghost","floor":16,"turns":6},{"damage":32,"enemies":"2 Thieves","floor":18,"turns":4},{"damage":5,"enemies":"3 Byrds","floor":21,"turns":4},{"damage":8,"enemies":"3 Cultists","floor":22,"turns":4},{"damage":27,"enemies":"Book of Stabbing","floor":24,"turns":6},{"damage":26,"enemies":"Snake Plant","floor":25,"turns":5},{"damage":25,"enemies":"Colosseum Slavers","floor":28,"turns":3},{"damage":18,"enemies":"Colosseum Nobs","floor":28,"turns":4},{"damage":37,"enemies":"Gremlin Leader","floor":31,"turns":7},{"damage":6,"enemies":"Champ","floor":33,"turns":6},{"damage":14,"enemies":"3 Shapes","floor":35,"turns":3},{"damage":28,"enemies":"Mind Bloom Boss Battle","floor":36,"turns":5},{"damage":6,"enemies":"Orb Walker","floor":39,"turns":3},{"damage":43,"enemies":"Reptomancer","floor":40,"turns":6},{"damage":46,"enemies":"Transient","floor":42,"turns":5},{"damage":39,"enemies":"Spire Growth","floor":45,"turns":4},{"damage":61,"enemies":"Awakened One","floor":50,"turns":9}],"seed_played":"-8529962098191548957","potions_obtained":[{"floor":3.0,"key":"SteroidPotion"},{"floor":6.0,"key":"AttackPotion"},{"floor":11,"key":"LiquidBronze"},{"floor":16,"key":"Fire Potion"},{"floor":18,"key":"SpeedPotion"},{"floor":21,"key":"Regen Potion"},{"floor":22,"key":"Strength Potion"},{"floor":25,"key":"Block Potion"},{"floor":33,"key":"Regen Potion"},{"floor":36,"key":"Explosive Potion"},{"floor":40,"key":"Dexterity Potion"}],"is_trial":false,"path_per_floor":["M","M","M","M","?","E","R","$","T","?","E","R","M","M","R","B",null,"M","?","T","M","M","R","E","M","T","R","?","$","R","E","R","B",null,"M","?","?","?","M","E","R","M","T","R","M","R","?","$","R","B",null],"character_chosen":"IRONCLAD","items_purchased":["Demon Form","Warcry","Metallicize","Thinking Ahead","FearPotion","SteroidPotion","SkillPotion","Enlightenment"],"campfire_rested":7,"item_purchase_floors":[8,8,29,29,48,48,48,48],"current_hp_per_floor":[85,82,88,88,81,59,59,59,59,41,23,64,64,62,62,55,88,62,62,62,63,61,61,45,25,25,66,35,35,76,45,86,86,88,80,58,58,58,58,33,73,33,33,73,40,80,80,80,80,25],"gold":479,"neow_bonus":"TEN_PERCENT_HP_BONUS","is_prod":false,"is_daily":false,"chose_seed":false,"campfire_upgraded":3,"win_rate":0,"timestamp":1550436707,"path_taken":["M","M","M","M","?","E","R","$","T","?","E","R","M","M","R","BOSS","M","?","?","M","?","R","E","M","T","R","?","$","R","E","R","BOSS","M","?","?","?","?","E","R","M","T","R","M","R","?","$","R","BOSS"],"build_version":"2019-01-23","purchased_purges":1,"victory":true,"max_hp_per_floor":[88,88,88,88,88,88,88,88,88,88,88,88,88,88,88,88,88,88,88,88,88,88,88,88,88,88,88,88,88,88,88,88,88,88,88,88,84,84,84,84,84,84,84,84,84,84,84,84,84,84],"card_choices":[{"not_picked":["Sword Boomerang","Battle Trance"],"picked":"Twin Strike","floor":1.0},{"not_picked":["Sword Boomerang","True Grit"],"picked":"Armaments","floor":2.0},{"not_picked":["Thunderclap","Sword Boomerang"],"picked":"Shrug It Off","floor":3.0},{"not_picked":["Rupture","Infernal Blade"],"picked":"Pommel Strike","floor":4.0},{"not_picked":["Power Through","Iron Wave"],"picked":"Thunderclap","floor":6.0},{"not_picked":["Iron Wave","Shrug It Off"],"picked":"Whirlwind","floor":11},{"not_picked":["Entrench","Twin Strike"],"picked":"Disarm","floor":13},{"not_picked":["Clash","Disarm"],"picked":"Limit Break","floor":14},{"not_picked":["Brutality","Bludgeon"],"picked":"Offering","floor":16},{"not_picked":["Pummel","Perfected Strike+1"],"picked":"Headbutt","floor":18},{"not_picked":["Iron Wave","Body Slam"],"picked":"Shrug It Off+1","floor":21},{"not_picked":["Second Wind","Armaments"],"picked":"Rampage+1","floor":22},{"not_picked":["Clash","Burning Pact"],"picked":"Combust+1","floor":24},{"not_picked":["Twin Strike","Flex+1"],"picked":"Corruption","floor":25},{"not_picked":["Twin Strike+1","True Grit"],"picked":"Pommel Strike+1","floor":28},{"not_picked":["Brutality","Hemokinesis"],"picked":"Infernal Blade+1","floor":31},{"not_picked":["Juggernaut","Demon Form"],"picked":"Double Tap","floor":33},{"not_picked":["Thunderclap+1","True Grit","Shrug It Off+1"],"picked":"SKIP","floor":35},{"not_picked":["Inflame","Warcry"],"picked":"Headbutt+1","floor":39},{"not_picked":["Dark Embrace","Shrug It Off+1"],"picked":"Seeing Red+1","floor":40},{"not_picked":["Twin Strike","Combust"],"picked":"Feel No Pain","floor":42},{"not_picked":["Armaments+1","Pommel Strike","Second Wind+1"],"picked":"SKIP","floor":45}],"player_experience":61272,"relics_obtained":[{"floor":6.0,"key":"Letter Opener"},{"floor":9.0,"key":"Regal Pillow"},{"floor":11,"key":"Happy Flower"},{"floor":20,"key":"Ornamental Fan"},{"floor":24,"key":"Red Skull"},{"floor":26,"key":"Bottled Lightning"},{"floor":28,"key":"Calipers"},{"floor":28,"key":"Sundial"},{"floor":31,"key":"Shuriken"},{"floor":36,"key":"WingedGreaves"},{"floor":40,"key":"Old Coin"},{"floor":43,"key":"Paper Frog"}],"event_choices":[{"cards_removed":["Strike_R"],"damage_healed":0.0,"max_hp_gain":0.0,"max_hp_loss":0.0,"gold_gain":0.0,"event_name":"Golden Wing","player_choice":"Card Removal","floor":5.0,"gold_loss":0.0,"damage_taken":7.0},{"damage_healed":0.0,"max_hp_gain":0.0,"max_hp_loss":0.0,"gold_gain":0.0,"event_name":"Shining Light","player_choice":"Entered Light","floor":10.0,"gold_loss":0.0,"damage_taken":18.0,"cards_upgraded":["Strike_R","Shrug It Off"]},{"damage_healed":0,"gold_gain":0,"player_choice":"Simplicity","damage_taken":0,"max_hp_gain":0,"max_hp_loss":0,"event_name":"Back to Basics","floor":19,"gold_loss":0,"cards_upgraded":["Strike_R","Strike_R","Strike_R","Defend_R","Defend_R","Defend_R","Defend_R"]},{"damage_healed":0,"gold_gain":0,"player_choice":"Fight","damage_taken":0,"max_hp_gain":0,"max_hp_loss":0,"event_name":"Colosseum","floor":28,"gold_loss":0},{"damage_healed":0,"gold_gain":0,"player_choice":"Fought Nobs","damage_taken":0,"max_hp_gain":0,"max_hp_loss":0,"event_name":"Colosseum","floor":28,"gold_loss":0},{"damage_healed":0,"gold_gain":0,"player_choice":"Fight","damage_taken":0,"max_hp_gain":0,"max_hp_loss":0,"event_name":"MindBloom","floor":36,"gold_loss":0},{"damage_healed":0,"gold_gain":0,"player_choice":"Max HP","damage_taken":0,"max_hp_gain":0,"max_hp_loss":4,"event_name":"Winding Halls","floor":37,"gold_loss":0},{"damage_healed":0,"gold_gain":0,"player_choice":"Ignored","damage_taken":0,"max_hp_gain":0,"max_hp_loss":0,"event_name":"SecretPortal","floor":38,"gold_loss":0},{"cards_removed":["Strike_R"],"damage_healed":0,"gold_gain":0,"player_choice":"Upgrade and Remove","damage_taken":0,"max_hp_gain":0,"max_hp_loss":0,"event_name":"Designer","floor":47,"gold_loss":90,"cards_upgraded":["Feel No Pain"]}],"is_beta":false,"boss_relics":[{"not_picked":["Cursed Key","Orrery"],"picked":"Runic Cube"},{"not_picked":["Velvet Choker","Astrolabe"],"picked":"Fusion Hammer"}],"items_purged_floors":[48],"is_endless":false,"potions_floor_spawned":[3,6,11,16,18,21,22,25,33,36,40],"ascension_level":2}