{"gold_per_floor":[17,17,17,34,34,34,62,73,126,126,152,169,186,186,186,286,286,300,314,264,264,14,14,40,580,632,632,102,112,126,153,153,258,258,272,282,4,14,26,60,60,74,74,74,74,88,123,135,135,135,135,135,60,91,91],"floor_reached":55,"playtime":8496,"items_purged":["Masterful Stab"],"score":891,"play_id":"4f52e1ce-dc64-4e00-980d-380372d07432","local_time":"20190717091122","is_ascension_mode":true,"campfire_choices":[{"data":"Wraith Form v2","floor":6.0,"key":"SMITH"},{"floor":10.0,"key":"REST"},{"data":"Crippling Poison","floor":15.0,"key":"SMITH"},{"data":"Backflip","floor":23.0,"key":"SMITH"},{"floor":27.0,"key":"REST"},{"floor":32.0,"key":"REST"},{"floor":41.0,"key":"RECALL"},{"data":"Burst","floor":45.0,"key":"SMITH"},{"data":"Backflip","floor":49.0,"key":"SMITH"},{"data":"Backflip","floor":52.0,"key":"SMITH"}],"neow_cost":"NO_GOLD","seed_source_timestamp":0,"circlet_count":0,"master_deck":["Survivor","Wraith Form v2+1","Deadly Poison","PiercingWail","Glass Knife","Deadly Poison","Crippling Poison+1","Corpse Explosion","Crippling Poison","Tactician","Burst+1","Caltrops","Storm of Steel","Well Laid Plans","PiercingWail","Calculated Gamble","Dagger Spray","Dodge and Roll","Deadly Poison+1","Backflip+1","Deflect","PiercingWail","Sadistic Nature","Backflip+1","Acrobatics","Deadly Poison+1","Doppelganger","PiercingWail+1","Dash","Backflip+1","Backstab","Deflect+1","Envenom"],"special_seed":0,"relics":["Ring of the Snake","Centennial Puzzle","Strawberry","Omamori","Bottled Lightning","Pandora\u0027s Box","Oddly Smooth Stone","Anchor","Vajra","Pen Nib","Frozen Eye","Mercury Hourglass","Busted Crown","TwistedFunnel","Ancient Tea Set","Kunai","Ninja Scroll"],"potions_floor_usage":[55],"damage_taken":[{"damage":0.0,"enemies":"Small Slimes","floor":1.0,"turns":4.0},{"damage":1.0,"enemies":"2 Louse","floor":4.0,"turns":2.0},{"damage":31.0,"enemies":"Lagavulin","floor":7.0,"turns":11.0},{"damage":1.0,"enemies":"Jaw Worm","floor":8.0,"turns":3.0},{"damage":8.0,"enemies":"Gremlin Nob","floor":11.0,"turns":3.0},{"damage":1.0,"enemies":"Red Slaver","floor":12.0,"turns":4.0},{"damage":1.0,"enemies":"3 Louse","floor":13.0,"turns":2.0},{"damage":29.0,"enemies":"The Guardian","floor":16.0,"turns":10.0},{"damage":2.0,"enemies":"Chosen","floor":18.0,"turns":5.0},{"damage":10.0,"enemies":"Shell Parasite","floor":19.0,"turns":6.0},{"damage":1.0,"enemies":"Book of Stabbing","floor":24.0,"turns":6.0},{"damage":0.0,"enemies":"Snake Plant","floor":29.0,"turns":5.0},{"damage":3.0,"enemies":"Shelled Parasite and Fungi","floor":30.0,"turns":6.0},{"damage":5.0,"enemies":"Slavers","floor":31.0,"turns":3.0},{"damage":51.0,"enemies":"Collector","floor":33.0,"turns":10.0},{"damage":0.0,"enemies":"3 Shapes","floor":35.0,"turns":3.0},{"damage":4.0,"enemies":"3 Darklings","floor":36.0,"turns":3.0},{"damage":0.0,"enemies":"4 Shapes","floor":38.0,"turns":3.0},{"damage":0.0,"enemies":"Jaw Worm Horde","floor":39.0,"turns":2.0},{"damage":23.0,"enemies":"Nemesis","floor":40.0,"turns":7.0},{"damage":0.0,"enemies":"Maw","floor":42.0,"turns":6.0},{"damage":0.0,"enemies":"3 Darklings","floor":46.0,"turns":3.0},{"damage":0.0,"enemies":"Reptomancer","floor":47.0,"turns":7.0},{"damage":0.0,"enemies":"Jaw Worm Horde","floor":48.0,"turns":2.0},{"damage":47.0,"enemies":"Awakened One","floor":50.0,"turns":19.0},{"damage":21.0,"enemies":"Shield and Spear","floor":54.0,"turns":5.0},{"damage":61,"enemies":"The Heart","floor":55,"turns":8}],"seed_played":"6427013420748101624","potions_obtained":[{"floor":7.0,"key":"PowerPotion"},{"floor":11.0,"key":"GamblersBrew"},{"floor":13.0,"key":"FearPotion"},{"floor":18.0,"key":"Ancient Potion"},{"floor":35.0,"key":"Weak Potion"},{"floor":36.0,"key":"Swift Potion"},{"floor":42.0,"key":"SkillPotion"},{"floor":54.0,"key":"SkillPotion"}],"is_trial":false,"path_per_floor":["?","?","$","M","?","?","?","M","?"],"character_chosen":"THE_SILENT","items_purchased":["Backflip","Deflect","Oddly Smooth Stone","PiercingWail","Sadistic Nature","Pen Nib","Frozen Eye","TwistedFunnel","Dash"],"campfire_rested":3,"item_purchase_floors":[20,22,22,22,28,28,28,37,37],"current_hp_per_floor":[70,70,58,57,57,57,33,32,32,55,47,46,45,50,50,21,82,80,70,70,70,70,70,69,13,13,37,37,37,34,29,53,2,82,82,78,78,78,78,55,55,55,55,55,55,55,55,55,55,8,82,82,82,61,0],"gold":91,"neow_bonus":"THREE_RARE_CARDS","is_prod":false,"is_daily":false,"chose_seed":false,"campfire_upgraded":6,"win_rate":0,"timestamp":1563347482,"path_taken":["M","?","?","M","?","R","E","?","T","R","E","M","M","?","R","BOSS","M","M","$","?","$","R","E","?","T","R","$","M","M","E","R","BOSS","M","M","$","?","M","E","R","M","T","?","R","M","E","M","R","BOSS","R","$","E","BOSS"],"build_version":"2019-01-23","purchased_purges":1,"victory":false,"max_hp_per_floor":[70,70,70,70,70,70,77,77,77,77,77,77,77,82,82,82,82,82,82,82,82,82,82,82,82,82,82,82,82,82,82,82,82,82,82,82,82,82,82,82,82,82,82,82,82,82,82,82,82,82,82,82,82,82,82],"card_choices":[{"not_picked":["Burst","Tools of the Trade"],"picked":"Wraith Form v2","floor":0.0},{"not_picked":["Slice","Acrobatics"],"picked":"Deadly Poison","floor":1.0},{"not_picked":["Poisoned Stab","Dodge and Roll"],"picked":"PiercingWail","floor":4.0},{"not_picked":["Heel Hook","Calculated Gamble"],"picked":"Glass Knife","floor":7.0},{"not_picked":["Skewer","Bane"],"picked":"Deadly Poison","floor":8.0},{"not_picked":["Slice","Tactician","Quick Slash"],"picked":"SKIP","floor":11.0},{"not_picked":["Slice","Dagger Spray"],"picked":"Crippling Poison","floor":12.0},{"not_picked":["Reflex","Deadly Poison","Underhanded Strike"],"picked":"SKIP","floor":13.0},{"not_picked":["Storm of Steel","Burst"],"picked":"Corpse Explosion","floor":16.0},{"not_picked":["Tactician+1","Reflex+1"],"picked":"Dodge and Roll","floor":18.0},{"not_picked":["Crippling Poison","Acrobatics"],"picked":"Deadly Poison+1","floor":19.0},{"not_picked":["Accuracy","Tactician","Prepared"],"picked":"SKIP","floor":24.0},{"not_picked":["Slice","Quick Slash"],"picked":"Backflip","floor":29.0},{"not_picked":["Heel Hook","Predator"],"picked":"Acrobatics","floor":30.0},{"not_picked":["Deflect","Sucker Punch"],"picked":"Deadly Poison+1","floor":31.0},{"not_picked":["Die Die Die","Unload"],"picked":"Doppelganger","floor":33.0},{"not_picked":["Deflect"],"picked":"SKIP","floor":35.0},{"not_picked":[],"picked":"PiercingWail+1","floor":36.0},{"not_picked":["Terror+1"],"picked":"SKIP","floor":38.0},{"not_picked":["Accuracy+1"],"picked":"SKIP","floor":39.0},{"not_picked":[],"picked":"Backflip","floor":40.0},{"not_picked":["Expertise+1"],"picked":"SKIP","floor":42.0},{"not_picked":["Dodge and Roll"],"picked":"SKIP","floor":46.0},{"not_picked":[],"picked":"Backstab","floor":47.0},{"not_picked":[],"picked":"Deflect+1","floor":48.0},{"not_picked":[],"picked":"Envenom","floor":54.0}],"player_experience":1029656,"relics_obtained":[{"floor":7.0,"key":"Strawberry"},{"floor":9.0,"key":"Omamori"},{"floor":11.0,"key":"Bottled Lightning"},{"floor":24.0,"key":"Anchor"},{"floor":26.0,"key":"Vajra"},{"floor":31.0,"key":"Mercury Hourglass"},{"floor":40.0,"key":"Ancient Tea Set"},{"floor":47.0,"key":"Kunai"},{"floor":54.0,"key":"Ninja Scroll"}],"event_choices":[{"damage_healed":0.0,"max_hp_gain":0.0,"max_hp_loss":0.0,"gold_gain":0.0,"event_name":"Liars Game","player_choice":"Ignored","floor":2.0,"gold_loss":0.0,"damage_taken":0.0},{"damage_healed":0.0,"max_hp_gain":0.0,"max_hp_loss":0.0,"gold_gain":0.0,"event_name":"Scrap Ooze","player_choice":"Success","floor":3.0,"gold_loss":0.0,"damage_taken":12.0,"relics_obtained":["Centennial Puzzle"]},{"damage_healed":0.0,"max_hp_gain":5.0,"max_hp_loss":0.0,"gold_gain":0.0,"event_name":"Big Fish","player_choice":"Donut","floor":14.0,"gold_loss":0.0,"damage_taken":0.0},{"damage_healed":0.0,"max_hp_gain":0.0,"max_hp_loss":0.0,"gold_gain":0.0,"event_name":"Beggar","player_choice":"Ignored","floor":21.0,"gold_loss":0.0,"damage_taken":0.0},{"damage_healed":0.0,"max_hp_gain":0.0,"max_hp_loss":0.0,"gold_gain":540.0,"event_name":"Knowing Skull","player_choice":"GOLD GOLD GOLD GOLD GOLD GOLD ","floor":25.0,"potions_obtained":[],"gold_loss":0.0,"damage_taken":56.0,"cards_obtained":[]},{"cards_removed":["Neutralize"],"damage_healed":0.0,"max_hp_gain":0.0,"max_hp_loss":0.0,"gold_gain":0.0,"event_name":"Falling","player_choice":"Removed Attack","floor":44.0,"gold_loss":0.0,"damage_taken":0.0}],"is_beta":false,"boss_relics":[{"not_picked":["Runic Pyramid","Sozu"],"picked":"Pandora\u0027s Box"},{"not_picked":["Coffee Dripper","Ring of the Serpent"],"picked":"Busted Crown"}],"items_purged_floors":[53],"is_endless":false,"potions_floor_spawned":[7,11,13,18,19,35,36,42,54],"killed_by":"The Heart","ascension_level":1}