{"gold_per_floor":[119,129,204,14,14,14,14,347,370,370,382,382,397,432,432,534,534,549,549,172,172,187,222,234,257,317,361,391,153,153,188,188,288,288,303,303,303,315,329,329,344,378,404,422,437,72,72,72,72,72,72,72,24,57,57],"floor_reached":55,"playtime":3750,"items_purged":["Shame"],"score":1029,"play_id":"3a2657f7-be25-4a95-8a37-b8f29b688a8e","local_time":"20190428131530","is_ascension_mode":true,"campfire_choices":[{"data":"Bash","floor":7.0,"key":"SMITH"},{"data":"Hemokinesis","floor":10.0,"key":"SMITH"},{"data":"Battle Trance","floor":12.0,"key":"SMITH"},{"floor":15.0,"key":"REST"},{"data":"Demon Form","floor":24.0,"key":"SMITH"},{"floor":32.0,"key":"REST"},{"data":"Limit Break","floor":40.0,"key":"SMITH"},{"floor":47.0,"key":"RECALL"},{"floor":49.0,"key":"REST"},{"floor":52.0,"key":"REST"}],"neow_cost":"NONE","seed_source_timestamp":0,"circlet_count":0,"master_deck":["Defend_R","Defend_R","Defend_R","Defend_R","Bash+1","Whirlwind+1","Hemokinesis+1","Battle Trance+1","Demon Form+1","Flex","Barricade","Pommel Strike+1","Bite","Bite","Bite","Bite","Bite","Feed","Whirlwind+1","Seeing Red","Body Slam","Anger+1","Uppercut","Iron Wave","Limit Break+1","Shrug It Off+1","Armaments+1","Battle Trance+1","Flame Barrier"],"special_seed":0,"relics":["Burning Blood","Chemical X","Old Coin","Potion Belt","Pen Nib","Mark of Pain","Vajra","Bag of Marbles","MawBank","Lantern","Omamori","Letter Opener","Orichalcum","Calling Bell","Strawberry","Singing Bowl","Mango","Bottled Flame","Bottled Lightning","Ornamental Fan"],"potions_floor_usage":[54,55,55],"damage_taken":[{"damage":11.0,"enemies":"Jaw Worm","floor":1.0,"turns":4.0},{"damage":11.0,"enemies":"Small Slimes","floor":2.0,"turns":3.0},{"damage":23.0,"enemies":"Lagavulin","floor":8.0,"turns":5.0},{"damage":0.0,"enemies":"Cultist","floor":11.0,"turns":2.0},{"damage":13.0,"enemies":"Blue Slaver","floor":13.0,"turns":2.0},{"damage":0.0,"enemies":"3 Sentries","floor":14.0,"turns":1.0},{"damage":17.0,"enemies":"The Guardian","floor":16.0,"turns":6.0},{"damage":34.0,"enemies":"2 Thieves","floor":18.0,"turns":3.0},{"damage":4.0,"enemies":"Chosen","floor":22.0,"turns":3.0},{"damage":13.0,"enemies":"Gremlin Leader","floor":23.0,"turns":4.0},{"damage":0.0,"enemies":"Snake Plant","floor":25.0,"turns":2.0},{"damage":0.0,"enemies":"Slavers","floor":27.0,"turns":1.0},{"damage":15.0,"enemies":"Snecko","floor":28.0,"turns":4.0},{"damage":15.0,"enemies":"Gremlin Leader","floor":31.0,"turns":5.0},{"damage":22.0,"enemies":"Champ","floor":33.0,"turns":6.0},{"damage":0.0,"enemies":"3 Darklings","floor":35.0,"turns":1.0},{"damage":17.0,"enemies":"3 Shapes","floor":38.0,"turns":5.0},{"damage":0.0,"enemies":"Jaw Worm Horde","floor":39.0,"turns":2.0},{"damage":0.0,"enemies":"3 Darklings","floor":41.0,"turns":1.0},{"damage":109.0,"enemies":"Nemesis","floor":42.0,"turns":9.0},{"damage":19.0,"enemies":"Maw","floor":44.0,"turns":6.0},{"damage":0.0,"enemies":"Sphere and 2 Shapes","floor":45.0,"turns":1.0},{"damage":63.0,"enemies":"Time Eater","floor":50.0,"turns":6.0},{"damage":51,"enemies":"Shield and Spear","floor":54,"turns":5},{"damage":96,"enemies":"The Heart","floor":55,"turns":3}],"seed_played":"7970540657101082757","potions_obtained":[{"floor":1.0,"key":"LiquidBronze"},{"floor":11.0,"key":"Weak Potion"},{"floor":14.0,"key":"Fire Potion"},{"floor":16.0,"key":"Poison Potion"},{"floor":18.0,"key":"Regen Potion"},{"floor":25.0,"key":"SteroidPotion"},{"floor":27.0,"key":"Energy Potion"},{"floor":33.0,"key":"PowerPotion"},{"floor":35.0,"key":"Energy Potion"},{"floor":42.0,"key":"LiquidBronze"},{"floor":54,"key":"Swift Potion"}],"is_trial":false,"path_per_floor":["M","M","?","$","?","?","R","E","T","R","M","R","M","E","R","B",null,"M","?","$","?","M","E","R","M","T","E","M","$","?","E","R","B",null,"M","?","?","M","M","R","M","E","T","M","M","$","R","?","R","B",null,"R","$","E","B"],"character_chosen":"IRONCLAD","items_purchased":["Chemical X","Vajra","Feed","Bag of Marbles","Letter Opener","Bottled Lightning","Energy Potion","Dexterity Potion"],"campfire_rested":4,"item_purchase_floors":[4,20,20,20,29,46,46,53],"current_hp_per_floor":[83,78,67,67,67,67,67,50,50,50,56,56,49,55,81,70,84,56,56,56,56,61,57,57,64,64,64,58,58,46,41,62,58,90,93,93,95,92,95,95,95,24,24,26,34,34,34,34,63,10,77,99,99,70,0],"gold":57,"neow_bonus":"TEN_PERCENT_HP_BONUS","is_prod":false,"is_daily":false,"chose_seed":false,"campfire_upgraded":5,"win_rate":0,"timestamp":1556482530,"path_taken":["M","M","?","$","?","?","R","E","T","R","M","R","M","E","R","BOSS","M","?","$","?","?","E","R","M","T","E","M","$","?","E","R","BOSS","M","?","?","?","M","R","M","E","T","M","M","$","R","?","R","BOSS","R","$","E","BOSS"],"build_version":"2019-01-23","purchased_purges":1,"victory":false,"max_hp_per_floor":[88,88,88,88,88,88,88,88,88,88,88,88,88,88,88,88,88,88,61,61,61,61,64,64,64,64,64,67,67,72,72,72,72,93,93,93,95,95,95,95,95,97,97,102,104,104,104,99,99,99,99,99,99,104,104],"card_choices":[{"not_picked":["Armaments","Thunderclap"],"picked":"Whirlwind","floor":1.0},{"not_picked":["Sword Boomerang","Havoc"],"picked":"Hemokinesis","floor":2.0},{"not_picked":["Corruption","Intimidate","Combust"],"picked":"SKIP","floor":8.0},{"not_picked":["Twin Strike","Seeing Red"],"picked":"Battle Trance","floor":11.0},{"not_picked":["Intimidate","Dropkick"],"picked":"Demon Form","floor":13.0},{"not_picked":["Iron Wave","Sword Boomerang"],"picked":"Flex","floor":14.0},{"not_picked":["Juggernaut","Dark Embrace"],"picked":"Barricade","floor":16.0},{"not_picked":["Clash","Havoc"],"picked":"Pommel Strike+1","floor":18.0},{"not_picked":["Cleave","Clash"],"picked":"Seeing Red","floor":22.0},{"not_picked":["Cleave","Rupture"],"picked":"Body Slam","floor":23.0},{"not_picked":["Sentinel","Havoc"],"picked":"Anger+1","floor":25.0},{"not_picked":["Reaper","Havoc"],"picked":"Uppercut","floor":27.0},{"not_picked":["Twin Strike","Inflame"],"picked":"Iron Wave","floor":28.0},{"not_picked":["Spot Weakness","Shockwave","Perfected Strike"],"picked":"SKIP","floor":31.0},{"not_picked":["Juggernaut","Double Tap"],"picked":"Limit Break","floor":33.0},{"not_picked":["Heavy Blade","Cleave"],"picked":"Shrug It Off+1","floor":35.0},{"not_picked":["Sadistic Nature","Panacea","Flash of Steel"],"picked":"Singing Bowl","floor":37.0},{"not_picked":["Body Slam","Heavy Blade+1"],"picked":"Armaments+1","floor":38.0},{"not_picked":["Sword Boomerang","Body Slam+1"],"picked":"Battle Trance+1","floor":39.0},{"not_picked":["Sever Soul+1","Cleave+1"],"picked":"Flame Barrier","floor":41.0},{"not_picked":["Pommel Strike+1","Demon Form","Flex"],"picked":"Singing Bowl","floor":42.0},{"not_picked":["Blood for Blood+1","Combust","True Grit"],"picked":"Singing Bowl","floor":44.0},{"not_picked":["Wild Strike+1","Heavy Blade","Flex"],"picked":"Singing Bowl","floor":45.0},{"not_picked":["Rupture","Twin Strike","Pommel Strike+1"],"picked":"Singing Bowl","floor":54}],"player_experience":110741,"relics_obtained":[{"floor":8.0,"key":"Old Coin"},{"floor":9.0,"key":"Potion Belt"},{"floor":14.0,"key":"Pen Nib"},{"floor":23.0,"key":"MawBank"},{"floor":26.0,"key":"Lantern"},{"floor":27.0,"key":"Omamori"},{"floor":31.0,"key":"Orichalcum"},{"floor":34.0,"key":"Strawberry"},{"floor":34.0,"key":"Singing Bowl"},{"floor":34.0,"key":"Mango"},{"floor":42.0,"key":"Bottled Flame"},{"floor":54,"key":"Ornamental Fan"}],"event_choices":[{"damage_healed":0.0,"max_hp_gain":0.0,"max_hp_loss":0.0,"gold_gain":75.0,"event_name":"World of Goop","player_choice":"Gather Gold","floor":3.0,"gold_loss":0.0,"damage_taken":11.0},{"damage_healed":0.0,"max_hp_gain":0.0,"max_hp_loss":0.0,"gold_gain":0.0,"event_name":"The Cleric","player_choice":"Leave","floor":5.0,"gold_loss":0.0,"damage_taken":0.0},{"damage_healed":0.0,"max_hp_gain":0.0,"max_hp_loss":0.0,"gold_gain":0.0,"event_name":"Living Wall","player_choice":"Grow","floor":6.0,"gold_loss":0.0,"damage_taken":0.0,"cards_upgraded":["Whirlwind"]},{"damage_healed":0.0,"max_hp_gain":0.0,"max_hp_loss":27.0,"gold_gain":0.0,"event_name":"Vampires","player_choice":"Became a vampire","floor":19.0,"gold_loss":0.0,"damage_taken":0.0,"cards_obtained":["Bite","Bite","Bite","Bite","Bite"]},{"damage_healed":0.0,"max_hp_gain":0.0,"max_hp_loss":0.0,"gold_gain":0.0,"event_name":"Duplicator","player_choice":"Copied","floor":21.0,"gold_loss":0.0,"damage_taken":0.0,"cards_obtained":["Whirlwind"]},{"damage_healed":0.0,"max_hp_gain":5.0,"max_hp_loss":0.0,"gold_gain":0.0,"event_name":"Forgotten Altar","player_choice":"Shed Blood","floor":30.0,"gold_loss":0.0,"damage_taken":17.0},{"damage_healed":0.0,"max_hp_gain":0.0,"max_hp_loss":0.0,"gold_gain":0.0,"event_name":"Tomb of Lord Red Mask","player_choice":"Ignored","floor":36.0,"gold_loss":0.0,"damage_taken":0.0},{"damage_healed":0.0,"max_hp_gain":0.0,"max_hp_loss":0.0,"gold_gain":0.0,"event_name":"SensoryStone","player_choice":"Memory 1","floor":37.0,"gold_loss":0.0,"damage_taken":0.0},{"damage_healed":0.0,"max_hp_gain":0.0,"max_hp_loss":5.0,"gold_gain":0.0,"event_name":"Winding Halls","player_choice":"Max HP","floor":48.0,"gold_loss":0.0,"damage_taken":0.0}],"is_beta":false,"boss_relics":[{"not_picked":["Black Blood","Pandora\u0027s Box"],"picked":"Mark of Pain"},{"not_picked":["Eternal Feather","Runic Dome"],"picked":"Calling Bell"}],"items_purged_floors":[46],"is_endless":false,"potions_floor_spawned":[1,11,14,16,18,25,27,33,35,42,54],"killed_by":"The Heart","ascension_level":5}