{"gold_per_floor":[118,193,11,31,31,31,62,77,77,77,93,125,143,160,160,258,258,268,280,32,51,63,63,81,81,81,106,125,125,25,35,35,133,133,150,161,215,227,71,71,71,71,71,71,97,108,108,124,124,124],"floor_reached":50,"playtime":3194,"items_purged":["Strike_R","Defend_R"],"score":531,"play_id":"6a532f10-2cd0-4fd5-8d1f-3f8a395b4d94","local_time":"20190723024435","is_ascension_mode":false,"campfire_choices":[{"data":"Transmutation","floor":6.0,"key":"SMITH"},{"data":"Armaments","floor":15.0,"key":"SMITH"},{"data":"Apotheosis","floor":25.0,"key":"SMITH"},{"data":"Offering","floor":29.0,"key":"SMITH"},{"data":"Seeing Red","floor":32.0,"key":"SMITH"},{"data":"Demon Form","floor":40.0,"key":"SMITH"},{"data":"Inflame","floor":42.0,"key":"SMITH"},{"data":"Bludgeon","floor":47.0,"key":"SMITH"},{"data":"Bash","floor":49.0,"key":"SMITH"}],"neow_cost":"NONE","seed_source_timestamp":671332844728,"circlet_count":0,"master_deck":["Defend_R","Defend_R","Defend_R","Bash+1","Havoc+1","Seeing Red+1","Transmutation+1","Sword Boomerang","Pummel","Inflame+1","Armaments+1","Bludgeon+1","Offering+1","Intimidate+1","Flex+1","Apotheosis+1","Armaments+1","Bite","Bite","Bite","Bite","Bite","Havoc","Demon Form+1","Inflame+1","Corruption+1","Infernal Blade+1","Uppercut+1"],"special_seed":0,"relics":["Burning Blood","Bottled Flame","Question Card","Incense Burner","Black Star","Ornamental Fan","Charon\u0027s Ashes","Ancient Tea Set","Busted Crown","Mango","Pen Nib","Turnip","Pear","Toxic Egg 2","Blood Vial"],"potions_floor_usage":[50,50,50],"damage_taken":[{"damage":1.0,"enemies":"Jaw Worm","floor":1.0,"turns":3.0},{"damage":0.0,"enemies":"Small Slimes","floor":4.0,"turns":5.0},{"damage":21.0,"enemies":"Lagavulin","floor":7.0,"turns":6.0},{"damage":0.0,"enemies":"2 Louse","floor":8.0,"turns":3.0},{"damage":5.0,"enemies":"Looter","floor":11.0,"turns":3.0},{"damage":32.0,"enemies":"Gremlin Nob","floor":12.0,"turns":4.0},{"damage":0.0,"enemies":"3 Louse","floor":13.0,"turns":3.0},{"damage":0.0,"enemies":"Blue Slaver","floor":14.0,"turns":1.0},{"damage":45.0,"enemies":"The Guardian","floor":16.0,"turns":8.0},{"damage":10.0,"enemies":"Chosen","floor":18.0,"turns":3.0},{"damage":26.0,"enemies":"Spheric Guardian","floor":19.0,"turns":6.0},{"damage":18.0,"enemies":"Cultist and Chosen","floor":21.0,"turns":6.0},{"damage":15.0,"enemies":"Snake Plant","floor":22.0,"turns":2.0},{"damage":5.0,"enemies":"Centurion and Healer","floor":24.0,"turns":3.0},{"damage":43.0,"enemies":"Gremlin Leader","floor":27.0,"turns":5.0},{"damage":10.0,"enemies":"3 Cultists","floor":28.0,"turns":4.0},{"damage":1.0,"enemies":"Snecko","floor":31.0,"turns":2.0},{"damage":65.0,"enemies":"Champ","floor":33.0,"turns":8.0},{"damage":11.0,"enemies":"3 Shapes","floor":35.0,"turns":4.0},{"damage":18.0,"enemies":"3 Darklings","floor":36.0,"turns":5.0},{"damage":58.0,"enemies":"2 Orb Walkers","floor":37.0,"turns":5.0},{"damage":8.0,"enemies":"Maw","floor":38.0,"turns":5.0},{"damage":9.0,"enemies":"Nemesis","floor":45.0,"turns":3.0},{"damage":17.0,"enemies":"Sphere and 2 Shapes","floor":46.0,"turns":4.0},{"damage":18.0,"enemies":"Writhing Mass","floor":48.0,"turns":3.0},{"damage":55,"enemies":"Donu and Deca","floor":50,"turns":6}],"seed_played":"-686149906931992873","potions_obtained":[{"floor":1.0,"key":"Regen Potion"},{"floor":11.0,"key":"Regen Potion"},{"floor":12.0,"key":"SteroidPotion"},{"floor":13.0,"key":"Weak Potion"},{"floor":19.0,"key":"Energy Potion"},{"floor":24.0,"key":"Block Potion"},{"floor":28.0,"key":"FearPotion"},{"floor":33.0,"key":"Ancient Potion"},{"floor":35.0,"key":"Fire Potion"},{"floor":36.0,"key":"EssenceOfSteel"},{"floor":45.0,"key":"Weak Potion"},{"floor":48.0,"key":"Energy Potion"}],"is_trial":false,"path_per_floor":["M","?","$","M","$","R","E","M","T","?","M","E","M","M","R","B",null,"M","M","$","M","M","?","M","R","T","E","M","R","$","M","R","B",null,"M","M","?","M","$","R","T","R","T","?","E","M","R","M","R","B"],"character_chosen":"IRONCLAD","items_purchased":["Transmutation","Apotheosis","Pen Nib"],"campfire_rested":0,"item_purchase_floors":[3,20,39],"current_hp_per_floor":[80,69,69,75,75,75,60,66,66,66,76,50,56,62,62,23,80,76,56,56,44,35,35,54,54,54,26,37,37,37,45,45,10,56,56,56,30,40,40,40,40,40,50,50,59,59,59,55,55,19],"gold":124,"neow_bonus":"THREE_CARDS","is_prod":false,"is_daily":false,"chose_seed":false,"campfire_upgraded":9,"win_rate":0,"timestamp":1563875075,"path_taken":["M","?","$","M","$","R","E","M","T","?","M","E","M","M","R","BOSS","M","M","$","M","M","?","M","R","T","E","M","R","$","M","R","BOSS","M","M","?","M","$","R","?","R","T","?","E","M","R","M","R","BOSS"],"build_version":"2019-07-18","purchased_purges":2,"victory":false,"max_hp_per_floor":[80,80,80,80,80,80,80,80,80,80,80,80,80,80,80,80,80,80,80,80,80,80,56,56,56,56,56,56,56,56,56,56,56,56,56,56,70,70,70,70,70,70,80,76,76,76,76,76,76,76],"card_choices":[{"not_picked":["Headbutt","Flex"],"picked":"Havoc","floor":0.0},{"not_picked":["Rupture","True Grit"],"picked":"Seeing Red","floor":1.0},{"not_picked":["Rupture","Dual Wield"],"picked":"Sword Boomerang","floor":4.0},{"not_picked":["Twin Strike","Havoc"],"picked":"Pummel","floor":7.0},{"not_picked":["Whirlwind","Pommel Strike"],"picked":"Inflame","floor":8.0},{"not_picked":["Bludgeon","Perfected Strike","Entrench"],"picked":"Armaments","floor":11.0},{"not_picked":["Armaments","True Grit","Dual Wield"],"picked":"Bludgeon","floor":12.0},{"not_picked":["Thunderclap","Fire Breathing","Sever Soul","Wild Strike"],"picked":"SKIP","floor":13.0},{"not_picked":["Corruption","Headbutt","Thunderclap","Searing Blow"],"picked":"SKIP","floor":14.0},{"not_picked":["Dark Embrace","Brutality","Reaper"],"picked":"Offering","floor":16.0},{"not_picked":["Armaments","Wild Strike","Sever Soul"],"picked":"Intimidate+1","floor":18.0},{"not_picked":["Perfected Strike+1","Feel No Pain","Uppercut"],"picked":"Flex+1","floor":19.0},{"not_picked":["Body Slam+1","Burning Pact","Thunderclap","Shrug It Off"],"picked":"SKIP","floor":21.0},{"not_picked":["Blood for Blood","Clothesline","Body Slam+1"],"picked":"Armaments+1","floor":22.0},{"not_picked":["Reckless Charge","Warcry","Burning Pact","Sever Soul"],"picked":"SKIP","floor":24.0},{"not_picked":["Clothesline","Flex","Rampage+1","Flame Barrier+1"],"picked":"SKIP","floor":27.0},{"not_picked":["Heavy Blade+1","Spot Weakness","Sword Boomerang+1"],"picked":"Havoc","floor":28.0},{"not_picked":["Sword Boomerang","Feel No Pain","Cleave","Anger"],"picked":"SKIP","floor":31.0},{"not_picked":["Dark Embrace","Berserk","Brutality"],"picked":"Demon Form","floor":33.0},{"not_picked":["Twin Strike"],"picked":"Inflame+1","floor":35.0},{"not_picked":["Carnage"],"picked":"Corruption+1","floor":36.0},{"not_picked":["Rage+1"],"picked":"Infernal Blade+1","floor":38.0},{"not_picked":["Warcry"],"picked":"Uppercut+1","floor":45.0},{"not_picked":["True Grit+1","Battle Trance+1"],"picked":"SKIP","floor":46.0},{"not_picked":["Juggernaut","Whirlwind+1"],"picked":"SKIP","floor":48.0}],"player_experience":1184701,"relics_obtained":[{"floor":7.0,"key":"Bottled Flame"},{"floor":9.0,"key":"Question Card"},{"floor":12.0,"key":"Incense Burner"},{"floor":26.0,"key":"Ornamental Fan"},{"floor":27.0,"key":"Charon\u0027s Ashes"},{"floor":27.0,"key":"Ancient Tea Set"},{"floor":37.0,"key":"Mango"},{"floor":41.0,"key":"Turnip"},{"floor":43.0,"key":"Pear"},{"floor":45.0,"key":"Toxic Egg 2"},{"floor":45.0,"key":"Blood Vial"}],"event_choices":[{"damage_healed":0.0,"max_hp_gain":0.0,"max_hp_loss":0.0,"gold_gain":75.0,"event_name":"World of Goop","player_choice":"Gather Gold","floor":2.0,"gold_loss":0.0,"damage_taken":11.0},{"damage_healed":0.0,"max_hp_gain":0.0,"max_hp_loss":0.0,"gold_gain":0.0,"event_name":"Living Wall","player_choice":"Grow","floor":10.0,"gold_loss":0.0,"damage_taken":0.0,"cards_upgraded":["Havoc"]},{"damage_healed":0.0,"max_hp_gain":0.0,"max_hp_loss":24.0,"gold_gain":0.0,"event_name":"Vampires","player_choice":"Became a vampire","floor":23.0,"gold_loss":0.0,"damage_taken":0.0,"cards_obtained":["Bite","Bite","Bite","Bite","Bite"]},{"damage_healed":0.0,"max_hp_gain":0.0,"max_hp_loss":0.0,"gold_gain":0.0,"event_name":"Mysterious Sphere","player_choice":"Fight","floor":37.0,"gold_loss":0.0,"damage_taken":0.0},{"damage_healed":0.0,"max_hp_gain":0.0,"max_hp_loss":4.0,"gold_gain":0.0,"event_name":"Winding Halls","player_choice":"Max HP","floor":44.0,"gold_loss":0.0,"damage_taken":0.0}],"is_beta":true,"boss_relics":[{"not_picked":["Runic Dome","Black Blood"],"picked":"Black Star"},{"not_picked":["Empty Cage","Tiny House"],"picked":"Busted Crown"}],"items_purged_floors":[20,30],"is_endless":false,"potions_floor_spawned":[1,11,12,13,19,21,24,28,33,35,36,45,48],"killed_by":"Donu and Deca","ascension_level":0}