{"gold_per_floor":[14,14,34,34,134,162,176,176,199,199,234,214,234,244,244,342,342,356,370,9,20,40,40,72,72,97,124,149,161,173,200,212,319,331,361,373,402,514,540,552,599,629,641,653,135,135,170,188,188,188,188,188,17,42,42],"floor_reached":56,"playtime":4892,"items_purged":["Strike_G","Grand Finale+1"],"score":1565,"play_id":"34868b91-f295-46e1-933a-115f01321737","local_time":"20190713194508","is_ascension_mode":true,"campfire_choices":[{"data":"Crippling Poison","floor":8,"key":"SMITH"},{"data":"Dodge and Roll","floor":10,"key":"SMITH"},{"floor":15,"key":"REST"},{"floor":23,"key":"REST"},{"data":"Footwork","floor":25,"key":"SMITH"},{"data":"Envenom","floor":30,"key":"SMITH"},{"floor":32,"key":"REST"},{"floor":40,"key":"RECALL"},{"data":"After Image","floor":49,"key":"SMITH"},{"data":"Adrenaline","floor":52,"key":"SMITH"}],"neow_cost":"NO_GOLD","seed_source_timestamp":335665844583922,"circlet_count":0,"master_deck":["Defend_G","Defend_G","Defend_G","Defend_G","Defend_G","Survivor","Neutralize","Deadly Poison","Noxious Fumes+1","Dodge and Roll+1","Crippling Poison+1","Blur","Envenom+1","PiercingWail","PiercingWail","Footwork+1","PiercingWail","Glass Knife","Dodge and Roll+1","Adrenaline+1","After Image+1","Backflip+1","Venomology+1","After Image","Well Laid Plans","Poisoned Stab+1"],"relics":["Ring of the Snake","Peace Pipe","Boot","Art of War","Mercury Hourglass","Velvet Choker","Strange Spoon","Calipers","Happy Flower","MawBank","The Courier","Astrolabe","Du-Vu Doll","Oddly Smooth Stone","Regal Pillow","Toolbox","Lantern","PreservedInsect","Pear"],"potions_floor_usage":[6,16,35,37,38,39,41,42,50,54,54,55,55,55,55,55],"damage_taken":[{"damage":0,"enemies":"Jaw Worm","floor":1,"turns":5},{"damage":0,"enemies":"Cultist","floor":3,"turns":3},{"damage":17,"enemies":"3 Sentries","floor":6,"turns":6},{"damage":6,"enemies":"Small Slimes","floor":7,"turns":4},{"damage":15,"enemies":"Lagavulin","floor":11,"turns":6},{"damage":0,"enemies":"3 Louse","floor":13,"turns":2},{"damage":5,"enemies":"Gremlin Gang","floor":14,"turns":2},{"damage":46,"enemies":"Slime Boss","floor":16,"turns":9},{"damage":8,"enemies":"Chosen","floor":18,"turns":5},{"damage":5,"enemies":"Shell Parasite","floor":19,"turns":6},{"damage":5,"enemies":"3 Cultists","floor":21,"turns":6},{"damage":8,"enemies":"Centurion and Healer","floor":22,"turns":7},{"damage":10,"enemies":"Book of Stabbing","floor":24,"turns":6},{"damage":9,"enemies":"Slavers","floor":27,"turns":6},{"damage":0,"enemies":"Snecko","floor":28,"turns":5},{"damage":12,"enemies":"Sentry and Sphere","floor":31,"turns":6},{"damage":0,"enemies":"Automaton","floor":33,"turns":12},{"damage":0,"enemies":"3 Shapes","floor":35,"turns":4},{"damage":0,"enemies":"Orb Walker","floor":37,"turns":5},{"damage":0,"enemies":"Mind Bloom Boss Battle","floor":38,"turns":8},{"damage":0,"enemies":"4 Shapes","floor":39,"turns":5},{"damage":4,"enemies":"Reptomancer","floor":41,"turns":8},{"damage":0,"enemies":"Maw","floor":42,"turns":8},{"damage":0,"enemies":"Nemesis","floor":47,"turns":9},{"damage":0,"enemies":"Spire Growth","floor":48,"turns":9},{"damage":8,"enemies":"Awakened One","floor":50,"turns":21},{"damage":0,"enemies":"Shield and Spear","floor":54,"turns":9},{"damage":16,"enemies":"The Heart","floor":55,"turns":15}],"seed_played":"-978754567479123779","potions_obtained":[{"floor":1,"key":"Fire Potion"},{"floor":3,"key":"GhostInAJar"},{"floor":11,"key":"SteroidPotion"},{"floor":12,"key":"Weak Potion"},{"floor":19,"key":"SpeedPotion"},{"floor":35,"key":"Energy Potion"},{"floor":39,"key":"Ancient Potion"},{"floor":54,"key":"AttackPotion"}],"is_trial":false,"path_per_floor":["M","?","M","?","?","E","M","R","T","R","E","?","M","M","R","B",null,"M","M","$","M","M","R","E","R","T","E","M","T","R","M","R","B",null,"M","?","M","?","M","R","E","M","T","?","$","?","E","M","R","B",null,"R","$","E","B",null],"character_chosen":"THE_SILENT","items_purchased":["Footwork","Strange Spoon","PiercingWail","GhostInAJar","Regal Pillow","Toolbox","Lantern","After Image","Well Laid Plans"],"campfire_rested":3,"item_purchase_floors":[20,20,20,45,45,45,45,53,53],"current_hp_per_floor":[70,70,70,70,70,53,47,47,47,47,32,32,32,27,48,2,53,45,40,40,35,27,48,38,38,38,29,29,29,29,17,38,38,62,62,62,62,62,62,62,58,58,58,58,58,58,58,58,58,50,62,62,62,72,56],"gold":42,"neow_bonus":"ONE_RARE_RELIC","is_prod":false,"is_daily":false,"chose_seed":false,"campfire_upgraded":6,"win_rate":0,"timestamp":1563072308,"path_taken":["M","?","?","?","?","E","?","R","T","R","E","?","M","M","R","BOSS","M","M","$","M","?","R","E","R","T","E","M","?","R","M","R","BOSS","M","?","M","?","M","R","E","M","T","?","$","?","E","M","R","BOSS","R","$","E","BOSS"],"build_version":"2019-07-05","purchased_purges":2,"victory":true,"max_hp_per_floor":[70,70,70,70,70,70,70,70,70,70,70,70,70,70,70,70,70,70,70,70,70,70,70,70,70,70,70,70,70,70,70,70,70,70,70,70,70,70,70,70,70,70,70,70,70,66,66,66,66,66,66,66,66,76,76],"card_choices":[{"not_picked":["Predator","Flechettes"],"picked":"Deadly Poison","floor":1},{"not_picked":["Expertise","Sucker Punch"],"picked":"Noxious Fumes","floor":3},{"not_picked":["Blade Dance","Distraction"],"picked":"Dodge and Roll","floor":6},{"not_picked":["Dagger Spray","Quick Slash"],"picked":"Crippling Poison","floor":7},{"not_picked":["Finisher","Predator","Slice"],"picked":"SKIP","floor":11},{"not_picked":["Expertise","Setup"],"picked":"Blur","floor":13},{"not_picked":["Dagger Throw","Grand Finale"],"picked":"Quick Slash","floor":14},{"not_picked":["Night Terror","Unload"],"picked":"Envenom","floor":16},{"not_picked":["Choke","Finisher"],"picked":"PiercingWail","floor":18},{"not_picked":["Outmaneuver","Deflect"],"picked":"PiercingWail","floor":19},{"not_picked":["Flying Knee+1","Dagger Spray"],"picked":"Glass Knife","floor":21},{"not_picked":["Sucker Punch","PiercingWail","Endless Agony"],"picked":"SKIP","floor":22},{"not_picked":["Sucker Punch","Bane","Calculated Gamble+1"],"picked":"SKIP","floor":24},{"not_picked":["Terror","Deadly Poison"],"picked":"Dodge and Roll+1","floor":27},{"not_picked":["Cloak And Dagger","Quick Slash","Dodge and Roll"],"picked":"SKIP","floor":28},{"not_picked":["Backflip","Prepared"],"picked":"Adrenaline","floor":31},{"not_picked":["Unload","Night Terror"],"picked":"After Image","floor":33},{"not_picked":["Deflect+1","Concentrate+1","Eviscerate"],"picked":"SKIP","floor":35},{"not_picked":["Slice","Distraction+1","Flying Knee+1"],"picked":"SKIP","floor":37},{"not_picked":["Acrobatics+1","Cloak And Dagger","Sucker Punch+1"],"picked":"SKIP","floor":39},{"not_picked":["Tactician+1","Tools of the Trade","Predator+1"],"picked":"SKIP","floor":41},{"not_picked":["Expertise+1","Heel Hook+1","Eviscerate"],"picked":"SKIP","floor":42},{"not_picked":["Cloak And Dagger","Escape Plan","Choke"],"picked":"SKIP","floor":47},{"not_picked":["Finisher+1","Predator","Infinite Blades+1"],"picked":"SKIP","floor":48},{"not_picked":["Dash+1","Quick Slash+1"],"picked":"Poisoned Stab+1","floor":54}],"player_experience":161399,"relics_obtained":[{"floor":6,"key":"Boot"},{"floor":9,"key":"Art of War"},{"floor":11,"key":"Mercury Hourglass"},{"floor":24,"key":"Calipers"},{"floor":26,"key":"Happy Flower"},{"floor":27,"key":"MawBank"},{"floor":29,"key":"The Courier"},{"floor":38,"key":"Du-Vu Doll"},{"floor":41,"key":"Oddly Smooth Stone"},{"floor":47,"key":"PreservedInsect"},{"floor":54,"key":"Pear"}],"event_choices":[{"cards_removed":["Strike_G"],"damage_healed":0,"gold_gain":0,"player_choice":"Purged","damage_taken":0,"max_hp_gain":0,"max_hp_loss":0,"event_name":"Purifier","floor":2,"gold_loss":0},{"damage_healed":0,"gold_gain":0,"player_choice":"Grow","damage_taken":0,"max_hp_gain":0,"max_hp_loss":0,"event_name":"Living Wall","floor":4,"gold_loss":0,"cards_upgraded":["Noxious Fumes"]},{"damage_healed":0,"gold_gain":100,"player_choice":"Gold","damage_taken":0,"max_hp_gain":0,"max_hp_loss":0,"event_name":"Wheel of Change","floor":5,"gold_loss":0},{"damage_healed":0,"gold_gain":0,"player_choice":"Bought 1 Potion","damage_taken":0,"max_hp_gain":0,"max_hp_loss":0,"event_name":"The Woman in Blue","floor":12,"gold_loss":0},{"damage_healed":0,"gold_gain":0,"player_choice":"Ignored","damage_taken":0,"max_hp_gain":0,"max_hp_loss":0,"event_name":"Tomb of Lord Red Mask","floor":36,"gold_loss":0},{"damage_healed":0,"gold_gain":0,"player_choice":"Fight","damage_taken":0,"max_hp_gain":0,"max_hp_loss":0,"event_name":"MindBloom","floor":38,"gold_loss":0},{"cards_removed":["Quick Slash"],"damage_healed":0,"gold_gain":0,"player_choice":"Removed Attack","damage_taken":0,"max_hp_gain":0,"max_hp_loss":0,"event_name":"Falling","floor":44,"gold_loss":0},{"damage_healed":0,"gold_gain":0,"player_choice":"Max HP","damage_taken":0,"max_hp_gain":0,"max_hp_loss":4,"event_name":"Winding Halls","floor":46,"gold_loss":0}],"is_beta":false,"boss_relics":[{"not_picked":["Empty Cage","Fusion Hammer"],"picked":"Velvet Choker"},{"not_picked":["Runic Pyramid","White Beast Statue"],"picked":"Astrolabe"}],"items_purged_floors":[20,45],"is_endless":false,"potions_floor_spawned":[1,3,11,19,21,22,28,31,33,35,39,42,54],"ascension_level":5}