{"gold_per_floor":[210,13,30,30,47,81,81,156,183,183,196,226,8,8,8,109,109,128,128,128,142,65,65,93,93,93,103,122,132,132,132,132,236,236,256,63,163,163,182,182,209,209,288,322,322,355,355,406,406,406,406,406,99,134,134],"floor_reached":56,"playtime":4186,"items_purged":["Strike_G","Strike_G"],"score":1619,"play_id":"196a9f63-b132-4179-8f4c-16bfbb83575b","local_time":"20190708111126","is_ascension_mode":true,"campfire_choices":[{"floor":7.0,"key":"REST"},{"floor":10.0,"key":"REST"},{"data":"Apotheosis","floor":15.0,"key":"SMITH"},{"data":"After Image","floor":23.0,"key":"SMITH"},{"floor":25.0,"key":"RECALL"},{"data":"Acrobatics","floor":30.0,"key":"SMITH"},{"data":"Backflip","floor":32.0,"key":"SMITH"},{"data":"Caltrops","floor":40.0,"key":"SMITH"},{"floor":45.0,"key":"REST"},{"data":"The Bomb","floor":47.0,"key":"SMITH"},{"data":"Choke","floor":49.0,"key":"SMITH"},{"data":"Bouncing Flask","floor":52.0,"key":"SMITH"}],"neow_cost":"NONE","seed_source_timestamp":0,"circlet_count":0,"master_deck":["Defend_G","Defend_G","Defend_G","Defend_G","Defend_G","Strike_G","Survivor","Neutralize","Dodge and Roll","Skewer","Backflip+1","Poisoned Stab","PiercingWail","PiercingWail","Predator","Quick Slash","After Image+1","Apotheosis+1","Dagger Spray","Corpse Explosion","Backflip","Dash","Acrobatics+1","Bouncing Flask+1","Eviscerate","Bullet Time","Caltrops+1","Dash+1","The Bomb+1","Dark Shackles","Dark Shackles","Backflip+1","Caltrops+1","Riddle With Holes+1","Choke+1","Well Laid Plans","Noxious Fumes+1"],"special_seed":0,"relics":["Ring of the Snake","PreservedInsect","Dream Catcher","Strawberry","Snecko Eye","Centennial Puzzle","Kunai","MutagenicStrength","Philosopher\u0027s Stone","Bronze Scales","Ice Cream","FossilizedHelix","Vajra","Snake Skull","Mango","Dodecahedron"],"potions_floor_usage":[55,55,55],"damage_taken":[{"damage":0.0,"enemies":"Jaw Worm","floor":1.0,"turns":7.0},{"damage":0.0,"enemies":"Small Slimes","floor":3.0,"turns":4.0},{"damage":0.0,"enemies":"2 Louse","floor":5.0,"turns":4.0},{"damage":51.0,"enemies":"3 Sentries","floor":6.0,"turns":17.0},{"damage":2.0,"enemies":"Large Slime","floor":11.0,"turns":6.0},{"damage":6.0,"enemies":"Gremlin Nob","floor":12.0,"turns":3.0},{"damage":0.0,"enemies":"Slime Boss","floor":16.0,"turns":10.0},{"damage":1.0,"enemies":"Shell Parasite","floor":18.0,"turns":4.0},{"damage":11.0,"enemies":"Spheric Guardian","floor":21.0,"turns":5.0},{"damage":0.0,"enemies":"Book of Stabbing","floor":24.0,"turns":5.0},{"damage":0.0,"enemies":"Centurion and Healer","floor":27.0,"turns":5.0},{"damage":0.0,"enemies":"Snecko","floor":28.0,"turns":4.0},{"damage":0.0,"enemies":"Shelled Parasite and Fungi","floor":29.0,"turns":5.0},{"damage":7.0,"enemies":"Collector","floor":33.0,"turns":11.0},{"damage":0.0,"enemies":"Orb Walker","floor":35.0,"turns":2.0},{"damage":1.0,"enemies":"Mind Bloom Boss Battle","floor":37.0,"turns":3.0},{"damage":0.0,"enemies":"3 Darklings","floor":39.0,"turns":3.0},{"damage":0.0,"enemies":"Giant Head","floor":41.0,"turns":7.0},{"damage":0.0,"enemies":"Nemesis","floor":44.0,"turns":7.0},{"damage":1.0,"enemies":"Reptomancer","floor":46.0,"turns":4.0},{"damage":0.0,"enemies":"2 Orb Walkers","floor":48.0,"turns":2.0},{"damage":0.0,"enemies":"Awakened One","floor":50.0,"turns":10.0},{"damage":35.0,"enemies":"Shield and Spear","floor":54.0,"turns":4.0},{"damage":0,"enemies":"The Heart","floor":55,"turns":9}],"seed_played":"-1108011692203107259","potions_obtained":[{"floor":6.0,"key":"GamblersBrew"},{"floor":11.0,"key":"SteroidPotion"},{"floor":12.0,"key":"GhostInAJar"},{"floor":27.0,"key":"SteroidPotion"},{"floor":28.0,"key":"LiquidBronze"}],"is_trial":false,"path_per_floor":["?","?","?","?","?","M","?","?","?","?","?"],"character_chosen":"THE_SILENT","items_purchased":["Skewer","Backflip","Apotheosis","Dagger Spray","Dash","Caltrops","Bronze Scales","Well Laid Plans","GhostInAJar","Dexterity Potion"],"campfire_rested":3,"item_purchase_floors":[2,2,13,13,22,36,36,53,53,53],"current_hp_per_floor":[70,70,70,70,70,19,40,29,29,50,48,49,49,54,54,54,82,81,81,81,70,70,70,70,70,70,70,70,70,70,70,70,63,82,82,82,81,81,81,81,81,71,71,71,82,81,81,95,95,95,96,96,96,61,61],"gold":134,"neow_bonus":"HUNDRED_GOLD","is_prod":false,"is_daily":false,"chose_seed":false,"campfire_upgraded":8,"win_rate":0,"timestamp":1562577086,"path_taken":["M","$","M","?","M","E","R","?","T","R","M","E","$","?","R","BOSS","M","?","?","M","$","R","E","R","T","M","M","?","R","?","R","BOSS","M","$","?","?","M","R","E","?","T","E","R","E","R","?","R","BOSS","R","$","E","BOSS"],"build_version":"2019-01-23","purchased_purges":2,"victory":true,"max_hp_per_floor":[70,70,70,70,70,70,70,70,70,70,70,77,77,82,82,82,82,82,82,82,82,82,82,82,82,82,82,82,82,82,82,82,82,82,82,82,82,82,82,82,82,82,82,82,82,82,82,96,96,96,96,96,96,96,96],"card_choices":[{"not_picked":["Poisoned Stab","Catalyst"],"picked":"Dodge and Roll","floor":1.0},{"not_picked":["Dagger Throw","Prepared"],"picked":"Poisoned Stab","floor":3.0},{"not_picked":["Blur","Reflex"],"picked":"PiercingWail","floor":5.0},{"not_picked":["Acrobatics","Poisoned Stab"],"picked":"PiercingWail","floor":6.0},{"not_picked":["Concentrate","Prepared"],"picked":"Predator","floor":10.0},{"not_picked":["Expertise","Blade Dance"],"picked":"Quick Slash","floor":11.0},{"not_picked":["A Thousand Cuts","Outmaneuver"],"picked":"After Image","floor":12.0},{"not_picked":["Night Terror","Die Die Die"],"picked":"Corpse Explosion","floor":16.0},{"not_picked":["Blade Dance","PiercingWail"],"picked":"Backflip","floor":18.0},{"not_picked":["Setup","Reflex","Flying Knee"],"picked":"SKIP","floor":21.0},{"not_picked":["Cloak And Dagger+1","Heel Hook+1"],"picked":"Acrobatics","floor":24.0},{"not_picked":["Blur+1","Quick Slash"],"picked":"Bouncing Flask","floor":27.0},{"not_picked":["Poisoned Stab","Backflip+1"],"picked":"Eviscerate","floor":28.0},{"not_picked":["Bane","Flying Knee","Dagger Throw"],"picked":"SKIP","floor":29.0},{"not_picked":["Malaise","Tools of the Trade"],"picked":"Bullet Time","floor":33.0},{"not_picked":["Poisoned Stab","Flechettes"],"picked":"Choke+1","floor":35.0},{"not_picked":["Escape Plan","Masterful Stab+1"],"picked":"Dash+1","floor":37.0},{"not_picked":["Outmaneuver","Prepared","Quick Slash"],"picked":"SKIP","floor":39.0},{"not_picked":["Deadly Poison+1","Quick Slash","Expertise+1"],"picked":"SKIP","floor":41.0},{"not_picked":["Dark Shackles","Mind Blast"],"picked":"The Bomb","floor":42.0},{"not_picked":["Secret Technique","Madness"],"picked":"Dark Shackles","floor":42.0},{"not_picked":["HandOfGreed","Madness"],"picked":"Dark Shackles","floor":42.0},{"not_picked":["Bane+1","Flying Knee+1"],"picked":"Backflip+1","floor":44.0},{"not_picked":["Underhanded Strike+1","Bane"],"picked":"Caltrops+1","floor":45.0},{"not_picked":["Expertise","Dagger Spray+1"],"picked":"Riddle With Holes+1","floor":46.0},{"not_picked":["Deadly Poison+1","Calculated Gamble"],"picked":"Choke","floor":48.0},{"not_picked":["Quick Slash","Underhanded Strike+1"],"picked":"Noxious Fumes+1","floor":54.0}],"player_experience":977937,"relics_obtained":[{"floor":6.0,"key":"PreservedInsect"},{"floor":9.0,"key":"Dream Catcher"},{"floor":12.0,"key":"Strawberry"},{"floor":24.0,"key":"Centennial Puzzle"},{"floor":26.0,"key":"Kunai"},{"floor":37.0,"key":"Ice Cream"},{"floor":41.0,"key":"FossilizedHelix"},{"floor":44.0,"key":"Vajra"},{"floor":46.0,"key":"Snake Skull"},{"floor":48.0,"key":"Mango"},{"floor":54.0,"key":"Dodecahedron"}],"event_choices":[{"cards_removed":["Strike_G"],"damage_healed":0.0,"max_hp_gain":0.0,"max_hp_loss":0.0,"gold_gain":0.0,"event_name":"Living Wall","player_choice":"Forget","floor":4.0,"gold_loss":0.0,"damage_taken":0.0},{"damage_healed":0.0,"max_hp_gain":0.0,"max_hp_loss":0.0,"gold_gain":75.0,"event_name":"World of Goop","player_choice":"Gather Gold","floor":8.0,"gold_loss":0.0,"damage_taken":11.0},{"damage_healed":0.0,"max_hp_gain":5.0,"max_hp_loss":0.0,"gold_gain":0.0,"event_name":"Big Fish","player_choice":"Donut","floor":14.0,"gold_loss":0.0,"damage_taken":0.0},{"cards_removed":["Strike_G"],"damage_healed":0.0,"max_hp_gain":0.0,"max_hp_loss":0.0,"gold_gain":0.0,"event_name":"Back to Basics","player_choice":"Elegance","floor":19.0,"gold_loss":0.0,"damage_taken":0.0},{"damage_healed":0.0,"max_hp_gain":0.0,"max_hp_loss":0.0,"gold_gain":0.0,"event_name":"The Woman in Blue","player_choice":"Bought 0 Potions","floor":20.0,"gold_loss":0.0,"damage_taken":0.0},{"damage_healed":0.0,"max_hp_gain":0.0,"max_hp_loss":0.0,"gold_gain":0.0,"event_name":"Drug Dealer","player_choice":"Inject Mutagens","floor":31.0,"gold_loss":0.0,"damage_taken":0.0,"relics_obtained":["MutagenicStrength"]},{"damage_healed":0.0,"max_hp_gain":0.0,"max_hp_loss":0.0,"gold_gain":0.0,"event_name":"MindBloom","player_choice":"Fight","floor":37.0,"gold_loss":0.0,"damage_taken":0.0},{"cards_removed":["Choke"],"damage_healed":0.0,"max_hp_gain":0.0,"max_hp_loss":0.0,"gold_gain":0.0,"event_name":"Falling","player_choice":"Removed Attack","floor":38.0,"gold_loss":0.0,"damage_taken":0.0},{"damage_healed":0.0,"max_hp_gain":0.0,"max_hp_loss":0.0,"gold_gain":0.0,"event_name":"SensoryStone","player_choice":"Memory 3","floor":42.0,"gold_loss":0.0,"damage_taken":10.0},{"damage_healed":0.0,"max_hp_gain":0.0,"max_hp_loss":0.0,"gold_gain":0.0,"event_name":"Mysterious Sphere","player_choice":"Fight","floor":48.0,"gold_loss":0.0,"damage_taken":0.0}],"is_beta":false,"boss_relics":[{"not_picked":["Calling Bell","Empty Cage"],"picked":"Snecko Eye"},{"not_picked":["Tiny House","Orrery"],"picked":"Philosopher\u0027s Stone"}],"items_purged_floors":[2,53],"is_endless":false,"potions_floor_spawned":[6,11,12,27,28,33,37,41],"ascension_level":1}