{"gold_per_floor":[115,130,130,141,152,183,183,202,202,202,202,230,230,37,37,138,138,138,138,138,138,63,63,63,63,63,63,63,63,63,63,63,63,63,63,63,63,63,63,63,63,63,63,63,63,63,63,63,63,63],"floor_reached":50,"playtime":5888,"items_purged":["Strike_G"],"score":759,"play_id":"fe8489f9-507e-4708-aa86-f6a12794f67b","local_time":"20190625104124","is_ascension_mode":true,"campfire_choices":[{"data":"Neutralize","floor":7.0,"key":"SMITH"},{"data":"Noxious Fumes","floor":10.0,"key":"SMITH"},{"data":"Footwork","floor":13.0,"key":"SMITH"},{"data":"Deadly Poison","floor":15.0,"key":"SMITH"},{"data":"Night Terror","floor":23.0,"key":"SMITH"},{"data":"Adrenaline","floor":25.0,"key":"SMITH"},{"data":"Burst","floor":32.0,"key":"SMITH"},{"floor":40.0,"key":"RECALL"},{"data":"Acrobatics","floor":47.0,"key":"SMITH"},{"floor":49.0,"key":"REST"}],"neow_cost":"NONE","seed_source_timestamp":0,"circlet_count":0,"master_deck":["Defend_G","Defend_G","Defend_G","Defend_G+1","Defend_G","Strike_G","Strike_G","Survivor+1","Neutralize+1","Backstab","Dagger Throw","Footwork+1","Predator","Adrenaline+1","Noxious Fumes+1","Deadly Poison+1","PiercingWail","Burst+1","Night Terror+1","PiercingWail","Cloak And Dagger","Calculated Gamble","Prepared+1","Dagger Throw+1","Deadly Poison+1","Dash","PiercingWail","Bullet Time+1","Acrobatics+1","Cloak And Dagger+1","Normality","Dagger Throw","After Image+1","Acrobatics"],"special_seed":0,"relics":["Ring of the Snake","NeowsBlessing","War Paint","Meat on the Bone","Happy Flower","Ectoplasm","Unceasing Top","Boot","StoneCalendar","Frozen Egg 2","Cursed Key","Ninja Scroll","Gremlin Horn","Potion Belt"],"potions_floor_usage":[],"damage_taken":[{"damage":0.0,"enemies":"Small Slimes","floor":1.0,"turns":1.0},{"damage":0.0,"enemies":"Cultist","floor":2.0,"turns":1.0},{"damage":0.0,"enemies":"Jaw Worm","floor":4.0,"turns":1.0},{"damage":6.0,"enemies":"Lots of Slimes","floor":5.0,"turns":4.0},{"damage":16.0,"enemies":"Gremlin Nob","floor":6.0,"turns":4.0},{"damage":0.0,"enemies":"3 Louse","floor":8.0,"turns":2.0},{"damage":14.0,"enemies":"3 Sentries","floor":12.0,"turns":8.0},{"damage":0.0,"enemies":"Hexaghost","floor":16.0,"turns":9.0},{"damage":0.0,"enemies":"Chosen","floor":18.0,"turns":4.0},{"damage":20.0,"enemies":"Spheric Guardian","floor":20.0,"turns":8.0},{"damage":0.0,"enemies":"Cultist and Chosen","floor":21.0,"turns":8.0},{"damage":0.0,"enemies":"Gremlin Leader","floor":24.0,"turns":7.0},{"damage":0.0,"enemies":"Snake Plant","floor":27.0,"turns":4.0},{"damage":0.0,"enemies":"Book of Stabbing","floor":29.0,"turns":6.0},{"damage":5.0,"enemies":"Snecko","floor":30.0,"turns":5.0},{"damage":13.0,"enemies":"Slavers","floor":31.0,"turns":7.0},{"damage":33.0,"enemies":"Collector","floor":33.0,"turns":7.0},{"damage":7.0,"enemies":"Orb Walker","floor":35.0,"turns":4.0},{"damage":0.0,"enemies":"3 Shapes","floor":36.0,"turns":5.0},{"damage":0.0,"enemies":"Nemesis","floor":41.0,"turns":7.0},{"damage":43.0,"enemies":"Giant Head","floor":44.0,"turns":14.0},{"damage":15.0,"enemies":"Spire Growth","floor":45.0,"turns":5.0},{"damage":13.0,"enemies":"Nemesis","floor":46.0,"turns":7.0},{"damage":11.0,"enemies":"Writhing Mass","floor":48.0,"turns":6.0},{"damage":54,"enemies":"Time Eater","floor":50,"turns":6}],"seed_played":"-1602619171500162203","potions_obtained":[{"floor":4.0,"key":"Dexterity Potion"},{"floor":5.0,"key":"Weak Potion"},{"floor":11.0,"key":"LiquidBronze"},{"floor":33.0,"key":"SteroidPotion"},{"floor":36.0,"key":"Fire Potion"},{"floor":48.0,"key":"LiquidBronze"}],"is_trial":false,"path_per_floor":["?","M","?","$","?","?","?","$","?"],"character_chosen":"THE_SILENT","items_purchased":["PiercingWail","Burst"],"campfire_rested":1,"item_purchase_floors":[14,14],"current_hp_per_floor":[70,70,70,70,64,48,48,48,48,48,48,46,46,46,46,46,70,70,70,50,50,50,50,50,50,50,50,50,50,45,44,44,23,70,63,63,63,63,63,63,63,63,63,32,29,28,28,29,50,0],"gold":63,"neow_bonus":"THREE_ENEMY_KILL","is_prod":false,"is_daily":false,"chose_seed":false,"campfire_upgraded":8,"win_rate":0,"timestamp":1561452084,"path_taken":["M","M","?","M","M","E","R","?","T","R","?","E","R","$","R","BOSS","M","?","M","M","?","R","E","R","T","M","?","E","M","E","R","BOSS","M","M","?","?","?","R","E","$","T","E","M","E","R","M","R","BOSS"],"build_version":"2019-01-23","purchased_purges":1,"victory":false,"max_hp_per_floor":[70,70,70,70,70,70,70,70,70,70,70,70,70,70,70,70,70,70,70,70,70,70,70,70,70,70,70,70,70,70,70,70,70,70,70,70,70,70,70,70,70,70,70,70,70,70,70,70,70,70],"card_choices":[{"not_picked":["Deflect","Dagger Throw"],"picked":"Backstab","floor":1.0},{"not_picked":["Prepared","Quick Slash"],"picked":"Dagger Throw","floor":2.0},{"not_picked":["Outmaneuver","Underhanded Strike"],"picked":"Footwork","floor":4.0},{"not_picked":["Quick Slash","Escape Plan"],"picked":"Predator","floor":5.0},{"not_picked":["Dagger Spray","Dash"],"picked":"Adrenaline","floor":6.0},{"not_picked":["Dagger Throw","Blade Dance"],"picked":"Noxious Fumes","floor":8.0},{"not_picked":["Endless Agony","Infinite Blades"],"picked":"Deadly Poison","floor":12.0},{"not_picked":["Phantasmal Killer","Corpse Explosion"],"picked":"Night Terror","floor":16.0},{"not_picked":["Prepared","Predator"],"picked":"PiercingWail","floor":18.0},{"not_picked":["Deflect","Endless Agony+1"],"picked":"Cloak And Dagger","floor":20.0},{"not_picked":["Distraction+1","Bane"],"picked":"Calculated Gamble","floor":21.0},{"not_picked":["Underhanded Strike","Slice"],"picked":"Prepared+1","floor":24.0},{"not_picked":["Prepared","Poisoned Stab"],"picked":"Dagger Throw+1","floor":27.0},{"not_picked":["Blur","Quick Slash+1"],"picked":"Deadly Poison+1","floor":29.0},{"not_picked":["Skewer","Calculated Gamble"],"picked":"Dash","floor":30.0},{"not_picked":["Quick Slash","Sucker Punch"],"picked":"PiercingWail","floor":31.0},{"not_picked":["Grand Finale","Tools of the Trade+1"],"picked":"Bullet Time","floor":33.0},{"not_picked":["PiercingWail","Sucker Punch+1"],"picked":"Acrobatics","floor":35.0},{"not_picked":["Bane+1","Underhanded Strike+1"],"picked":"Cloak And Dagger+1","floor":36.0},{"not_picked":["Dagger Spray+1","Reflex+1","Storm of Steel"],"picked":"SKIP","floor":41.0},{"not_picked":["Blade Dance+1","Prepared"],"picked":"Dagger Throw","floor":44.0},{"not_picked":["Setup+1","Accuracy+1"],"picked":"After Image+1","floor":45.0},{"not_picked":["Tactician","Glass Knife","Infinite Blades+1"],"picked":"SKIP","floor":46.0},{"not_picked":["Escape Plan","Prepared"],"picked":"Acrobatics","floor":48.0}],"player_experience":884358,"relics_obtained":[{"floor":6.0,"key":"War Paint"},{"floor":9.0,"key":"Meat on the Bone"},{"floor":12.0,"key":"Happy Flower"},{"floor":24.0,"key":"Unceasing Top"},{"floor":26.0,"key":"Boot"},{"floor":29.0,"key":"StoneCalendar"},{"floor":31.0,"key":"Frozen Egg 2"},{"floor":41.0,"key":"Ninja Scroll"},{"floor":44.0,"key":"Gremlin Horn"},{"floor":46.0,"key":"Potion Belt"}],"event_choices":[{"cards_removed":["Strike_G"],"damage_healed":0.0,"max_hp_gain":0.0,"max_hp_loss":0.0,"gold_gain":0.0,"event_name":"Bonfire Elementals","player_choice":"Offered Basic","floor":3.0,"gold_loss":0.0,"damage_taken":0.0},{"damage_healed":0.0,"max_hp_gain":0.0,"max_hp_loss":0.0,"gold_gain":0.0,"event_name":"Lab","player_choice":"Got Potions","floor":11.0,"gold_loss":0.0,"damage_taken":0.0},{"cards_removed":["Strike_G"],"damage_healed":0.0,"max_hp_gain":0.0,"max_hp_loss":0.0,"gold_gain":0.0,"event_name":"Beggar","player_choice":"Gave Gold","floor":22.0,"gold_loss":75.0,"damage_taken":0.0},{"damage_healed":0.0,"max_hp_gain":0.0,"max_hp_loss":0.0,"gold_gain":0.0,"event_name":"Ghosts","player_choice":"Ignored","floor":28.0,"gold_loss":0.0,"damage_taken":0.0},{"damage_healed":0.0,"max_hp_gain":0.0,"max_hp_loss":0.0,"gold_gain":0.0,"event_name":"Accursed Blacksmith","player_choice":"Forge","floor":37.0,"gold_loss":0.0,"damage_taken":0.0,"cards_upgraded":["Bullet Time"]},{"damage_healed":0.0,"max_hp_gain":0.0,"max_hp_loss":0.0,"gold_gain":0.0,"event_name":"Mysterious Sphere","player_choice":"Ignored","floor":39.0,"gold_loss":0.0,"damage_taken":0.0}],"is_beta":false,"boss_relics":[{"not_picked":["Eternal Feather","White Beast Statue"],"picked":"Ectoplasm"},{"not_picked":["Lizard Tail","Busted Crown"],"picked":"Cursed Key"}],"items_purged_floors":[14],"is_endless":false,"potions_floor_spawned":[4,5,12,16,18,27,30,31,33,36,44,48],"killed_by":"Time Eater","ascension_level":1}