{"gold_per_floor":[217,392,51,62,72,102,102,119,192,192,211,229,229,263,263,358,358,370,370,382,412,412],"floor_reached":22,"playtime":1254,"items_purged":["Doubt"],"score":221,"play_id":"4c7dcf2f-2ec0-4b91-83b7-9624816b9072","local_time":"20190723041035","is_ascension_mode":false,"campfire_choices":[{"data":"Night Terror","floor":7.0,"key":"SMITH"},{"data":"Noxious Fumes","floor":13.0,"key":"SMITH"},{"floor":15.0,"key":"REST"}],"neow_cost":"NONE","seed_source_timestamp":8251157879166,"circlet_count":0,"master_deck":["Strike_G","Strike_G","Strike_G","Strike_G","Defend_G","Defend_G","Defend_G","Defend_G","Defend_G","Survivor","Neutralize","Backstab","Noxious Fumes+1","PiercingWail","Dash","Night Terror+1","Burst","Terror","Writhe"],"special_seed":0,"relics":["Ring of the Snake","MealTicket","StoneCalendar","Singing Bowl","Anchor","Cursed Key","Ginger","Red Mask"],"potions_floor_usage":[21,22],"damage_taken":[{"damage":0.0,"enemies":"2 Louse","floor":1.0,"turns":4.0},{"damage":0.0,"enemies":"Small Slimes","floor":4.0,"turns":3.0},{"damage":3.0,"enemies":"Jaw Worm","floor":5.0,"turns":4.0},{"damage":25.0,"enemies":"Lagavulin","floor":6.0,"turns":9.0},{"damage":1.0,"enemies":"Red Slaver","floor":8.0,"turns":3.0},{"damage":10.0,"enemies":"Lots of Slimes","floor":11.0,"turns":6.0},{"damage":1.0,"enemies":"Blue Slaver","floor":12.0,"turns":4.0},{"damage":13.0,"enemies":"3 Sentries","floor":14.0,"turns":6.0},{"damage":31.0,"enemies":"Hexaghost","floor":16.0,"turns":8.0},{"damage":11.0,"enemies":"Shell Parasite","floor":18.0,"turns":6.0},{"damage":29,"enemies":"Spheric Guardian","floor":20,"turns":7},{"damage":34,"enemies":"Masked Bandits","floor":21,"turns":5},{"damage":12,"enemies":"Cultist and Chosen","floor":22,"turns":4}],"seed_played":"6003743954753549300","potions_obtained":[{"floor":5.0,"key":"Fruit Juice"},{"floor":6.0,"key":"PowerPotion"},{"floor":8.0,"key":"LiquidBronze"},{"floor":12.0,"key":"Explosive Potion"},{"floor":16.0,"key":"Explosive Potion"},{"floor":21,"key":"Block Potion"}],"is_trial":false,"path_per_floor":["M","?","$","M","M","E","R","M","T","?","M","M","R","E","R","B",null,"M","T","M","?","M"],"character_chosen":"THE_SILENT","items_purchased":["MealTicket","Noxious Fumes"],"campfire_rested":1,"item_purchase_floors":[3,3],"current_hp_per_floor":[70,70,70,70,67,47,47,46,46,39,31,32,32,21,45,14,81,70,70,43,11,0],"gold":412,"neow_bonus":"HUNDRED_GOLD","is_prod":false,"is_daily":false,"chose_seed":false,"campfire_upgraded":2,"win_rate":0,"timestamp":1563880235,"path_taken":["M","?","$","M","M","E","R","M","T","?","?","M","R","E","R","BOSS","M","?","?","?","M"],"build_version":"2019-07-18","purchased_purges":1,"victory":false,"max_hp_per_floor":[70,70,70,70,70,75,75,75,75,75,77,79,79,81,81,81,81,81,81,83,85,85],"card_choices":[{"not_picked":["Prepared","Masterful Stab"],"picked":"Backstab","floor":1.0},{"not_picked":["Poisoned Stab","Blur"],"picked":"PiercingWail","floor":4.0},{"not_picked":["Slice","Deflect"],"picked":"Dash","floor":5.0},{"not_picked":["Choke","Deflect"],"picked":"Night Terror","floor":6.0},{"not_picked":["PiercingWail","Setup","Accuracy"],"picked":"SKIP","floor":8.0},{"not_picked":["Poisoned Stab","Dodge and Roll","Calculated Gamble"],"picked":"Singing Bowl","floor":11.0},{"not_picked":["Blade Dance","Bane","Masterful Stab"],"picked":"Singing Bowl","floor":12.0},{"not_picked":["Crippling Poison","Dash","Dagger Throw"],"picked":"Singing Bowl","floor":14.0},{"not_picked":["Venomology","Die Die Die"],"picked":"Burst","floor":16.0},{"not_picked":["Poisoned Stab","Cloak And Dagger"],"picked":"Terror","floor":18.0},{"not_picked":["Cloak And Dagger","Slice","Dagger Throw"],"picked":"Singing Bowl","floor":20},{"not_picked":["Backflip","Dagger Spray","Deadly Poison"],"picked":"Singing Bowl","floor":21}],"player_experience":1190972,"relics_obtained":[{"floor":6.0,"key":"StoneCalendar"},{"floor":9.0,"key":"Singing Bowl"},{"floor":14.0,"key":"Anchor"},{"floor":19.0,"key":"Ginger"},{"floor":21,"key":"Red Mask"}],"event_choices":[{"damage_healed":0.0,"max_hp_gain":0.0,"max_hp_loss":0.0,"gold_gain":175.0,"event_name":"Liars Game","player_choice":"AGREE","floor":2.0,"gold_loss":0.0,"damage_taken":0.0,"cards_obtained":["Doubt"]},{"cards_removed":["Strike_G"],"damage_healed":0.0,"max_hp_gain":0.0,"max_hp_loss":0.0,"gold_gain":0.0,"event_name":"Golden Wing","player_choice":"Card Removal","floor":10.0,"gold_loss":0.0,"damage_taken":7.0},{"damage_healed":0,"gold_gain":0,"player_choice":"Fought Bandits","damage_taken":0,"max_hp_gain":0,"max_hp_loss":0,"event_name":"Masked Bandits","floor":21,"gold_loss":0}],"is_beta":true,"boss_relics":[{"not_picked":["Snecko Eye","Black Star"],"picked":"Cursed Key"}],"items_purged_floors":[3],"is_endless":false,"potions_floor_spawned":[5,6,8,12,16,21],"killed_by":"Cultist and Chosen","ascension_level":0}