{"gold_per_floor":[115,134,209,384,400,400,413,442,442,455,480,498,515,530,530,634,634,653,653,666,682,696,696,715,715,715,727,727,757,757,757,757,854,854,872,872,486,504,516,516,548,548,599,613,613,613,70,70,70,70],"floor_reached":50,"playtime":4931,"items_purged":["Doubt"],"score":556,"play_id":"3b6e5701-4fdf-432c-a601-606929412ad8","local_time":"20190325112731","is_ascension_mode":true,"campfire_choices":[{"data":"Loop","floor":6.0,"key":"SMITH"},{"data":"White Noise","floor":15.0,"key":"SMITH"},{"data":"Zap","floor":23.0,"key":"SMITH"},{"data":"Self Repair","floor":25.0,"key":"SMITH"},{"data":"Dualcast","floor":28.0,"key":"SMITH"},{"data":"Defragment","floor":30.0,"key":"SMITH"},{"data":"Storm","floor":32.0,"key":"SMITH"},{"data":"Creative AI","floor":40.0,"key":"SMITH"},{"data":"Amplify","floor":42.0,"key":"SMITH"},{"data":"Madness","floor":45,"key":"SMITH"},{"data":"Madness","floor":46,"key":"SMITH"},{"data":"Multi-Cast","floor":49,"key":"SMITH"}],"neow_cost":"TEN_PERCENT_HP_LOSS","seed_source_timestamp":2460038002362,"circlet_count":0,"master_deck":["Zap+1","Dualcast+1","Loop+1","Self Repair+1","FTL","Ball Lightning","FTL","Beam Cell","Doom and Gloom","Chill","White Noise+1","Go for the Eyes","Echo Form","Storm+1","Conserve Battery","Cold Snap+1","Conserve Battery","Reinforced Body","Go for the Eyes+1","Defragment+1","Writhe","Amplify+1","Echo Form","Doom and Gloom","Creative AI+1","Aggregate","Aggregate","Multi-Cast+1","Consume","Madness+1","Madness+1","Steam Power+1","Glacier+1","Darkness+1","Parasite","Turbo+1","Redo+1"],"special_seed":0,"relics":["Cracked Core","Bird Faced Urn","Potion Belt","DataDisk","Letter Opener","Inserter","Calipers","WingedGreaves","Happy Flower","Pandora\u0027s Box","Toxic Egg 2","The Courier","Pen Nib","Lee\u0027s Waffle","Boot","Incense Burner"],"potions_floor_usage":[50,50],"damage_taken":[{"damage":1.0,"enemies":"Cultist","floor":1.0,"turns":3.0},{"damage":3.0,"enemies":"Jaw Worm","floor":2.0,"turns":4.0},{"damage":6.0,"enemies":"Small Slimes","floor":5.0,"turns":5.0},{"damage":10.0,"enemies":"Looter","floor":7.0,"turns":4.0},{"damage":30.0,"enemies":"3 Sentries","floor":8.0,"turns":6.0},{"damage":9.0,"enemies":"Blue Slaver","floor":10.0,"turns":4.0},{"damage":13.0,"enemies":"Gremlin Nob","floor":11.0,"turns":3.0},{"damage":11.0,"enemies":"Exordium Wildlife","floor":12.0,"turns":4.0},{"damage":0.0,"enemies":"Lots of Slimes","floor":13.0,"turns":2.0},{"damage":5.0,"enemies":"3 Louse","floor":14.0,"turns":2.0},{"damage":49.0,"enemies":"The Guardian","floor":16.0,"turns":10.0},{"damage":20.0,"enemies":"3 Byrds","floor":18.0,"turns":4.0},{"damage":16.0,"enemies":"Spheric Guardian","floor":20.0,"turns":4.0},{"damage":27.0,"enemies":"Centurion and Healer","floor":21.0,"turns":7.0},{"damage":22.0,"enemies":"Snecko","floor":22.0,"turns":7.0},{"damage":6.0,"enemies":"Shelled Parasite and Fungi","floor":24.0,"turns":5.0},{"damage":5.0,"enemies":"Cultist and Chosen","floor":27.0,"turns":6.0},{"damage":2.0,"enemies":"Book of Stabbing","floor":29.0,"turns":5.0},{"damage":62.0,"enemies":"Collector","floor":33.0,"turns":7.0},{"damage":18.0,"enemies":"Orb Walker","floor":35.0,"turns":3.0},{"damage":31.0,"enemies":"3 Darklings","floor":38.0,"turns":4.0},{"damage":23.0,"enemies":"4 Shapes","floor":39.0,"turns":5.0},{"damage":3.0,"enemies":"Giant Head","floor":41.0,"turns":7.0},{"damage":31,"enemies":"Writhing Mass","floor":44,"turns":5},{"damage":84,"enemies":"Awakened One","floor":50,"turns":11}],"seed_played":"3411508528780680754","potions_obtained":[{"floor":5.0,"key":"AttackPotion"},{"floor":7.0,"key":"Weak Potion"},{"floor":8.0,"key":"SteroidPotion"},{"floor":11.0,"key":"EntropicBrew"},{"floor":14.0,"key":"Weak Potion"},{"floor":18.0,"key":"FocusPotion"},{"floor":21.0,"key":"Energy Potion"},{"floor":27.0,"key":"AttackPotion"},{"floor":29.0,"key":"SpeedPotion"},{"floor":35.0,"key":"GamblersBrew"},{"floor":38.0,"key":"SpeedPotion"}],"is_trial":false,"path_per_floor":["M","?","?","?","?","?","?"],"character_chosen":"DEFECT","items_purchased":["Toxic Egg 2","PowerPotion","Redo+1","Lee\u0027s Waffle","Boot","Incense Burner"],"campfire_rested":0,"item_purchase_floors":[37,37,47,47,47,47],"current_hp_per_floor":[67,65,54,54,59,59,60,41,41,43,41,41,50,47,47,11,68,52,52,42,25,27,27,47,47,47,52,52,68,68,68,68,28,68,66,57,57,48,68,68,68,68,68,57,57,57,75,75,75,0],"gold":70,"neow_bonus":"ONE_RARE_RELIC","is_prod":false,"is_daily":false,"chose_seed":false,"campfire_upgraded":12,"win_rate":0,"timestamp":1553509651,"path_taken":["M","?","?","?","M","R","M","E","T","M","E","M","M","M","R","BOSS","M","?","M","M","M","R","M","R","T","M","R","E","R","?","R","BOSS","M","?","$","M","M","R","E","R","T","M","R","R","$","?","R","BOSS"],"build_version":"2019-01-23","purchased_purges":1,"victory":false,"max_hp_per_floor":[68,68,68,68,68,68,68,68,68,68,68,68,68,68,68,68,68,68,68,68,68,68,68,68,68,68,68,68,68,68,68,68,68,68,68,68,68,68,68,68,68,68,68,68,68,68,75,75,75,75],"card_choices":[{"not_picked":["Ball Lightning","Turbo"],"picked":"Loop","floor":1.0},{"not_picked":["Sweeping Beam","Coolheaded"],"picked":"Self Repair","floor":2.0},{"not_picked":["Rebound","Reprogram"],"picked":"FTL","floor":5.0},{"not_picked":["Rebound","Stack"],"picked":"Ball Lightning","floor":7.0},{"not_picked":["Gash","Consume"],"picked":"FTL","floor":8.0},{"not_picked":["Stack","Redo"],"picked":"Beam Cell","floor":10.0},{"not_picked":["Meteor Strike","Recycle"],"picked":"Doom and Gloom","floor":11.0},{"not_picked":["Force Field","Lockon"],"picked":"Chill","floor":12.0},{"not_picked":["Go for the Eyes","Coolheaded"],"picked":"White Noise","floor":13.0},{"not_picked":["Redo","Chill"],"picked":"Go for the Eyes","floor":14.0},{"not_picked":["All For One","Fission"],"picked":"Echo Form","floor":16.0},{"not_picked":["Redo","Compile Driver+1"],"picked":"Storm","floor":18.0},{"not_picked":["Turbo","Stack"],"picked":"Conserve Battery","floor":20.0},{"not_picked":["Stack","Barrage+1"],"picked":"Cold Snap+1","floor":21.0},{"not_picked":["Static Discharge","Streamline"],"picked":"Conserve Battery","floor":22.0},{"not_picked":["Thunder Strike","FTL"],"picked":"Reinforced Body","floor":24.0},{"not_picked":["Turbo+1","Compile Driver"],"picked":"Go for the Eyes+1","floor":27.0},{"not_picked":["Barrage","Static Discharge+1"],"picked":"Defragment","floor":29.0},{"not_picked":["Seek","Rainbow"],"picked":"Amplify","floor":33.0},{"not_picked":["Redo","Leap","Lockon"],"picked":"SKIP","floor":35.0},{"not_picked":["Fusion+1","Sunder+1"],"picked":"Steam Power+1","floor":38.0},{"not_picked":["Gash+1","Capacitor"],"picked":"Glacier+1","floor":39.0},{"not_picked":["Ball Lightning+1","Beam Cell"],"picked":"Darkness+1","floor":41.0},{"not_picked":["Streamline","Undo+1"],"picked":"Turbo+1","floor":44}],"player_experience":240849,"relics_obtained":[{"floor":8.0,"key":"Potion Belt"},{"floor":9.0,"key":"DataDisk"},{"floor":11.0,"key":"Letter Opener"},{"floor":26.0,"key":"Calipers"},{"floor":29.0,"key":"WingedGreaves"},{"floor":41.0,"key":"The Courier"},{"floor":43.0,"key":"Pen Nib"}],"event_choices":[{"damage_healed":0.0,"max_hp_gain":0.0,"max_hp_loss":0.0,"gold_gain":75.0,"event_name":"World of Goop","player_choice":"Gather Gold","floor":3.0,"gold_loss":0.0,"damage_taken":11.0},{"damage_healed":0.0,"max_hp_gain":0.0,"max_hp_loss":0.0,"gold_gain":175.0,"event_name":"Liars Game","player_choice":"AGREE","floor":4.0,"gold_loss":0.0,"damage_taken":0.0,"cards_obtained":["Doubt"]},{"cards_removed":["Strike_B"],"damage_healed":0.0,"max_hp_gain":0.0,"max_hp_loss":0.0,"gold_gain":0.0,"event_name":"Back to Basics","player_choice":"Elegance","floor":19.0,"gold_loss":0.0,"damage_taken":0.0},{"damage_healed":0.0,"max_hp_gain":0.0,"max_hp_loss":0.0,"gold_gain":0.0,"event_name":"The Mausoleum","player_choice":"Opened","floor":31.0,"gold_loss":0.0,"damage_taken":0.0,"relics_obtained":["Happy Flower"],"cards_obtained":["Writhe"]},{"damage_healed":0.0,"max_hp_gain":0.0,"max_hp_loss":0.0,"gold_gain":0.0,"event_name":"Winding Halls","player_choice":"Embrace Madness","floor":36.0,"gold_loss":0.0,"damage_taken":9.0,"cards_obtained":["Madness","Madness"]},{"damage_healed":0,"gold_gain":0,"player_choice":"Ignored","damage_taken":0,"max_hp_gain":0,"max_hp_loss":0,"event_name":"NoteForYourself","floor":48,"gold_loss":0}],"is_beta":false,"boss_relics":[{"not_picked":["Runic Pyramid","Sozu"],"picked":"Inserter"},{"not_picked":["Tiny House","Snecko Eye"],"picked":"Pandora\u0027s Box"}],"items_purged_floors":[37],"is_endless":false,"potions_floor_spawned":[5,7,8,11,14,18,21,27,29,35,38,44],"killed_by":"Awakened One","ascension_level":1}