{"gold_per_floor":[113,129,54,121,132,132,162,162,162,178,192,223,235,263,263,361,361,378,398,411,422,64,64],"floor_reached":23,"playtime":1175,"items_purged":["Strike_R","Strike_R"],"score":265,"play_id":"eebcf938-2c56-4375-a11f-056997ecca02","local_time":"20190629003725","is_ascension_mode":false,"campfire_choices":[{"data":"Body Slam","floor":6,"key":"SMITH"},{"data":"Immolate","floor":8,"key":"SMITH"},{"floor":15,"key":"REST"}],"neow_cost":"NONE","seed_source_timestamp":0,"circlet_count":0,"master_deck":["Strike_R","Strike_R","Strike_R","Defend_R","Defend_R","Defend_R","Defend_R","Bash+1","Havoc","Body Slam+1","Immolate+1","Spot Weakness","Thunderclap","Demon Form","Dual Wield","Limit Break","Juggernaut","Havoc","Armaments+1","Shockwave+1","Bludgeon"],"special_seed":0,"relics":["Burning Blood","Ornamental Fan","Dodecahedron","Incense Burner","Dream Catcher","Eternal Feather","PrismaticShard"],"potions_floor_usage":[16,16,21,23],"damage_taken":[{"damage":6,"enemies":"Small Slimes","floor":1,"turns":4},{"damage":6,"enemies":"2 Louse","floor":2,"turns":3},{"damage":1,"enemies":"Jaw Worm","floor":5,"turns":3},{"damage":24,"enemies":"Gremlin Nob","floor":7,"turns":4},{"damage":10,"enemies":"Blue Slaver","floor":10,"turns":3},{"damage":9,"enemies":"Red Slaver","floor":11,"turns":2},{"damage":32,"enemies":"Lagavulin","floor":12,"turns":7},{"damage":6,"enemies":"2 Fungi Beasts","floor":13,"turns":2},{"damage":16,"enemies":"Gremlin Nob","floor":14,"turns":3},{"damage":6,"enemies":"Slime Boss","floor":16,"turns":4},{"damage":10,"enemies":"Chosen","floor":18,"turns":5},{"damage":34,"enemies":"3 Byrds","floor":19,"turns":5},{"damage":27,"enemies":"Cultist and Chosen","floor":20,"turns":6},{"damage":18,"enemies":"Centurion and Healer","floor":21,"turns":3},{"damage":36,"enemies":"Book of Stabbing","floor":23,"turns":5}],"seed_played":"-3418301179961801325","potions_obtained":[{"floor":2,"key":"LiquidBronze"},{"floor":11,"key":"Dexterity Potion"},{"floor":13,"key":"SkillPotion"},{"floor":14,"key":"Fire Potion"},{"floor":16,"key":"BloodPotion"},{"floor":18,"key":"SneckoOil"},{"floor":20,"key":"Energy Potion"}],"is_trial":false,"path_per_floor":["M","M","$","?","M","R","E","R","T","M","M","E","M","E","R","B",null,"M","M","M","M","$","E"],"character_chosen":"IRONCLAD","items_purchased":["PrismaticShard","Bludgeon"],"campfire_rested":1,"item_purchase_floors":[22,22],"current_hp_per_floor":[80,80,80,80,80,80,62,62,62,58,55,29,29,19,43,43,80,76,48,27,15,15,0],"gold":64,"neow_bonus":"UPGRADE_CARD","is_prod":false,"is_daily":false,"chose_seed":false,"campfire_upgraded":2,"win_rate":0,"timestamp":1561793845,"path_taken":["M","M","$","?","M","R","E","R","T","M","M","E","M","E","R","BOSS","M","M","M","M","$","E"],"build_version":"2019-06-28","purchased_purges":2,"victory":false,"max_hp_per_floor":[80,80,80,80,80,80,80,80,80,80,80,80,80,80,80,80,80,80,80,80,80,80,80],"card_choices":[{"not_picked":["Headbutt","Iron Wave"],"picked":"Havoc","floor":1},{"not_picked":["Feel No Pain","Clash"],"picked":"Body Slam","floor":2},{"not_picked":["Wild Strike","Hemokinesis","Second Wind"],"picked":"SKIP","floor":5},{"not_picked":["Sever Soul","Inflame"],"picked":"Immolate","floor":7},{"not_picked":["Havoc","Pommel Strike"],"picked":"Spot Weakness","floor":10},{"not_picked":["Twin Strike","Wild Strike"],"picked":"Thunderclap","floor":11},{"not_picked":["Entrench","Uppercut"],"picked":"Demon Form","floor":12},{"not_picked":["Flex","Metallicize","Fire Breathing"],"picked":"SKIP","floor":13},{"not_picked":["Clothesline","Clash"],"picked":"Dual Wield","floor":14},{"not_picked":["Thunderclap","True Grit"],"picked":"Limit Break","floor":15},{"not_picked":["Brutality","Impervious"],"picked":"Juggernaut","floor":16},{"not_picked":["Perfected Strike","Heavy Blade"],"picked":"Havoc","floor":18},{"not_picked":["Warcry","Shrug It Off"],"picked":"Armaments+1","floor":19},{"not_picked":["Burning Pact","Armaments","Hemokinesis+1"],"picked":"SKIP","floor":20},{"not_picked":["Perfected Strike","Flex"],"picked":"Shockwave+1","floor":21}],"player_experience":1073271,"relics_obtained":[{"floor":7,"key":"Ornamental Fan"},{"floor":9,"key":"Dodecahedron"},{"floor":12,"key":"Incense Burner"},{"floor":14,"key":"Dream Catcher"}],"event_choices":[{"damage_healed":0,"gold_gain":67,"player_choice":"Gained Gold","damage_taken":0,"max_hp_gain":0,"max_hp_loss":0,"event_name":"Golden Wing","floor":4,"gold_loss":0}],"is_beta":true,"boss_relics":[{"not_picked":["Velvet Choker","Busted Crown"],"picked":"Eternal Feather"}],"items_purged_floors":[3,22],"is_endless":false,"potions_floor_spawned":[2,11,13,14,16,18,19,20],"killed_by":"Book of Stabbing","ascension_level":0}