{"gold_per_floor":[109,109,119,133,147,147,160,160,160,160,160,171,183,183,183,287,287,297,309,57,70,70,70,80,80,133,58,8,8,27,27],"floor_reached":31,"playtime":2464,"items_purged":["Strike_B"],"score":254,"play_id":"7749b612-2c71-479e-9eff-002a42fe6fef","local_time":"20190228011539","is_ascension_mode":false,"campfire_choices":[{"floor":6,"key":"REST"},{"data":"Gash","floor":8,"key":"SMITH"},{"floor":15,"key":"REST"},{"floor":23,"key":"REST"},{"floor":25,"key":"REST"}],"neow_cost":"PERCENT_DAMAGE","seed_source_timestamp":49361541796466,"circlet_count":0,"master_deck":["Strike_B","Defend_B","Defend_B","Defend_B","Defend_B","Zap","Dualcast","Defragment","Gash","Gash+1","Redo","Beam Cell+1","Dark Shackles","Zap","Turbo","Echo Form","Gash+1","Loop+1","Gash+1"],"relics":["FrozenCore","Molten Egg 2","Sundial","Smiling Mask"],"potions_floor_usage":[16,16,21,24,24],"damage_taken":[{"damage":1,"enemies":"Cultist","floor":1,"turns":3},{"damage":1,"enemies":"2 Louse","floor":3,"turns":2},{"damage":1,"enemies":"Jaw Worm","floor":4,"turns":4},{"damage":9,"enemies":"3 Louse","floor":5,"turns":5},{"damage":1,"enemies":"Exordium Wildlife","floor":7,"turns":3},{"damage":8,"enemies":"2 Fungi Beasts","floor":12,"turns":4},{"damage":5,"enemies":"3 Louse","floor":13,"turns":4},{"damage":51,"enemies":"Hexaghost","floor":16,"turns":9},{"damage":20,"enemies":"3 Byrds","floor":18,"turns":7},{"damage":23,"enemies":"Spheric Guardian","floor":19,"turns":5},{"damage":14,"enemies":"Snake Plant","floor":21,"turns":6},{"damage":6,"enemies":"Centurion and Healer","floor":24,"turns":6},{"damage":73,"enemies":"Cultist and Chosen","floor":30,"turns":9},{"damage":7,"enemies":"Shelled Parasite and Fungi","floor":31,"turns":4}],"seed_played":"-1724967019108093882","potions_obtained":[{"floor":3,"key":"AttackPotion"},{"floor":7,"key":"Swift Potion"},{"floor":13,"key":"Explosive Potion"},{"floor":16,"key":"Dexterity Potion"},{"floor":21,"key":"Block Potion"}],"is_trial":false,"path_per_floor":["M","?","?","?","$","?","?","M"],"character_chosen":"DEFECT","items_purchased":["Sundial"],"campfire_rested":4,"item_purchase_floors":[20],"current_hp_per_floor":[67,67,66,65,56,82,81,81,81,74,74,66,61,61,87,36,89,69,46,46,32,32,58,52,78,78,78,78,78,5,0],"gold":27,"neow_bonus":"TWENTY_PERCENT_HP_BONUS","is_prod":false,"is_daily":false,"chose_seed":false,"campfire_upgraded":1,"win_rate":0.0,"timestamp":1551312939,"path_taken":["M","$","M","M","?","R","M","R","T","?","?","M","M","?","R","BOSS","M","M","$","M","?","R","M","R","T","?","$","?","?","M"],"build_version":"2019-01-23","purchased_purges":1,"victory":false,"max_hp_per_floor":[89,89,89,89,89,89,89,89,89,89,89,89,89,89,89,89,89,89,89,89,89,89,89,89,89,89,89,89,89,89,89],"card_choices":[{"not_picked":["Go for the Eyes","Steam","Chaos"],"picked":"SKIP","floor":1},{"not_picked":["Steam","Stack"],"picked":"Defragment","floor":3},{"not_picked":["Compile Driver","Storm"],"picked":"Gash","floor":4},{"not_picked":["Hologram","Coolheaded","Skim"],"picked":"SKIP","floor":5},{"not_picked":["Steam","Loop"],"picked":"Gash","floor":7},{"not_picked":["Cold Snap+1","Loop"],"picked":"Redo","floor":12},{"not_picked":["Coolheaded","Go for the Eyes+1"],"picked":"Beam Cell+1","floor":13},{"not_picked":["Fission","Biased Cognition"],"picked":"Echo Form","floor":16},{"not_picked":["Ball Lightning+1","Rebound+1"],"picked":"Gash+1","floor":18},{"not_picked":["Aggregate+1","Cold Snap+1","Consume"],"picked":"SKIP","floor":19},{"not_picked":["Hologram","Turbo"],"picked":"Loop+1","floor":21},{"not_picked":["Lockon+1","Rebound+1","Sweeping Beam+1"],"picked":"SKIP","floor":24},{"not_picked":["Rebound+1","Streamline+1"],"picked":"Gash+1","floor":30}],"player_experience":108782,"relics_obtained":[{"floor":9,"key":"Molten Egg 2"},{"floor":26,"key":"Smiling Mask"}],"event_choices":[{"cards_removed":["Strike_B"],"damage_healed":0,"gold_gain":0,"player_choice":"Card Removal","damage_taken":7,"max_hp_gain":0,"max_hp_loss":0,"event_name":"Golden Wing","floor":10,"gold_loss":0},{"damage_healed":0,"gold_gain":0,"player_choice":"Ignored","damage_taken":0,"max_hp_gain":0,"max_hp_loss":0,"event_name":"Liars Game","floor":11,"gold_loss":0},{"damage_healed":0,"gold_gain":0,"player_choice":"3 cards matched","damage_taken":0,"max_hp_gain":0,"max_hp_loss":0,"event_name":"Match and Keep!","floor":14,"gold_loss":0,"cards_obtained":["Dark Shackles","Zap","Turbo"]},{"damage_healed":0,"gold_gain":0,"player_choice":"3 cards matched","damage_taken":0,"max_hp_gain":0,"max_hp_loss":0,"event_name":"Match and Keep!","floor":14,"gold_loss":0,"cards_obtained":["Dark Shackles","Zap","Turbo"]},{"cards_removed":["Strike_B"],"damage_healed":0,"gold_gain":0,"player_choice":"Gave Gold","damage_taken":0,"max_hp_gain":0,"max_hp_loss":0,"event_name":"Beggar","floor":27,"gold_loss":75},{"damage_healed":0,"gold_gain":0,"player_choice":"Ignored","damage_taken":0,"max_hp_gain":0,"max_hp_loss":0,"event_name":"Vampires","floor":29,"gold_loss":0}],"is_beta":false,"boss_relics":[{"not_picked":["Astrolabe","Empty Cage"],"picked":"FrozenCore"}],"items_purged_floors":[28],"is_endless":false,"potions_floor_spawned":[3,7,13,16,21],"killed_by":"Shelled Parasite and Fungi","ascension_level":0}