{"gold_per_floor":[99,99,99,99,99,99,54,54,54,54,54,54,1,1,1,1,1,1,1,1,1,1,1,1],"floor_reached":24,"playtime":1000,"items_purged":[],"score":315,"play_id":"1cde0f5b-0299-4815-a5f4-15adf1916ed3","local_time":"20190520121234","is_ascension_mode":true,"campfire_choices":[{"data":"Defragment","floor":6,"key":"SMITH"},{"data":"Darkness","floor":15,"key":"SMITH"},{"data":"Sweeping Beam","floor":23,"key":"SMITH"}],"neow_cost":"NONE","seed_source_timestamp":14419381387558,"circlet_count":0,"master_deck":["Strike_B","Strike_B","Strike_B","Strike_B","Defend_B","Defend_B","Defend_B","Defend_B","Zap","Dualcast","Steam","Defragment+1","Glacier","Barrage","Darkness+1","Leap","Genetic Algorithm","Ball Lightning","Glacier","Core Surge","Sweeping Beam+1","Cold Snap","Undo","Ball Lightning","Meteor Strike","Cold Snap+1","Turbo","Steam+1"],"relics":["Ectoplasm","SsserpentHead","Pen Nib","Blue Candle","FossilizedHelix","Juzu Bracelet","Orrery"],"potions_floor_usage":[8,8,8,8,12,14],"damage_taken":[{"damage":1,"enemies":"Cultist","floor":1,"turns":3},{"damage":2,"enemies":"Small Slimes","floor":2,"turns":4},{"damage":8,"enemies":"2 Louse","floor":4,"turns":2},{"damage":1,"enemies":"Looter","floor":7,"turns":4},{"damage":13,"enemies":"Gremlin Nob","floor":8,"turns":4},{"damage":0,"enemies":"Blue Slaver","floor":10,"turns":3},{"damage":0,"enemies":"Lagavulin","floor":12,"turns":7},{"damage":4,"enemies":"Lots of Slimes","floor":14,"turns":5},{"damage":6,"enemies":"Hexaghost","floor":16,"turns":9},{"damage":0,"enemies":"Shell Parasite","floor":18,"turns":6},{"damage":0,"enemies":"Chosen","floor":20,"turns":4},{"damage":11,"enemies":"Sentry and Sphere","floor":21,"turns":8},{"damage":65,"enemies":"Gremlin Leader","floor":24,"turns":9}],"seed_played":"-6113949728434518744","potions_obtained":[{"floor":4,"key":"EntropicBrew"},{"floor":8,"key":"Swift Potion"},{"floor":10,"key":"AttackPotion"}],"is_trial":false,"path_per_floor":["?","M","$","?","?"],"character_chosen":"DEFECT","items_purchased":["Ball Lightning"],"campfire_rested":0,"item_purchase_floors":[13],"current_hp_per_floor":[67,65,65,57,57,57,56,43,43,43,36,36,36,32,32,26,63,63,63,63,52,52,52,0],"gold":1,"neow_bonus":"BOSS_RELIC","is_prod":false,"is_daily":false,"chose_seed":false,"campfire_upgraded":3,"win_rate":0,"timestamp":1558347154,"path_taken":["M","M","?","?","?","R","M","E","T","M","?","E","$","M","R","BOSS","M","?","M","M","$","R","E"],"build_version":"2019-01-23","purchased_purges":0,"victory":false,"max_hp_per_floor":[75,75,75,75,75,75,75,75,75,75,75,75,75,75,75,75,75,75,75,75,75,75,75,75],"card_choices":[{"not_picked":["Redo","Reprogram"],"picked":"Steam","floor":1},{"not_picked":["Sweeping Beam","Hello World"],"picked":"Defragment","floor":2},{"not_picked":["Rebound","Double Energy"],"picked":"Glacier","floor":4},{"not_picked":["Gash","Steam"],"picked":"Barrage","floor":7},{"not_picked":["Double Energy","Lockon"],"picked":"Darkness","floor":8},{"not_picked":["Barrage","Go for the Eyes"],"picked":"Leap","floor":10},{"not_picked":["Leap","Consume"],"picked":"Genetic Algorithm","floor":12},{"not_picked":["Leap","Coolheaded"],"picked":"Glacier","floor":14},{"not_picked":["Buffer","Rainbow"],"picked":"Core Surge","floor":16},{"not_picked":["Steam","Streamline"],"picked":"Sweeping Beam","floor":17},{"not_picked":["Hologram","Leap"],"picked":"Cold Snap","floor":17},{"not_picked":["Sunder","Reinforced Body"],"picked":"Undo","floor":17},{"not_picked":["Storm","Genetic Algorithm"],"picked":"Ball Lightning","floor":17},{"not_picked":["Sweeping Beam","Conserve Battery"],"picked":"Meteor Strike","floor":17},{"not_picked":["Barrage","Reprogram"],"picked":"Cold Snap+1","floor":18},{"not_picked":["Chaos","Recycle"],"picked":"Turbo","floor":20},{"not_picked":["Redo","Rip and Tear+1"],"picked":"Steam+1","floor":21}],"player_experience":652643,"relics_obtained":[{"floor":8,"key":"Pen Nib"},{"floor":9,"key":"Blue Candle"},{"floor":12,"key":"Juzu Bracelet"}],"event_choices":[{"damage_healed":0,"gold_gain":0,"player_choice":"Trade","damage_taken":0,"relics_obtained":["SsserpentHead"],"max_hp_gain":0,"max_hp_loss":0,"event_name":"FaceTrader","floor":3,"gold_loss":0},{"damage_healed":0,"gold_gain":0,"player_choice":"Success","damage_taken":7,"relics_obtained":["FossilizedHelix"],"max_hp_gain":0,"max_hp_loss":0,"event_name":"Scrap Ooze","floor":11,"gold_loss":0},{"damage_healed":0,"gold_gain":100,"player_choice":"Pray","damage_taken":0,"max_hp_gain":0,"max_hp_loss":0,"event_name":"Golden Shrine","floor":19,"gold_loss":0}],"is_beta":false,"boss_relics":[{"not_picked":["Fusion Hammer","Eternal Feather"],"picked":"Orrery"}],"items_purged_floors":[],"is_endless":false,"potions_floor_spawned":[4,8,10],"killed_by":"Gremlin Leader","ascension_level":7}