{"gold_per_floor":[115,13,31,47,122,142,142,171,183,230,242,254,282,309,321,429,441,453],"floor_reached":18,"playtime":815,"items_purged":[],"score":241,"play_id":"fbe47e3c-7d0d-4127-a03c-7dd8498ec2d8","local_time":"20190419134252","is_ascension_mode":true,"campfire_choices":[{"data":"Neutralize","floor":7.0,"key":"SMITH"},{"data":"Wraith Form v2","floor":12.0,"key":"SMITH"},{"floor":15.0,"key":"REST"}],"neow_cost":"NONE","seed_source_timestamp":0,"circlet_count":0,"master_deck":["Defend_G","Defend_G","Defend_G","Defend_G","Defend_G","Strike_G","Strike_G","Strike_G","Strike_G","Strike_G","Survivor","Neutralize+1","Deadly Poison","Footwork","Sucker Punch","Caltrops","Footwork","Wraith Form v2+1","Dodge and Roll","All Out Attack","Dagger Throw","Deflect","Venomology"],"special_seed":0,"relics":["Ring of the Snake","PreservedInsect","MawBank","Paper Crane","Ginger","HoveringKite"],"potions_floor_usage":[],"damage_taken":[{"damage":1.0,"enemies":"Small Slimes","floor":1.0,"turns":4.0},{"damage":0.0,"enemies":"2 Louse","floor":3.0,"turns":4.0},{"damage":0.0,"enemies":"Cultist","floor":4.0,"turns":4.0},{"damage":0.0,"enemies":"Blue Slaver","floor":6.0,"turns":6.0},{"damage":13.0,"enemies":"Lagavulin","floor":8.0,"turns":7.0},{"damage":6.0,"enemies":"Gremlin Nob","floor":10.0,"turns":6.0},{"damage":2.0,"enemies":"Large Slime","floor":13.0,"turns":6.0},{"damage":2.0,"enemies":"Exordium Wildlife","floor":14.0,"turns":4.0},{"damage":29.0,"enemies":"Hexaghost","floor":16.0,"turns":11.0},{"damage":6,"enemies":"Shell Parasite","floor":18,"turns":4}],"seed_played":"1918549788719672807","potions_obtained":[{"floor":4.0,"key":"Energy Potion"},{"floor":6.0,"key":"SteroidPotion"},{"floor":14.0,"key":"Strength Potion"}],"is_trial":false,"path_per_floor":["?","?","M"],"character_chosen":"THE_SILENT","items_purchased":["Footwork","Sucker Punch"],"campfire_rested":1,"item_purchase_floors":[2,2],"current_hp_per_floor":[62,62,62,62,51,51,51,38,38,32,32,32,30,28,49,20,58,52],"gold":453,"neow_bonus":"RANDOM_COMMON_RELIC","is_prod":false,"is_daily":false,"chose_seed":false,"campfire_upgraded":2,"win_rate":0,"timestamp":1555674172,"path_taken":["M","$","M","M","?","M","R","E","T","E","?","R","?","M","R","BOSS","M"],"build_version":"2019-01-23","purchased_purges":0,"victory":false,"max_hp_per_floor":[70,70,70,70,70,70,70,70,70,70,70,70,70,70,70,70,70,70],"card_choices":[{"not_picked":["Eviscerate","Setup"],"picked":"Deadly Poison","floor":1.0},{"not_picked":["Masterful Stab","Finisher","Acrobatics"],"picked":"SKIP","floor":3.0},{"not_picked":["Outmaneuver","Bouncing Flask"],"picked":"Caltrops","floor":4.0},{"not_picked":["Tactician","Dodge and Roll"],"picked":"Footwork","floor":6.0},{"not_picked":["Concentrate","Setup"],"picked":"Wraith Form v2","floor":8.0},{"not_picked":["Doppelganger","Flying Knee"],"picked":"Dodge and Roll","floor":10.0},{"not_picked":["Bane","Dagger Spray"],"picked":"Dagger Throw","floor":13.0},{"not_picked":["Flying Knee","Choke"],"picked":"Deflect","floor":14.0},{"not_picked":["Tools of the Trade","Burst"],"picked":"Venomology","floor":16.0}],"player_experience":498121,"relics_obtained":[{"floor":8.0,"key":"MawBank"},{"floor":9.0,"key":"Paper Crane"},{"floor":10.0,"key":"Ginger"}],"event_choices":[{"damage_healed":0.0,"max_hp_gain":0.0,"max_hp_loss":0.0,"gold_gain":75.0,"event_name":"World of Goop","player_choice":"Gather Gold","floor":5.0,"gold_loss":0.0,"damage_taken":11.0},{"damage_healed":0.0,"max_hp_gain":0.0,"max_hp_loss":0.0,"gold_gain":0.0,"event_name":"Match and Keep!","player_choice":"1 cards matched","floor":11.0,"gold_loss":0.0,"damage_taken":0.0,"cards_obtained":["All Out Attack"]}],"is_beta":false,"boss_relics":[{"not_picked":["Sozu","White Beast Statue"],"picked":"HoveringKite"}],"items_purged_floors":[],"is_endless":false,"potions_floor_spawned":[4,6,14],"killed_by":"Shell Parasite","ascension_level":8}