{"gold_per_floor":[109,109,129,143,143,183,183,218,218,218,66,66,89,123,123,251,251,275,275,294,294,318,318,352,352,352,386,0,99,99,143,143,274,274,290,290,290,290,314,357,357],"floor_reached":41,"playtime":1869,"items_purged":["Strike_G"],"score":616,"play_id":"24f66899-5b2f-46e0-8606-61c79ccb151e","local_time":"20190403124340","is_ascension_mode":true,"campfire_choices":[{"data":"Neutralize","floor":7,"key":"SMITH"},{"floor":10,"key":"REST"},{"floor":15,"key":"REST"},{"floor":23,"key":"REST"},{"data":"Phantasmal Killer","floor":25,"key":"SMITH"},{"floor":30,"key":"REST"},{"data":"Night Terror","floor":32,"key":"SMITH"}],"neow_cost":"NONE","seed_source_timestamp":12109446397579,"circlet_count":0,"master_deck":["Defend_G","Defend_G","Defend_G","Defend_G+1","Defend_G+1","Survivor","Neutralize+1","Blur","Poisoned Stab","Dagger Spray+1","Poisoned Stab","Backflip","A Thousand Cuts+1","Deadly Poison","Blade Dance","Phantasmal Killer+1","Choke+1","Blade Dance+1","Flechettes+1","Sucker Punch+1","Cloak And Dagger","Backstab+1","Blade Dance+1","Well Laid Plans+1","Die Die Die","Night Terror+1","Malaise","Dark Shackles","Dash+1"],"relics":["Ring of the Snake","Golden Idol","Darkstone Periapt","Torii","Thread and Needle","Happy Flower","Astrolabe","MutagenicStrength","Frozen Egg 2","Pear","Ginger","Membership Card","War Paint","Ancient Tea Set","Eternal Feather","Mercury Hourglass","Whetstone"],"potions_floor_usage":[6,6,18,20,31,31,33],"damage_taken":[{"damage":2,"enemies":"Cultist","floor":1,"turns":5},{"damage":2,"enemies":"Jaw Worm","floor":3,"turns":9},{"damage":0,"enemies":"2 Louse","floor":4,"turns":3},{"damage":22,"enemies":"Lagavulin","floor":6,"turns":7},{"damage":17,"enemies":"3 Sentries","floor":8,"turns":9},{"damage":8,"enemies":"Exordium Thugs","floor":13,"turns":5},{"damage":14,"enemies":"Gremlin Nob","floor":14,"turns":5},{"damage":1,"enemies":"Slime Boss","floor":16,"turns":9},{"damage":18,"enemies":"2 Thieves","floor":18,"turns":4},{"damage":2,"enemies":"Shell Parasite","floor":20,"turns":5},{"damage":1,"enemies":"Snecko","floor":22,"turns":4},{"damage":14,"enemies":"Book of Stabbing","floor":24,"turns":7},{"damage":16,"enemies":"Slavers","floor":27,"turns":5},{"damage":1,"enemies":"Book of Stabbing","floor":31,"turns":3},{"damage":38,"enemies":"Collector","floor":33,"turns":7},{"damage":1,"enemies":"3 Shapes","floor":35,"turns":3},{"damage":0,"enemies":"Orb Walker","floor":39,"turns":1},{"damage":42,"enemies":"Reptomancer","floor":40,"turns":8},{"damage":47,"enemies":"Transient","floor":41,"turns":5}],"seed_played":"-569251308364254830","potions_obtained":[{"floor":1,"key":"Strength Potion"},{"floor":3,"key":"Ancient Potion"},{"floor":4,"key":"Energy Potion"},{"floor":13,"key":"GamblersBrew"},{"floor":16,"key":"SpeedPotion"},{"floor":22,"key":"FearPotion"},{"floor":24,"key":"Strength Potion"},{"floor":31,"key":"Energy Potion"}],"is_trial":false,"path_per_floor":["?","?","?","?","?","?","?","T","?","M"],"character_chosen":"THE_SILENT","items_purchased":["A Thousand Cuts","Membership Card","Well Laid Plans+1","Die Die Die","War Paint"],"campfire_rested":4,"item_purchase_floors":[11,28,28,28,28],"current_hp_per_floor":[75,68,66,66,66,44,44,27,27,48,48,48,40,26,47,46,65,47,47,45,45,44,65,51,51,61,45,45,45,69,68,68,30,68,67,67,67,67,67,25,0],"gold":357,"neow_bonus":"TEN_PERCENT_HP_BONUS","is_prod":false,"is_daily":false,"chose_seed":false,"campfire_upgraded":3,"win_rate":0,"timestamp":1554288220,"path_taken":["M","?","M","M","?","E","R","E","T","R","$","?","M","E","R","BOSS","M","?","M","?","M","R","E","R","T","E","$","?","R","E","R","BOSS","M","?","?","?","?","E","M"],"build_version":"2019-01-23","purchased_purges":1,"victory":false,"max_hp_per_floor":[77,77,77,77,71,71,71,71,71,71,71,71,71,71,71,71,71,71,71,71,71,71,71,71,71,81,81,81,81,81,81,81,81,81,81,81,81,81,81,81,81],"card_choices":[{"not_picked":["Eviscerate","Finisher"],"picked":"Blur","floor":1},{"not_picked":["Acrobatics","Bouncing Flask"],"picked":"Poisoned Stab","floor":3},{"not_picked":["Bane","Quick Slash"],"picked":"Dagger Spray","floor":4},{"not_picked":["Flechettes","Flying Knee"],"picked":"Poisoned Stab","floor":6},{"not_picked":["Underhanded Strike","Prepared"],"picked":"Backflip","floor":8},{"not_picked":["Phantasmal Killer","Acrobatics"],"picked":"Deadly Poison","floor":13},{"not_picked":["Masterful Stab","Bullet Time"],"picked":"Blade Dance","floor":14},{"not_picked":["A Thousand Cuts","Doppelganger"],"picked":"Phantasmal Killer","floor":16},{"not_picked":["Dagger Throw","Infinite Blades"],"picked":"Sucker Punch+1","floor":18},{"not_picked":["Dagger Throw","Accuracy"],"picked":"Cloak And Dagger","floor":20},{"not_picked":["Underhanded Strike","Heel Hook","Dagger Spray"],"picked":"SKIP","floor":22},{"not_picked":["Reflex","Cloak And Dagger"],"picked":"Backstab","floor":24},{"not_picked":["Bane","Poisoned Stab"],"picked":"Blade Dance+1","floor":27},{"not_picked":["Dodge and Roll","All Out Attack"],"picked":"Night Terror","floor":31},{"not_picked":["Glass Knife","Storm of Steel"],"picked":"Malaise","floor":33},{"not_picked":["Poisoned Stab","Cloak And Dagger","Underhanded Strike"],"picked":"SKIP","floor":35},{"not_picked":["Trip","Bandage Up"],"picked":"Dark Shackles","floor":38},{"not_picked":["Prepared","Predator+1","Choke"],"picked":"SKIP","floor":39},{"not_picked":["Concentrate","Flechettes"],"picked":"Dash+1","floor":40}],"player_experience":369619,"relics_obtained":[{"floor":6,"key":"Darkstone Periapt"},{"floor":8,"key":"Torii"},{"floor":9,"key":"Thread and Needle"},{"floor":14,"key":"Happy Flower"},{"floor":24,"key":"Frozen Egg 2"},{"floor":26,"key":"Pear"},{"floor":27,"key":"Ginger"},{"floor":31,"key":"Ancient Tea Set"},{"floor":37,"key":"Mercury Hourglass"},{"floor":40,"key":"Whetstone"}],"event_choices":[{"cards_removed":["Strike_G"],"damage_healed":0,"gold_gain":0,"player_choice":"Card Removal","damage_taken":7,"max_hp_gain":0,"max_hp_loss":0,"event_name":"Golden Wing","floor":2,"gold_loss":0},{"damage_healed":0,"gold_gain":0,"player_choice":"Lose Max HP","damage_taken":0,"relics_obtained":["Golden Idol"],"max_hp_gain":0,"max_hp_loss":6,"event_name":"Golden Idol","floor":5,"gold_loss":0},{"damage_healed":0,"gold_gain":0,"player_choice":"Upgraded","damage_taken":0,"max_hp_gain":0,"max_hp_loss":0,"event_name":"Upgrade Shrine","floor":12,"gold_loss":0,"cards_upgraded":["A Thousand Cuts"]},{"damage_healed":0,"gold_gain":0,"player_choice":"Inject Mutagens","damage_taken":0,"relics_obtained":["MutagenicStrength"],"max_hp_gain":0,"max_hp_loss":0,"event_name":"Drug Dealer","floor":19,"gold_loss":0},{"damage_healed":0,"gold_gain":0,"player_choice":"Ignored","damage_taken":0,"max_hp_gain":0,"max_hp_loss":0,"event_name":"Vampires","floor":21,"gold_loss":0},{"damage_healed":0,"gold_gain":99,"player_choice":"Stole From Cult","damage_taken":0,"max_hp_gain":0,"max_hp_loss":0,"event_name":"Nest","floor":29,"gold_loss":0},{"damage_healed":0,"gold_gain":0,"player_choice":"Ignored","damage_taken":0,"max_hp_gain":0,"max_hp_loss":0,"event_name":"Mysterious Sphere","floor":36,"gold_loss":0},{"damage_healed":0,"gold_gain":0,"player_choice":"Memory 1","damage_taken":0,"max_hp_gain":0,"max_hp_loss":0,"event_name":"SensoryStone","floor":38,"gold_loss":0}],"is_beta":false,"boss_relics":[{"not_picked":["Black Star","Busted Crown"],"picked":"Astrolabe"},{"not_picked":["Velvet Choker","Runic Dome"],"picked":"Eternal Feather"}],"items_purged_floors":[11],"is_endless":false,"potions_floor_spawned":[1,3,4,13,16,22,24,31],"killed_by":"Transient","ascension_level":5}