{"gold_per_floor":[116,116,116,116,127,127,155,155,182,26,43,72,91,119,119,224,224,240,254,254,0,10,43,43,142,166,184,194,194,194,209,209,310,310,325,336,336,316,333,333,333],"floor_reached":41,"playtime":3192,"items_purged":["Strike_G"],"score":715,"play_id":"236392ea-8842-4c35-8c8b-6045c9094c0c","local_time":"20190530111921","is_ascension_mode":true,"campfire_choices":[{"data":"Dash","floor":6,"key":"SMITH"},{"data":"Neutralize","floor":8,"key":"SMITH"},{"floor":15,"key":"REST"},{"floor":24,"key":"REST"},{"floor":30,"key":"REST"},{"floor":32,"key":"REST"},{"floor":40,"key":"REST"}],"neow_cost":"NONE","seed_source_timestamp":9383631045107,"circlet_count":0,"master_deck":["AscendersBane","Defend_G+1","Defend_G+1","Defend_G","Defend_G+1","Strike_G+1","Survivor","Neutralize+1","Dash+1","Endless Agony+1","Adrenaline+1","Dash+1","Corpse Explosion","Caltrops","Acrobatics","Slice+1","Backflip","Footwork","Backflip","Malaise","Noxious Fumes","Deadly Poison","Master of Strategy","Die Die Die+1","Deflect+1","Deadly Poison+1","Backflip+1","Wraith Form v2","Acrobatics+1","PiercingWail+1","Acrobatics+1","Acrobatics+1"],"relics":["Astrolabe","Question Card","Ancient Tea Set","The Courier","War Paint","HoveringKite","Toxic Egg 2","Whetstone","Incense Burner","Philosopher\u0027s Stone"],"potions_floor_usage":[12,16,23,33,33],"damage_taken":[{"damage":0,"enemies":"Small Slimes","floor":1,"turns":4},{"damage":0,"enemies":"2 Louse","floor":5,"turns":2},{"damage":4,"enemies":"3 Sentries","floor":7,"turns":12},{"damage":0,"enemies":"Cultist","floor":11,"turns":2},{"damage":16,"enemies":"Gremlin Nob","floor":12,"turns":4},{"damage":0,"enemies":"Exordium Thugs","floor":13,"turns":3},{"damage":1,"enemies":"Lagavulin","floor":14,"turns":7},{"damage":19,"enemies":"Slime Boss","floor":16,"turns":15},{"damage":3,"enemies":"Shell Parasite","floor":18,"turns":8},{"damage":17,"enemies":"2 Thieves","floor":19,"turns":3},{"damage":9,"enemies":"Snake Plant","floor":22,"turns":5},{"damage":31,"enemies":"Slavers","floor":23,"turns":3},{"damage":3,"enemies":"Sentry and Sphere","floor":27,"turns":7},{"damage":15,"enemies":"Cultist and Chosen","floor":28,"turns":5},{"damage":0,"enemies":"Shelled Parasite and Fungi","floor":31,"turns":6},{"damage":44,"enemies":"Champ","floor":33,"turns":16},{"damage":12,"enemies":"3 Shapes","floor":35,"turns":2},{"damage":4,"enemies":"3 Darklings","floor":36,"turns":3},{"damage":37,"enemies":"Maw","floor":39,"turns":9},{"damage":36,"enemies":"Giant Head","floor":41,"turns":9}],"seed_played":"8045917805007355283","potions_obtained":[{"floor":7,"key":"Explosive Potion"},{"floor":11,"key":"Fire Potion"},{"floor":13,"key":"EssenceOfSteel"},{"floor":14,"key":"Regen Potion"},{"floor":16,"key":"PowerPotion"},{"floor":27,"key":"Dexterity Potion"},{"floor":33,"key":"SpeedPotion"},{"floor":35,"key":"LiquidBronze"}],"is_trial":false,"path_per_floor":["?","?","?","M","?","?","?","?"],"character_chosen":"THE_SILENT","items_purchased":["Caltrops","Acrobatics","Master of Strategy","Die Die Die","Acrobatics+1"],"campfire_rested":5,"item_purchase_floors":[10,10,21,21,38],"current_hp_per_floor":[63,63,49,49,49,49,45,45,45,45,45,29,29,28,49,45,64,61,44,44,44,35,4,25,25,25,22,7,7,28,28,49,5,54,42,38,38,38,1,22,0],"gold":333,"neow_bonus":"BOSS_RELIC","is_prod":false,"is_daily":false,"chose_seed":false,"campfire_upgraded":2,"win_rate":0,"timestamp":1559207961,"path_taken":["M","?","?","?","M","R","E","R","T","$","?","E","M","E","R","BOSS","M","M","?","$","M","E","R","?","T","M","M","?","R","M","R","BOSS","M","M","?","$","M","R","E"],"build_version":"2019-01-23","purchased_purges":1,"victory":false,"max_hp_per_floor":[70,70,70,70,70,70,70,70,70,70,70,70,70,70,70,70,70,70,70,70,70,70,70,70,70,70,70,70,70,70,70,70,70,70,70,70,70,70,70,70,70],"card_choices":[{"not_picked":["Slice","Masterful Stab"],"picked":"Backflip","floor":1},{"not_picked":["Deflect","Catalyst"],"picked":"Dash","floor":5},{"not_picked":["Blade Dance","Setup"],"picked":"Corpse Explosion","floor":7},{"not_picked":["Poisoned Stab","Flying Knee","Dash"],"picked":"Slice","floor":11},{"not_picked":["Infinite Blades","Dagger Throw","Expertise"],"picked":"Backflip","floor":12},{"not_picked":["PiercingWail","Deflect","Dagger Spray"],"picked":"Footwork","floor":13},{"not_picked":["Reflex","Acrobatics","Phantasmal Killer"],"picked":"Backflip","floor":14},{"not_picked":["Doppelganger","Night Terror","Bullet Time"],"picked":"Malaise","floor":16},{"not_picked":["Bouncing Flask+1","All Out Attack","Accuracy"],"picked":"Noxious Fumes","floor":18},{"not_picked":["Dash","Expertise","Catalyst"],"picked":"Deadly Poison","floor":19},{"not_picked":["Outmaneuver","Skewer","Cloak And Dagger","Dodge and Roll"],"picked":"SKIP","floor":22},{"not_picked":["Distraction","Backstab","Dagger Spray"],"picked":"Deflect","floor":23},{"not_picked":["Eviscerate","Dodge and Roll+1","Cloak And Dagger+1"],"picked":"Deadly Poison+1","floor":27},{"not_picked":["Infinite Blades","Dagger Spray","Masterful Stab","Bane"],"picked":"SKIP","floor":28},{"not_picked":["Skewer","Choke","PiercingWail+1"],"picked":"Backflip+1","floor":31},{"not_picked":["After Image","Unload","Grand Finale"],"picked":"Wraith Form v2","floor":33},{"not_picked":["Underhanded Strike","Heel Hook+1","Dagger Throw+1"],"picked":"Acrobatics+1","floor":35},{"not_picked":["A Thousand Cuts","Riddle With Holes","Deflect+1"],"picked":"PiercingWail+1","floor":36},{"not_picked":["Underhanded Strike","Eviscerate","Cloak And Dagger+1"],"picked":"Acrobatics+1","floor":39}],"player_experience":743712,"relics_obtained":[{"floor":7,"key":"Question Card"},{"floor":9,"key":"Ancient Tea Set"},{"floor":12,"key":"The Courier"},{"floor":14,"key":"War Paint"},{"floor":23,"key":"Toxic Egg 2"},{"floor":26,"key":"Whetstone"}],"event_choices":[{"damage_healed":0,"gold_gain":0,"player_choice":"Ignored","damage_taken":0,"max_hp_gain":0,"max_hp_loss":0,"event_name":"Liars Game","floor":2,"gold_loss":0},{"damage_healed":0,"gold_gain":0,"player_choice":"Entered Light","damage_taken":14,"max_hp_gain":0,"max_hp_loss":0,"event_name":"Shining Light","floor":3,"gold_loss":0,"cards_upgraded":["Defend_G","Strike_G"]},{"damage_healed":0,"gold_gain":0,"player_choice":"0 cards matched","damage_taken":0,"max_hp_gain":0,"max_hp_loss":0,"event_name":"Match and Keep!","floor":4,"gold_loss":0,"cards_obtained":[]},{"cards_removed":["Defend_G"],"damage_healed":0,"gold_gain":0,"player_choice":"Elegance","damage_taken":0,"max_hp_gain":0,"max_hp_loss":0,"event_name":"Back to Basics","floor":20,"gold_loss":0},{"damage_healed":0,"gold_gain":99,"player_choice":"Stole From Cult","damage_taken":0,"max_hp_gain":0,"max_hp_loss":0,"event_name":"Nest","floor":25,"gold_loss":0},{"damage_healed":0,"gold_gain":0,"player_choice":"Opened","damage_taken":0,"relics_obtained":["Incense Burner"],"max_hp_gain":0,"max_hp_loss":0,"event_name":"The Mausoleum","floor":29,"gold_loss":0},{"cards_removed":["Backflip"],"damage_healed":0,"gold_gain":0,"player_choice":"Removed Skill","damage_taken":0,"max_hp_gain":0,"max_hp_loss":0,"event_name":"Falling","floor":37,"gold_loss":0}],"is_beta":false,"boss_relics":[{"not_picked":["White Beast Statue","Fusion Hammer"],"picked":"HoveringKite"},{"not_picked":["Snecko Eye","Pandora\u0027s Box"],"picked":"Philosopher\u0027s Stone"}],"items_purged_floors":[10],"is_endless":false,"potions_floor_spawned":[7,11,13,14,16,19,27,33,35],"killed_by":"Giant Head","ascension_level":12}