{"gold_per_floor":[109,122,197,372,179,179,207,207,230,240,267,267,301,312,312,312],"floor_reached":16,"playtime":563,"items_purged":["Doubt"],"score":167,"play_id":"78b730fd-b220-4ec3-85cc-35d30103d3e1","local_time":"20190523150142","is_ascension_mode":true,"campfire_choices":[{"data":"Footwork","floor":6,"key":"SMITH"},{"floor":8,"key":"REST"},{"data":"Neutralize","floor":12,"key":"SMITH"},{"data":"Crippling Poison","floor":15,"key":"SMITH"}],"neow_cost":"NONE","seed_source_timestamp":24800606819005,"circlet_count":0,"master_deck":["AscendersBane","Defend_G","Defend_G","Defend_G","Defend_G","Defend_G","Strike_G","Strike_G","Strike_G","Strike_G","Strike_G","Survivor","Neutralize+1","Riddle With Holes","Deflect","Footwork+1","Blur","Crippling Poison+1","Dagger Spray","PiercingWail+1","Deadly Poison+1"],"relics":["Ring of the Snake","Potion Belt","Gremlin Horn","Boot","Happy Flower","Toxic Egg 2"],"potions_floor_usage":[16],"damage_taken":[{"damage":0,"enemies":"2 Louse","floor":1,"turns":3},{"damage":0,"enemies":"Small Slimes","floor":2,"turns":3},{"damage":31,"enemies":"3 Sentries","floor":7,"turns":14},{"damage":5,"enemies":"Jaw Worm","floor":10,"turns":4},{"damage":9,"enemies":"Lagavulin","floor":13,"turns":7},{"damage":0,"enemies":"Large Slime","floor":14,"turns":5},{"damage":30,"enemies":"Hexaghost","floor":16,"turns":15}],"seed_played":"-2041213305087372149","potions_obtained":[{"floor":10,"key":"Energy Potion"},{"floor":13,"key":"FearPotion"},{"floor":14,"key":"GamblersBrew"}],"is_trial":false,"path_per_floor":["?","?","T"],"character_chosen":"THE_SILENT","items_purchased":["Footwork","Blur"],"campfire_rested":1,"item_purchase_floors":[5,5],"current_hp_per_floor":[63,63,52,52,52,52,21,42,42,37,37,37,28,28,28,0],"gold":312,"neow_bonus":"RANDOM_COMMON_RELIC","is_prod":false,"is_daily":false,"chose_seed":false,"campfire_upgraded":3,"win_rate":0,"timestamp":1558616502,"path_taken":["M","M","?","?","$","R","E","R","T","M","?","R","E","M","R","BOSS"],"build_version":"2019-01-23","purchased_purges":1,"victory":false,"max_hp_per_floor":[70,70,70,70,70,70,70,70,70,70,70,70,70,70,70,70],"card_choices":[{"not_picked":["Dagger Throw","Deflect"],"picked":"Riddle With Holes","floor":1},{"not_picked":["Prepared","Flying Knee"],"picked":"Deflect","floor":2},{"not_picked":["Escape Plan","Grand Finale"],"picked":"Crippling Poison","floor":7},{"not_picked":["Dagger Throw","Expertise"],"picked":"Dagger Spray","floor":10},{"not_picked":["Flying Knee","Deflect"],"picked":"PiercingWail","floor":13},{"not_picked":["Dagger Spray","Prepared+1"],"picked":"Deadly Poison+1","floor":14}],"player_experience":686664,"relics_obtained":[{"floor":7,"key":"Gremlin Horn"},{"floor":9,"key":"Boot"},{"floor":11,"key":"Happy Flower"},{"floor":13,"key":"Toxic Egg 2"}],"event_choices":[{"damage_healed":0,"gold_gain":75,"player_choice":"Gather Gold","damage_taken":11,"max_hp_gain":0,"max_hp_loss":0,"event_name":"World of Goop","floor":3,"gold_loss":0},{"damage_healed":0,"gold_gain":175,"player_choice":"AGREE","damage_taken":0,"max_hp_gain":0,"max_hp_loss":0,"event_name":"Liars Game","floor":4,"gold_loss":0,"cards_obtained":["Doubt"]}],"is_beta":false,"boss_relics":[],"items_purged_floors":[5],"is_endless":false,"potions_floor_spawned":[10,13,14],"killed_by":"Hexaghost","ascension_level":11}