{"gold_per_floor":[112,112,127,143,159,159,50,75,75,85,85,24,43,72,72,177,177,187,88,106,106,4,4,19,19,98,131,151,151,164,164],"floor_reached":31,"playtime":3109,"items_purged":["Strike_B"],"score":360,"play_id":"e2cc0a0e-a4d6-425d-9173-1eff5a656549","local_time":"20190415094711","is_ascension_mode":true,"campfire_choices":[{"data":"Zap","floor":6,"key":"SMITH"},{"data":"Consume","floor":15,"key":"SMITH"},{"data":"Defragment","floor":23,"key":"SMITH"},{"floor":25,"key":"REST"},{"floor":29,"key":"REST"}],"neow_cost":"NONE","seed_source_timestamp":3070600590568,"circlet_count":0,"master_deck":["Strike_B","Strike_B","Defend_B","Defend_B","Defend_B","Defend_B","Zap+1","Dualcast","Consume+1","Coolheaded","Go for the Eyes","Compile Driver","Leap","Bandage Up","Ball Lightning","Doom and Gloom","Capacitor","Skim","Seek","Hyperbeam+1","Self Repair+1","Leap+1","Defragment+1","Steam","Hologram+1","Static Discharge+1","Consume"],"relics":["Cracked Core","Bag of Preparation","Blue Candle","The Courier","Matryoshka","Inserter","Frozen Egg 2","Tiny Chest","Molten Egg 2"],"potions_floor_usage":[14,16,18,20,27,27],"damage_taken":[{"damage":4,"enemies":"2 Louse","floor":1,"turns":3},{"damage":0,"enemies":"Cultist","floor":3,"turns":3},{"damage":2,"enemies":"Small Slimes","floor":4,"turns":5},{"damage":1,"enemies":"Exordium Wildlife","floor":5,"turns":3},{"damage":10,"enemies":"Lagavulin","floor":8,"turns":7},{"damage":6,"enemies":"Exordium Thugs","floor":10,"turns":4},{"damage":0,"enemies":"3 Louse","floor":13,"turns":2},{"damage":11,"enemies":"Gremlin Nob","floor":14,"turns":4},{"damage":20,"enemies":"Hexaghost","floor":16,"turns":8},{"damage":15,"enemies":"Chosen","floor":18,"turns":6},{"damage":25,"enemies":"2 Thieves","floor":20,"turns":3},{"damage":19,"enemies":"Snake Plant","floor":24,"turns":5},{"damage":50,"enemies":"Slavers","floor":27,"turns":6},{"damage":21,"enemies":"Snecko","floor":28,"turns":6},{"damage":22,"enemies":"Centurion and Healer","floor":30,"turns":8},{"damage":50,"enemies":"Gremlin Leader","floor":31,"turns":6}],"seed_played":"4801725534343376958","potions_obtained":[{"floor":1,"key":"Strength Potion"},{"floor":5,"key":"Block Potion"},{"floor":8,"key":"SteroidPotion"},{"floor":14,"key":"Swift Potion"},{"floor":20,"key":"Weak Potion"},{"floor":24,"key":"Weak Potion"},{"floor":28,"key":"FearPotion"}],"is_trial":false,"path_per_floor":["?","$","?","M","?","$","M"],"character_chosen":"DEFECT","items_purchased":["Leap","Bandage Up","Capacitor","Explosive Potion","Defragment","Steam"],"campfire_rested":2,"item_purchase_floors":[7,7,12,19,22,22],"current_hp_per_floor":[64,64,64,62,61,61,61,55,55,53,58,58,62,55,55,39,70,59,59,48,48,48,48,43,67,67,31,24,48,40,0],"gold":164,"neow_bonus":"RANDOM_COMMON_RELIC","is_prod":false,"is_daily":false,"chose_seed":false,"campfire_upgraded":3,"win_rate":0,"timestamp":1555314431,"path_taken":["M","?","M","M","M","R","?","E","T","M","?","$","?","E","R","BOSS","M","$","M","?","?","R","?","R","T","E","M","R","M","E"],"build_version":"2019-01-23","purchased_purges":1,"victory":false,"max_hp_per_floor":[75,75,75,75,75,75,75,75,75,75,80,80,80,80,80,80,80,80,80,80,80,80,80,80,80,80,80,80,80,80,80],"card_choices":[{"not_picked":["Go for the Eyes","Turbo"],"picked":"Consume","floor":1},{"not_picked":["Steam Power","Tempest"],"picked":"Coolheaded","floor":3},{"not_picked":["Streamline","Turbo"],"picked":"Go for the Eyes","floor":4},{"not_picked":["Streamline","Force Field"],"picked":"Compile Driver","floor":5},{"not_picked":["BootSequence","Conserve Battery"],"picked":"Ball Lightning","floor":8},{"not_picked":["Ball Lightning","Hello World"],"picked":"Doom and Gloom","floor":10},{"not_picked":["Go for the Eyes","Redo"],"picked":"Skim","floor":13},{"not_picked":["Auto Shields","Rebound"],"picked":"Seek","floor":14},{"not_picked":["Amplify","Biased Cognition"],"picked":"Hyperbeam","floor":16},{"not_picked":["Turbo","Rebound"],"picked":"Self Repair+1","floor":18},{"not_picked":["Storm+1","Compile Driver"],"picked":"Leap+1","floor":20},{"not_picked":["Force Field","Rebound","Go for the Eyes"],"picked":"SKIP","floor":24},{"not_picked":["Storm+1","Sweeping Beam"],"picked":"Hologram+1","floor":27},{"not_picked":["Rebound+1","Streamline+1"],"picked":"Static Discharge+1","floor":28},{"not_picked":["Aggregate","Skim"],"picked":"Consume","floor":30}],"player_experience":462091,"relics_obtained":[{"floor":8,"key":"Blue Candle"},{"floor":9,"key":"The Courier"},{"floor":14,"key":"Matryoshka"},{"floor":26,"key":"Frozen Egg 2"},{"floor":26,"key":"Tiny Chest"},{"floor":27,"key":"Molten Egg 2"}],"event_choices":[{"cards_removed":["Strike_B"],"damage_healed":0,"gold_gain":0,"player_choice":"Purged","damage_taken":0,"max_hp_gain":0,"max_hp_loss":0,"event_name":"Purifier","floor":2,"gold_loss":0},{"damage_healed":0,"gold_gain":0,"player_choice":"Donut","damage_taken":0,"max_hp_gain":5,"max_hp_loss":0,"event_name":"Big Fish","floor":11,"gold_loss":0},{"damage_healed":0,"gold_gain":0,"player_choice":"Forge","damage_taken":0,"max_hp_gain":0,"max_hp_loss":0,"event_name":"Accursed Blacksmith","floor":21,"gold_loss":0,"cards_upgraded":["Hyperbeam"]}],"is_beta":false,"boss_relics":[{"not_picked":["Fusion Hammer","Busted Crown"],"picked":"Inserter"}],"items_purged_floors":[19],"is_endless":false,"potions_floor_spawned":[1,5,8,14,20,24,28],"killed_by":"Gremlin Leader","ascension_level":7}