{"gold_per_floor":[119,119,138,138,158,199,299,299,354,374,388,388,402,27,27,27],"floor_reached":16,"playtime":467,"items_purged":["Strike_B"],"score":138,"play_id":"4286dd8d-0d53-413a-aa74-704fb5d45df4","local_time":"20190508103756","is_ascension_mode":true,"campfire_choices":[{"floor":8,"key":"REST"},{"data":"Zap","floor":12,"key":"SMITH"},{"floor":15,"key":"REST"}],"neow_cost":"PERCENT_DAMAGE","seed_source_timestamp":4966945925183,"circlet_count":0,"master_deck":["Strike_B+1","Defend_B","Defend_B","Defend_B","Defend_B","Zap+1","Dualcast","Cold Snap+1","Sweeping Beam","Coolheaded","Hyperbeam","Leap","Self Repair","FTL","Hologram"],"relics":["Cracked Core","Golden Idol","Bag of Marbles","Whetstone","Vajra"],"potions_floor_usage":[6,13,13],"damage_taken":[{"damage":3,"enemies":"2 Louse","floor":1,"turns":2},{"damage":5,"enemies":"Jaw Worm","floor":3,"turns":3},{"damage":14,"enemies":"Small Slimes","floor":5,"turns":3},{"damage":24,"enemies":"Gremlin Nob","floor":6,"turns":4},{"damage":5,"enemies":"Gremlin Gang","floor":10,"turns":2},{"damage":9,"enemies":"Red Slaver","floor":11,"turns":2},{"damage":4,"enemies":"Exordium Thugs","floor":13,"turns":2},{"damage":38,"enemies":"Hexaghost","floor":16,"turns":11}],"seed_played":"5875114101188818066","potions_obtained":[{"floor":5,"key":"Energy Potion"},{"floor":6,"key":"FearPotion"},{"floor":10,"key":"Explosive Potion"}],"is_trial":false,"path_per_floor":["?","?","?","M"],"character_chosen":"DEFECT","items_purchased":["Self Repair","Vajra","FTL","Hologram"],"campfire_rested":2,"item_purchase_floors":[14,14,14,14],"current_hp_per_floor":[47,47,42,47,33,9,9,31,31,26,17,17,13,13,35,0],"gold":27,"neow_bonus":"REMOVE_TWO","is_prod":false,"is_daily":false,"chose_seed":false,"campfire_upgraded":1,"win_rate":0,"timestamp":1557304676,"path_taken":["M","?","M","?","M","E","?","R","T","M","M","R","?","$","R","BOSS"],"build_version":"2019-01-23","purchased_purges":1,"victory":false,"max_hp_per_floor":[75,69,69,74,74,74,74,74,74,74,74,74,74,74,74,74],"card_choices":[{"not_picked":["Compile Driver","Go for the Eyes"],"picked":"Cold Snap","floor":1},{"not_picked":["Aggregate","Hologram"],"picked":"Sweeping Beam","floor":3},{"not_picked":["Lockon","Melter"],"picked":"Coolheaded","floor":5},{"not_picked":["Steam","Recycle"],"picked":"Hyperbeam","floor":6},{"not_picked":["Steam","Melter"],"picked":"Leap","floor":10},{"not_picked":["Stack","Gash","Reprogram"],"picked":"SKIP","floor":11},{"not_picked":["Redo","Beam Cell","Scrape"],"picked":"SKIP","floor":13}],"player_experience":578876,"relics_obtained":[{"floor":6,"key":"Bag of Marbles"},{"floor":9,"key":"Whetstone"}],"event_choices":[{"damage_healed":0,"gold_gain":0,"player_choice":"Lose Max HP","damage_taken":0,"relics_obtained":["Golden Idol"],"max_hp_gain":0,"max_hp_loss":6,"event_name":"Golden Idol","floor":2,"gold_loss":0},{"damage_healed":0,"gold_gain":0,"player_choice":"Donut","damage_taken":0,"max_hp_gain":5,"max_hp_loss":0,"event_name":"Big Fish","floor":4,"gold_loss":0},{"damage_healed":0,"gold_gain":100,"player_choice":"Pray","damage_taken":0,"max_hp_gain":0,"max_hp_loss":0,"event_name":"Golden Shrine","floor":7,"gold_loss":0}],"is_beta":false,"boss_relics":[],"items_purged_floors":[14],"is_endless":false,"potions_floor_spawned":[5,6,10],"killed_by":"Hexaghost","ascension_level":7}