{"gold_per_floor":[116,116,133,146,146,175,193,193,193,193,205,205,3,14,14,116,116,116],"floor_reached":18,"playtime":800,"items_purged":["Strike_R"],"score":170,"play_id":"e06cb10b-9778-40cd-b796-19d21aec77ff","local_time":"20190705081508","is_ascension_mode":true,"campfire_choices":[{"data":"Bash","floor":8.0,"key":"SMITH"},{"data":"Exhume","floor":10.0,"key":"SMITH"},{"data":"Berserk","floor":12.0,"key":"SMITH"},{"data":"True Grit","floor":15.0,"key":"SMITH"}],"neow_cost":"NONE","seed_source_timestamp":0,"circlet_count":0,"master_deck":["Strike_R","Strike_R","Defend_R","Defend_R","Defend_R","Defend_R","Bash+1","Havoc","Wild Strike","Exhume+1","Shrug It Off","Berserk+1","True Grit+1","Inflame","Limit Break"],"special_seed":0,"relics":["Burning Blood","Magic Flower","Letter Opener","Coffee Dripper"],"potions_floor_usage":[16],"damage_taken":[{"damage":6.0,"enemies":"Cultist","floor":1.0,"turns":3.0},{"damage":4.0,"enemies":"Small Slimes","floor":3.0,"turns":5.0},{"damage":8.0,"enemies":"Jaw Worm","floor":4.0,"turns":3.0},{"damage":23.0,"enemies":"3 Sentries","floor":6.0,"turns":14.0},{"damage":2.0,"enemies":"2 Fungi Beasts","floor":7.0,"turns":4.0},{"damage":9.0,"enemies":"Large Slime","floor":11.0,"turns":7.0},{"damage":0.0,"enemies":"Blue Slaver","floor":14.0,"turns":6.0},{"damage":18,"enemies":"The Guardian","floor":16,"turns":13},{"damage":86,"enemies":"Chosen","floor":18,"turns":9}],"seed_played":"2959707010452639928","potions_obtained":[{"floor":0.0,"key":"Fire Potion"},{"floor":0.0,"key":"PowerPotion"},{"floor":0.0,"key":"SteroidPotion"},{"floor":7.0,"key":"Strength Potion"}],"is_trial":false,"path_per_floor":["?","?"],"character_chosen":"IRONCLAD","items_purchased":["True Grit","Inflame"],"campfire_rested":0,"item_purchase_floors":[13,13],"current_hp_per_floor":[80,80,80,78,71,54,61,61,61,61,61,61,61,70,70,61,80,0],"gold":116,"neow_bonus":"THREE_SMALL_POTIONS","is_prod":false,"is_daily":false,"chose_seed":false,"campfire_upgraded":4,"win_rate":0,"timestamp":1562307308,"path_taken":["M","?","M","M","?","E","M","R","T","R","M","R","$","M","R","BOSS","M"],"build_version":"2019-01-23","purchased_purges":1,"victory":false,"max_hp_per_floor":[80,80,80,80,80,80,80,80,80,80,80,80,80,80,80,80,80,80],"card_choices":[{"not_picked":["Bloodletting","Heavy Blade"],"picked":"Havoc","floor":1.0},{"not_picked":["Perfected Strike","Heavy Blade"],"picked":"Wild Strike","floor":3.0},{"not_picked":["Perfected Strike","Clash"],"picked":"Exhume","floor":4.0},{"not_picked":["Wild Strike","Warcry"],"picked":"Shrug It Off","floor":6.0},{"not_picked":["Blood for Blood","Flex","Carnage"],"picked":"SKIP","floor":7.0},{"not_picked":["Anger","Fire Breathing"],"picked":"Berserk","floor":11.0},{"not_picked":["Perfected Strike","Clash","Heavy Blade"],"picked":"SKIP","floor":14.0},{"not_picked":["Brutality","Barricade"],"picked":"Limit Break","floor":16}],"player_experience":956568,"relics_obtained":[{"floor":6.0,"key":"Magic Flower"},{"floor":9.0,"key":"Letter Opener"}],"event_choices":[{"cards_removed":["Strike_R"],"damage_healed":0.0,"max_hp_gain":0.0,"max_hp_loss":0.0,"gold_gain":0.0,"event_name":"Living Wall","player_choice":"Forget","floor":2.0,"gold_loss":0.0,"damage_taken":0.0},{"cards_removed":["Strike_R"],"damage_healed":0.0,"max_hp_gain":0.0,"max_hp_loss":0.0,"gold_gain":0.0,"event_name":"Golden Wing","player_choice":"Card Removal","floor":5.0,"gold_loss":0.0,"damage_taken":7.0}],"is_beta":false,"boss_relics":[{"not_picked":["Eternal Feather","Ectoplasm"],"picked":"Coffee Dripper"}],"items_purged_floors":[13],"is_endless":false,"potions_floor_spawned":[3,4,7],"killed_by":"Chosen","ascension_level":1}