{"gold_per_floor":[117,117,140,140,66,66,89,65,88,88],"floor_reached":10,"playtime":308,"items_purged":[],"score":56,"play_id":"31ea13f7-6feb-47c5-8405-23e0f017a454","local_time":"20190714181428","is_ascension_mode":false,"campfire_choices":[{"data":"Neutralize","floor":6,"key":"SMITH"}],"neow_cost":"NONE","seed_source_timestamp":139259781515517,"circlet_count":0,"master_deck":["Strike_G","Strike_G","Strike_G","Strike_G","Defend_G","Defend_G","Defend_G","Defend_G","Defend_G","Survivor","Neutralize+1","Cloak And Dagger","Acrobatics","Die Die Die","Dagger Spray"],"relics":["Ring of the Snake","NeowsBlessing","Golden Idol","Oddly Smooth Stone"],"potions_floor_usage":[],"damage_taken":[{"damage":0,"enemies":"Jaw Worm","floor":1,"turns":1},{"damage":0,"enemies":"Small Slimes","floor":3,"turns":1},{"damage":0,"enemies":"2 Louse","floor":7,"turns":1},{"damage":40,"enemies":"Lagavulin","floor":10,"turns":11}],"seed_played":"-323901252405789593","potions_obtained":[{"floor":1,"key":"Weak Potion"},{"floor":3,"key":"GhostInAJar"}],"is_trial":false,"path_per_floor":["M","?","M","?","$","R","M","$","T","E"],"character_chosen":"THE_SILENT","items_purchased":["Die Die Die","Dagger Spray"],"campfire_rested":0,"item_purchase_floors":[5,8],"current_hp_per_floor":[70,65,65,58,58,58,58,58,58,18],"gold":88,"neow_bonus":"THREE_ENEMY_KILL","is_prod":false,"is_daily":false,"chose_seed":false,"campfire_upgraded":1,"win_rate":0,"timestamp":1563153268,"path_taken":["M","?","M","?","$","R","M","?","T","E"],"build_version":"2019-07-10","purchased_purges":0,"victory":false,"max_hp_per_floor":[70,65,65,65,65,65,65,65,65,65],"card_choices":[{"not_picked":["Infinite Blades","Backflip"],"picked":"Cloak And Dagger","floor":1},{"not_picked":["Tactician","Flechettes"],"picked":"Acrobatics","floor":3},{"not_picked":["Setup","Sucker Punch","Underhanded Strike"],"picked":"SKIP","floor":7}],"player_experience":1099974,"relics_obtained":[{"floor":9,"key":"Oddly Smooth Stone"}],"event_choices":[{"damage_healed":0,"gold_gain":0,"player_choice":"Lose Max HP","damage_taken":0,"relics_obtained":["Golden Idol"],"max_hp_gain":0,"max_hp_loss":5,"event_name":"Golden Idol","floor":2,"gold_loss":0},{"cards_removed":["Strike_G"],"damage_healed":0,"gold_gain":0,"player_choice":"Card Removal","damage_taken":7,"max_hp_gain":0,"max_hp_loss":0,"event_name":"Golden Wing","floor":4,"gold_loss":0}],"is_beta":true,"boss_relics":[],"items_purged_floors":[],"is_endless":false,"potions_floor_spawned":[1,3],"killed_by":"Lagavulin","ascension_level":0}