{"gold_per_floor":[117,117,128,141,159,159,176,208,238,269,279,307,322,341,341,443,443,433,42,0,11,11,11,30,30,102,120,120,135,166,211,211,308,308,328,348,364,381,381,381,408,408],"floor_reached":42,"playtime":3131,"items_purged":["Strike_B"],"score":699,"play_id":"be40dcb7-bb23-40e2-b094-cf57ab9475b0","local_time":"20190419124152","is_ascension_mode":true,"campfire_choices":[{"floor":6.0,"key":"REST"},{"floor":15.0,"key":"REST"},{"data":"Sunder","floor":23,"key":"SMITH"},{"data":"Buffer","floor":25,"key":"SMITH"},{"data":"Defragment","floor":28,"key":"SMITH"},{"data":"Creative AI","floor":32,"key":"SMITH"},{"data":"Zap","floor":40,"key":"SMITH"}],"neow_cost":"NONE","seed_source_timestamp":0,"circlet_count":0,"master_deck":["Strike_B","Defend_B","Defend_B","Defend_B","Defend_B","Zap+1","Dualcast","Rainbow","Sweeping Beam","Defragment+1","Cold Snap","Compile Driver","Self Repair","Reinforced Body","Reinforced Body","Conserve Battery","Go for the Eyes","Sunder+1","Buffer+1","Self Repair","Cold Snap","Hologram","Doom and Gloom","Coolheaded","Ball Lightning","Gash+1","Creative AI+1","Core Surge","Defragment+1","Consume+1","Go for the Eyes+1"],"special_seed":0,"relics":["Cracked Core","FaceOfCleric","Bag of Preparation","Tiny Chest","Pen Nib","Cables","Empty Cage","Blood Vial","Meat on the Bone","Bag of Marbles","Vajra","Inserter","Ornamental Fan","DataDisk"],"potions_floor_usage":[30,30,42],"damage_taken":[{"damage":16.0,"enemies":"Jaw Worm","floor":1.0,"turns":4.0},{"damage":0.0,"enemies":"Cultist","floor":3.0,"turns":4.0},{"damage":10.0,"enemies":"Small Slimes","floor":4.0,"turns":4.0},{"damage":24.0,"enemies":"3 Louse","floor":5.0,"turns":4.0},{"damage":9.0,"enemies":"Blue Slaver","floor":7.0,"turns":4.0},{"damage":14.0,"enemies":"Gremlin Nob","floor":8.0,"turns":4.0},{"damage":13.0,"enemies":"Lagavulin","floor":10.0,"turns":6.0},{"damage":2.0,"enemies":"Looter","floor":11.0,"turns":4.0},{"damage":23.0,"enemies":"3 Sentries","floor":12.0,"turns":8.0},{"damage":6.0,"enemies":"Gremlin Gang","floor":13.0,"turns":3.0},{"damage":0.0,"enemies":"3 Louse","floor":14.0,"turns":4.0},{"damage":51.0,"enemies":"Slime Boss","floor":16.0,"turns":12.0},{"damage":33,"enemies":"2 Thieves","floor":18,"turns":4},{"damage":16,"enemies":"3 Byrds","floor":21,"turns":5},{"damage":5,"enemies":"Snecko","floor":24,"turns":7},{"damage":32,"enemies":"Cultist and Chosen","floor":27,"turns":9},{"damage":8,"enemies":"Centurion and Healer","floor":29,"turns":9},{"damage":58,"enemies":"Gremlin Leader","floor":30,"turns":11},{"damage":13,"enemies":"Champ","floor":33,"turns":15},{"damage":15,"enemies":"3 Shapes","floor":35,"turns":7},{"damage":46,"enemies":"3 Darklings","floor":36,"turns":9},{"damage":15,"enemies":"Jaw Worm Horde","floor":37,"turns":4},{"damage":6,"enemies":"Spire Growth","floor":38,"turns":6},{"damage":58,"enemies":"Giant Head","floor":41,"turns":11},{"damage":52,"enemies":"Writhing Mass","floor":42,"turns":5}],"seed_played":"3026079213807275063","potions_obtained":[{"floor":3.0,"key":"FairyPotion"},{"floor":5.0,"key":"Fire Potion"},{"floor":7.0,"key":"LiquidBronze"},{"floor":8.0,"key":"Regen Potion"},{"floor":12.0,"key":"AttackPotion"},{"floor":18,"key":"FocusPotion"},{"floor":21,"key":"SpeedPotion"},{"floor":30,"key":"FearPotion"},{"floor":35,"key":"LiquidBronze"}],"is_trial":false,"path_per_floor":["?","M","$","?","T","T"],"character_chosen":"DEFECT","items_purchased":["Self Repair","Blood Vial","Cold Snap","Hologram"],"campfire_rested":2,"item_purchase_floors":[19,19,19,19],"current_hp_per_floor":[52,52,53,44,21,44,36,30,30,40,46,24,26,34,59,16,69,37,37,37,38,38,38,50,50,50,47,47,68,39,39,39,48,82,84,60,67,78,78,78,49,0],"gold":408,"neow_bonus":"ONE_RANDOM_RARE_CARD","is_prod":false,"is_daily":false,"chose_seed":false,"campfire_upgraded":5,"win_rate":0,"timestamp":1555670512,"path_taken":["M","?","M","M","M","R","M","E","T","E","M","E","?","M","R","BOSS","M","?","?","M","$","R","M","R","T","M","R","M","E","?","R","BOSS","M","M","M","M","?","R","E","M"],"build_version":"2019-01-23","purchased_purges":1,"victory":false,"max_hp_per_floor":[75,75,76,77,78,78,79,80,80,81,82,83,84,85,85,86,86,87,87,87,88,88,88,89,89,89,90,90,91,92,92,92,93,93,94,95,96,97,97,97,98,98],"card_choices":[{"not_picked":["Stack","Compile Driver"],"picked":"Sweeping Beam","floor":1.0},{"not_picked":["Chaos","Turbo"],"picked":"Defragment","floor":3.0},{"not_picked":["Genetic Algorithm","Consume"],"picked":"Cold Snap","floor":4.0},{"not_picked":["Hello World","Rebound"],"picked":"Compile Driver","floor":5.0},{"not_picked":["Beam Cell","Static Discharge"],"picked":"Self Repair","floor":7.0},{"not_picked":["Amplify","BootSequence"],"picked":"Reinforced Body","floor":8.0},{"not_picked":["Reboot","Compile Driver"],"picked":"Reinforced Body","floor":10.0},{"not_picked":["Rip and Tear","Cold Snap"],"picked":"Conserve Battery","floor":11.0},{"not_picked":["Barrage","Leap"],"picked":"Go for the Eyes","floor":12.0},{"not_picked":["Reprogram","Blizzard"],"picked":"Sunder","floor":13.0},{"not_picked":["Rainbow","Compile Driver","Stack"],"picked":"SKIP","floor":14.0},{"not_picked":["Multi-Cast","Machine Learning"],"picked":"Buffer","floor":16.0},{"not_picked":["Chaos","Steam Power","Compile Driver"],"picked":"SKIP","floor":18},{"not_picked":["Turbo","Self Repair"],"picked":"Doom and Gloom","floor":21},{"not_picked":["Turbo","Sweeping Beam"],"picked":"Coolheaded","floor":24},{"not_picked":["Sunder","Rip and Tear+1"],"picked":"Ball Lightning","floor":27},{"not_picked":["Beam Cell","Stack"],"picked":"Gash+1","floor":29},{"not_picked":["Beam Cell","Cold Snap+1"],"picked":"Creative AI","floor":30},{"not_picked":["Creative AI","Seek"],"picked":"Core Surge","floor":33},{"not_picked":["Hello World+1","Coolheaded+1"],"picked":"Defragment+1","floor":35},{"not_picked":["Rebound","Stack"],"picked":"Consume+1","floor":36},{"not_picked":["Ball Lightning","Turbo+1"],"picked":"Go for the Eyes+1","floor":37},{"not_picked":["Sweeping Beam+1","Conserve Battery","Leap+1"],"picked":"SKIP","floor":38},{"not_picked":["Scrape","Chaos+1","Reprogram+1"],"picked":"SKIP","floor":41}],"player_experience":494990,"relics_obtained":[{"floor":8.0,"key":"Bag of Preparation"},{"floor":9.0,"key":"Tiny Chest"},{"floor":10.0,"key":"Pen Nib"},{"floor":12.0,"key":"Cables"},{"floor":26,"key":"Meat on the Bone"},{"floor":30,"key":"Bag of Marbles"},{"floor":31,"key":"Vajra"},{"floor":39,"key":"Ornamental Fan"},{"floor":41,"key":"DataDisk"}],"event_choices":[{"damage_healed":0.0,"max_hp_gain":0.0,"max_hp_loss":0.0,"gold_gain":0.0,"event_name":"FaceTrader","player_choice":"Trade","floor":2.0,"gold_loss":0.0,"damage_taken":0.0,"relics_obtained":["FaceOfCleric"]},{"damage_healed":0,"gold_gain":0,"player_choice":"Paid Fearfully","damage_taken":0,"max_hp_gain":0,"max_hp_loss":0,"event_name":"Masked Bandits","floor":20,"gold_loss":42}],"is_beta":false,"boss_relics":[{"not_picked":["Philosopher\u0027s Stone","White Beast Statue"],"picked":"Empty Cage"},{"not_picked":["Nuclear Battery","Runic Pyramid"],"picked":"Inserter"}],"items_purged_floors":[19],"is_endless":false,"potions_floor_spawned":[3,5,7,8,12,18,21,27,30,35,37],"killed_by":"Writhing Mass","ascension_level":7}