{"gold_per_floor":[111,186,198,213,21,21,54,84,84,84,84,102,120,130,130,228,228,244,259,358,368,368,368,693,705,705,705,721,735,735,745,745,844,844,855,955,972,982,982,982,343,358,383,398,154,154,154,154,154,154],"floor_reached":51,"playtime":5306,"items_purged":[],"score":708,"play_id":"4008a887-a363-44d2-9915-f8c3010fe5b4","local_time":"20190216174610","is_ascension_mode":true,"campfire_choices":[{"data":"Night Terror","floor":6.0,"key":"SMITH"},{"floor":11.0,"key":"REST"},{"floor":15.0,"key":"REST"},{"floor":23.0,"key":"REST"},{"floor":27.0,"key":"REST"},{"data":"Bullet Time","floor":30.0,"key":"SMITH"},{"floor":32.0,"key":"REST"},{"data":"After Image","floor":40.0,"key":"SMITH"},{"data":"Footwork","floor":47.0,"key":"SMITH"},{"floor":49,"key":"REST"}],"neow_cost":"NONE","seed_source_timestamp":0,"circlet_count":0,"master_deck":["Survivor","Neutralize","Noxious Fumes","Noxious Fumes","Night Terror+1","Well Laid Plans","PiercingWail","Footwork+1","Backflip","Blade Dance","Bullet Time+1","Escape Plan","Cloak And Dagger","Acrobatics","A Thousand Cuts","Deflect","Leg Sweep","A Thousand Cuts","Terror","Crippling Poison","Terror","Accuracy","Backflip","Infinite Blades+1","PiercingWail","After Image+1","Predator+1","Footwork","Cloak And Dagger+1"],"special_seed":0,"relics":["Ring of the Snake","NeowsBlessing","Pen Nib","Gambling Chip","Pantograph","Pandora\u0027s Box","Old Coin","Question Card","Busted Crown","Unceasing Top","Bottled Tornado","Letter Opener","Art of War","Ornamental Fan"],"potions_floor_usage":[50,50,50],"damage_taken":[{"damage":0.0,"enemies":"Small Slimes","floor":1.0,"turns":1.0},{"damage":0.0,"enemies":"Jaw Worm","floor":3.0,"turns":1.0},{"damage":0.0,"enemies":"Cultist","floor":4.0,"turns":1.0},{"damage":30.0,"enemies":"3 Sentries","floor":7.0,"turns":7.0},{"damage":5.0,"enemies":"2 Fungi Beasts","floor":12.0,"turns":3.0},{"damage":1.0,"enemies":"Looter","floor":13.0,"turns":5.0},{"damage":6.0,"enemies":"Lots of Slimes","floor":14.0,"turns":5.0},{"damage":53.0,"enemies":"Slime Boss","floor":16.0,"turns":13.0},{"damage":0.0,"enemies":"Spheric Guardian","floor":18.0,"turns":5.0},{"damage":10.0,"enemies":"Shell Parasite","floor":19.0,"turns":7.0},{"damage":31.0,"enemies":"3 Cultists","floor":21.0,"turns":5.0},{"damage":14.0,"enemies":"Gremlin Leader","floor":24.0,"turns":7.0},{"damage":2.0,"enemies":"Centurion and Healer","floor":25.0,"turns":9.0},{"damage":20.0,"enemies":"Snecko","floor":28.0,"turns":5.0},{"damage":3.0,"enemies":"Snake Plant","floor":29.0,"turns":6.0},{"damage":1.0,"enemies":"Centurion and Healer","floor":31.0,"turns":5.0},{"damage":8.0,"enemies":"Champ","floor":33.0,"turns":13.0},{"damage":8.0,"enemies":"Orb Walker","floor":35.0,"turns":6.0},{"damage":0.0,"enemies":"Mind Bloom Boss Battle","floor":36.0,"turns":7.0},{"damage":10.0,"enemies":"3 Darklings","floor":37.0,"turns":5.0},{"damage":44.0,"enemies":"Transient","floor":38.0,"turns":5.0},{"damage":16.0,"enemies":"4 Shapes","floor":42.0,"turns":3.0},{"damage":0.0,"enemies":"Maw","floor":44.0,"turns":7.0},{"damage":49,"enemies":"Awakened One","floor":50,"turns":14}],"seed_played":"7164590464676529691","potions_obtained":[{"floor":4.0,"key":"Explosive Potion"},{"floor":12.0,"key":"SteroidPotion"},{"floor":13.0,"key":"Fire Potion"},{"floor":16.0,"key":"PowerPotion"},{"floor":21.0,"key":"LiquidBronze"},{"floor":22.0,"key":"Block Potion"},{"floor":25.0,"key":"Strength Potion"},{"floor":28.0,"key":"Dexterity Potion"},{"floor":29.0,"key":"SpeedPotion"},{"floor":33.0,"key":"Regen Potion"},{"floor":35.0,"key":"EssenceOfSteel"},{"floor":36.0,"key":"GamblersBrew"},{"floor":42.0,"key":"Poison Potion"}],"is_trial":false,"path_per_floor":["M","?","M","M","$","R","E","?","T","?","R","M","M","M","R","B",null,"M","M","?","M","?","R","E","M","T","R","M","M","R","M","R","B",null,"M","?","M","M","?","R","$","M","T","M","$","?","R","?","R","B",null],"character_chosen":"THE_SILENT","items_purchased":["Well Laid Plans","Pen Nib","Bottled Tornado","Letter Opener","Footwork","Regen Potion","Ornamental Fan"],"campfire_rested":6,"item_purchase_floors":[5,5,41,41,41,41,45],"current_hp_per_floor":[70,59,59,59,59,59,29,29,29,29,50,45,44,38,59,17,70,70,60,60,29,29,50,36,34,34,55,35,32,32,31,52,62,70,62,70,60,25,61,61,61,45,45,45,45,45,45,45,61,27],"gold":154,"neow_bonus":"THREE_ENEMY_KILL","is_prod":false,"is_daily":false,"chose_seed":false,"campfire_upgraded":4,"win_rate":0,"timestamp":1550367970,"path_taken":["M","?","M","M","$","R","E","?","T","?","R","M","M","M","R","BOSS","M","?","?","M","?","R","E","M","T","R","?","M","R","M","R","BOSS","M","?","M","M","?","R","$","M","T","M","$","?","R","?","R","BOSS"],"build_version":"2019-01-23","purchased_purges":0,"victory":true,"max_hp_per_floor":[70,70,70,70,70,70,70,70,70,70,70,70,70,70,70,70,70,70,70,70,70,70,70,70,70,70,70,70,70,70,70,70,70,70,70,70,70,70,61,61,61,61,61,61,61,61,61,61,61,61],"card_choices":[{"not_picked":["Outmaneuver","Flechettes"],"picked":"Noxious Fumes","floor":1.0},{"not_picked":["Heel Hook","Prepared"],"picked":"Noxious Fumes","floor":3.0},{"not_picked":["Blade Dance","Crippling Poison"],"picked":"Night Terror","floor":4.0},{"not_picked":["Dagger Throw","All Out Attack"],"picked":"PiercingWail","floor":7.0},{"not_picked":["Acrobatics","Deadly Poison"],"picked":"Footwork","floor":12.0},{"not_picked":["Heel Hook","Choke"],"picked":"Backflip","floor":13.0},{"not_picked":["Slice","Underhanded Strike"],"picked":"Blade Dance","floor":14.0},{"not_picked":["Corpse Explosion","Die Die Die"],"picked":"Bullet Time","floor":16.0},{"not_picked":["Cloak And Dagger","Sucker Punch"],"picked":"Accuracy","floor":18.0},{"not_picked":["Dodge and Roll","Heel Hook"],"picked":"Backflip","floor":19.0},{"not_picked":["Dodge and Roll","Flechettes"],"picked":"Infinite Blades+1","floor":21.0},{"not_picked":["Dodge and Roll","Sucker Punch"],"picked":"Dagger Spray","floor":24.0},{"not_picked":["Night Terror","Acrobatics","Prepared+1"],"picked":"SKIP","floor":25.0},{"not_picked":["Calculated Gamble","Outmaneuver","Flying Knee"],"picked":"PiercingWail","floor":28.0},{"not_picked":["PiercingWail","Malaise","Sucker Punch+1","Dagger Throw"],"picked":"SKIP","floor":29.0},{"not_picked":["Poisoned Stab","Leg Sweep","PiercingWail","Escape Plan"],"picked":"SKIP","floor":31.0},{"not_picked":["Corpse Explosion","Storm of Steel","A Thousand Cuts"],"picked":"After Image","floor":33.0},{"not_picked":["Bane","Prepared+1"],"picked":"SKIP","floor":35.0},{"not_picked":["Cloak And Dagger"],"picked":"Predator+1","floor":37.0},{"not_picked":["Underhanded Strike","Prepared+1"],"picked":"SKIP","floor":38.0},{"not_picked":["PiercingWail"],"picked":"Cloak And Dagger+1","floor":42.0},{"not_picked":["Endless Agony+1","Well Laid Plans"],"picked":"SKIP","floor":44.0}],"player_experience":51458,"relics_obtained":[{"floor":7.0,"key":"Gambling Chip"},{"floor":9.0,"key":"Pantograph"},{"floor":24.0,"key":"Old Coin"},{"floor":26.0,"key":"Question Card"},{"floor":36.0,"key":"Unceasing Top"},{"floor":43.0,"key":"Art of War"}],"event_choices":[{"damage_healed":0.0,"max_hp_gain":0.0,"max_hp_loss":0.0,"gold_gain":75.0,"event_name":"World of Goop","player_choice":"Gather Gold","floor":2.0,"gold_loss":0.0,"damage_taken":11.0},{"damage_healed":0.0,"max_hp_gain":0.0,"max_hp_loss":0.0,"gold_gain":30.0,"event_name":"Dead Adventurer","player_choice":"Searched \u00271\u0027 times","floor":8.0,"gold_loss":0.0,"damage_taken":0.0},{"damage_healed":0.0,"max_hp_gain":0.0,"max_hp_loss":0.0,"gold_gain":0.0,"event_name":"Match and Keep!","player_choice":"0 cards matched","floor":10.0,"gold_loss":0.0,"damage_taken":0.0,"cards_obtained":[]},{"damage_healed":0.0,"max_hp_gain":0.0,"max_hp_loss":0.0,"gold_gain":99.0,"event_name":"Nest","player_choice":"Stole From Cult","floor":20.0,"gold_loss":0.0,"damage_taken":0.0},{"damage_healed":0.0,"max_hp_gain":0.0,"max_hp_loss":0.0,"gold_gain":0.0,"event_name":"Lab","player_choice":"Got Potions","floor":22.0,"gold_loss":0.0,"damage_taken":0.0},{"damage_healed":0.0,"max_hp_gain":0.0,"max_hp_loss":0.0,"gold_gain":0.0,"event_name":"MindBloom","player_choice":"Fight","floor":36.0,"gold_loss":0.0,"damage_taken":0.0},{"damage_healed":61.0,"max_hp_gain":0.0,"max_hp_loss":9.0,"gold_gain":0.0,"event_name":"The Moai Head","player_choice":"Heal","floor":39.0,"gold_loss":0.0,"damage_taken":0.0},{"cards_removed":["Dagger Spray"],"damage_healed":0.0,"max_hp_gain":0.0,"max_hp_loss":0.0,"gold_gain":0.0,"event_name":"Falling","player_choice":"Removed Attack","floor":46.0,"gold_loss":0.0,"damage_taken":0.0},{"damage_healed":0,"gold_gain":0,"player_choice":"Ignored","damage_taken":0,"max_hp_gain":0,"max_hp_loss":0,"event_name":"Mysterious Sphere","floor":48,"gold_loss":0}],"is_beta":false,"boss_relics":[{"not_picked":["WristBlade","Philosopher\u0027s Stone"],"picked":"Pandora\u0027s Box"},{"not_picked":["White Beast Statue","Black Star"],"picked":"Busted Crown"}],"items_purged_floors":[],"is_endless":false,"potions_floor_spawned":[4,12,13,16,21,25,28,29,33,35,36,42],"ascension_level":2}