{"gold_per_floor":[117,117,132,145,157,183,183,211,236,35,35,60,60,79,79,181,181,201,29,44,55,55,55,384,395,395,405,439,439,439,364,364,461,461,474,474,252,269,279,311,311,411,411,462,472,486,273,305,305,305],"floor_reached":51,"playtime":4573,"items_purged":["Strike_B","Strike_B","Amplify"],"score":881,"play_id":"23f83e62-ac52-49fe-b138-3368cd47d1e1","local_time":"20190401154058","is_ascension_mode":true,"campfire_choices":[{"floor":11,"key":"REST"},{"floor":13,"key":"REST"},{"data":"Zap","floor":15,"key":"SMITH"},{"data":"Defragment","floor":23,"key":"SMITH"},{"data":"Defragment","floor":29,"key":"SMITH"},{"data":"Loop","floor":32,"key":"SMITH"},{"data":"Capacitor","floor":41,"key":"SMITH"},{"floor":49,"key":"REST"}],"neow_cost":"NONE","seed_source_timestamp":20781263299261,"circlet_count":0,"master_deck":["Defend_B","Defend_B","Defend_B","Zap+1","Dualcast","Cold Snap","Barrage","Reinforced Body","Barrage","Machine Learning","Defragment+1","Defragment+1","Ball Lightning","Gash","Echo Form","Self Repair","Capacitor+1","Sweeping Beam","Loop+1","Deep Breath","Go for the Eyes","Doom and Gloom+1","Capacitor","Conserve Battery+1","Coolheaded","Redo+1","Gash+1","Gash","Cold Snap+1","Loop","Blizzard"],"relics":["FrozenCore","NeowsBlessing","FossilizedHelix","Boot","Anchor","Art of War","Torii","Old Coin","Bottled Flame","Meat on the Bone","Orichalcum","Empty Cage","DataDisk","Ornamental Fan","StoneCalendar","Darkstone Periapt","Pocketwatch","Nunchaku"],"potions_floor_usage":[6,12,12,16,20,21,24,28,35,42,44,44,44,44,50,50,50],"damage_taken":[{"damage":0,"enemies":"2 Louse","floor":1,"turns":1},{"damage":0,"enemies":"Small Slimes","floor":3,"turns":1},{"damage":0,"enemies":"Cultist","floor":4,"turns":1},{"damage":8,"enemies":"Large Slime","floor":5,"turns":6},{"damage":24,"enemies":"Gremlin Nob","floor":6,"turns":4},{"damage":20,"enemies":"3 Sentries","floor":8,"turns":8},{"damage":0,"enemies":"Gremlin Nob","floor":12,"turns":5},{"damage":0,"enemies":"2 Fungi Beasts","floor":14,"turns":3},{"damage":5,"enemies":"Hexaghost","floor":16,"turns":7},{"damage":15,"enemies":"Shell Parasite","floor":18,"turns":6},{"damage":0,"enemies":"3 Byrds","floor":20,"turns":5},{"damage":8,"enemies":"Snake Plant","floor":21,"turns":5},{"damage":22,"enemies":"Gremlin Leader","floor":24,"turns":8},{"damage":0,"enemies":"Centurion and Healer","floor":25,"turns":7},{"damage":16,"enemies":"3 Cultists","floor":27,"turns":5},{"damage":7,"enemies":"Book of Stabbing","floor":28,"turns":5},{"damage":0,"enemies":"Champ","floor":33,"turns":10},{"damage":1,"enemies":"3 Darklings","floor":35,"turns":6},{"damage":0,"enemies":"Orb Walker","floor":38,"turns":6},{"damage":0,"enemies":"Spire Growth","floor":39,"turns":7},{"damage":0,"enemies":"Giant Head","floor":40,"turns":8},{"damage":21,"enemies":"Mind Bloom Boss Battle","floor":42,"turns":6},{"damage":7,"enemies":"2 Orb Walkers","floor":44,"turns":6},{"damage":1,"enemies":"Transient","floor":45,"turns":5},{"damage":0,"enemies":"Writhing Mass","floor":46,"turns":7},{"damage":35,"enemies":"Reptomancer","floor":48,"turns":7},{"damage":48,"enemies":"Awakened One","floor":50,"turns":11}],"seed_played":"605572483602577187","potions_obtained":[{"floor":3,"key":"LiquidBronze"},{"floor":4,"key":"SkillPotion"},{"floor":8,"key":"SpeedPotion"},{"floor":16,"key":"Energy Potion"},{"floor":18,"key":"SkillPotion"},{"floor":20,"key":"SkillPotion"},{"floor":25,"key":"Energy Potion"},{"floor":33,"key":"Explosive Potion"},{"floor":35,"key":"Explosive Potion"},{"floor":42,"key":"EntropicBrew"},{"floor":46,"key":"Dexterity Potion"}],"is_trial":false,"path_per_floor":["?","?","?","M","?","?","?","M","?","?","M"],"character_chosen":"DEFECT","items_purchased":["Defragment","Block Potion","Capacitor","DataDisk","FocusPotion","PowerPotion","Loop"],"campfire_rested":3,"item_purchase_floors":[10,10,19,37,37,47,47],"current_hp_per_floor":[75,75,75,75,67,43,25,5,5,5,27,27,49,49,49,44,75,60,60,74,66,66,66,44,51,51,42,49,49,49,49,49,56,75,75,75,75,75,75,75,75,68,68,61,67,75,75,54,75,39],"gold":305,"neow_bonus":"THREE_ENEMY_KILL","is_prod":false,"is_daily":false,"chose_seed":false,"campfire_upgraded":5,"win_rate":0,"timestamp":1554126058,"path_taken":["M","?","M","M","M","E","?","E","T","$","R","E","R","M","R","BOSS","M","$","M","M","?","R","E","?","T","M","E","R","?","?","R","BOSS","M","?","$","?","M","E","R","?","T","?","?","M","$","E","R","BOSS"],"build_version":"2019-01-23","purchased_purges":3,"victory":true,"max_hp_per_floor":[75,75,75,75,75,75,75,75,75,75,75,75,75,75,75,75,75,75,75,75,75,75,75,75,75,75,75,75,75,75,75,75,75,75,75,75,75,75,75,75,75,75,75,75,75,75,75,75,75,75],"card_choices":[{"not_picked":["Redo","Compile Driver"],"picked":"Cold Snap","floor":1},{"not_picked":["Hologram","Lockon"],"picked":"Barrage","floor":3},{"not_picked":["Ball Lightning","Beam Cell"],"picked":"Reinforced Body","floor":4},{"not_picked":["Scrape","Rebound"],"picked":"Barrage","floor":5},{"not_picked":["Hello World","Turbo"],"picked":"Machine Learning","floor":6},{"not_picked":["Steam","FTL"],"picked":"Defragment","floor":8},{"not_picked":["Rebound","Machine Learning"],"picked":"Ball Lightning","floor":12},{"not_picked":["Compile Driver","Rebound"],"picked":"Gash","floor":14},{"not_picked":["Core Surge","Creative AI"],"picked":"Echo Form","floor":16},{"not_picked":["Beam Cell","Ball Lightning"],"picked":"Self Repair","floor":18},{"not_picked":["Steam","Capacitor"],"picked":"Sweeping Beam","floor":20},{"not_picked":["Ball Lightning","Barrage"],"picked":"Loop","floor":21},{"not_picked":["Thunder Strike","Rebound+1","Leap"],"picked":"SKIP","floor":24},{"not_picked":["Recycle","Consume"],"picked":"Go for the Eyes","floor":25},{"not_picked":["Redo","Turbo"],"picked":"Doom and Gloom+1","floor":27},{"not_picked":["Ball Lightning","Self Repair"],"picked":"Capacitor","floor":28},{"not_picked":["Meteor Strike","Machine Learning"],"picked":"Amplify","floor":33},{"not_picked":["Genetic Algorithm+1","Ball Lightning+1"],"picked":"Conserve Battery+1","floor":35},{"not_picked":["Compile Driver","Genetic Algorithm+1","Steam Power+1"],"picked":"SKIP","floor":38},{"not_picked":["Rip and Tear+1","Barrage+1"],"picked":"Redo+1","floor":39},{"not_picked":["Leap+1","Undo","Sunder"],"picked":"SKIP","floor":40},{"not_picked":["FTL","Barrage+1"],"picked":"Gash+1","floor":42},{"not_picked":["Force Field+1","Redo"],"picked":"Gash","floor":44},{"not_picked":["Go for the Eyes+1","Aggregate"],"picked":"Cold Snap+1","floor":45},{"not_picked":["Streamline+1","Sweeping Beam+1","Double Energy"],"picked":"SKIP","floor":46},{"not_picked":["Capacitor+1","Fusion+1"],"picked":"Blizzard","floor":48}],"player_experience":340350,"relics_obtained":[{"floor":6,"key":"FossilizedHelix"},{"floor":8,"key":"Anchor"},{"floor":9,"key":"Art of War"},{"floor":12,"key":"Torii"},{"floor":24,"key":"Old Coin"},{"floor":26,"key":"Bottled Flame"},{"floor":28,"key":"Meat on the Bone"},{"floor":40,"key":"Ornamental Fan"},{"floor":42,"key":"StoneCalendar"},{"floor":43,"key":"Darkstone Periapt"},{"floor":44,"key":"Pocketwatch"},{"floor":48,"key":"Nunchaku"}],"event_choices":[{"damage_healed":0,"gold_gain":0,"player_choice":"Ignored","damage_taken":0,"max_hp_gain":0,"max_hp_loss":0,"event_name":"Liars Game","floor":2,"gold_loss":0},{"damage_healed":0,"gold_gain":0,"player_choice":"Success","damage_taken":18,"relics_obtained":["Boot"],"max_hp_gain":0,"max_hp_loss":0,"event_name":"Scrap Ooze","floor":7,"gold_loss":0},{"damage_healed":0,"gold_gain":0,"player_choice":"1 cards matched","damage_taken":0,"max_hp_gain":0,"max_hp_loss":0,"event_name":"Match and Keep!","floor":22,"gold_loss":0,"cards_obtained":["Deep Breath"]},{"damage_healed":0,"gold_gain":0,"player_choice":"Opened","damage_taken":0,"relics_obtained":["Orichalcum"],"max_hp_gain":0,"max_hp_loss":0,"event_name":"The Mausoleum","floor":30,"gold_loss":0,"cards_obtained":["Writhe"]},{"cards_removed":["Writhe"],"damage_healed":0,"gold_gain":0,"player_choice":"Gave Gold","damage_taken":0,"max_hp_gain":0,"max_hp_loss":0,"event_name":"Beggar","floor":31,"gold_loss":75},{"damage_healed":0,"gold_gain":0,"cards_transformed":["Defend_B"],"player_choice":"Transformed","damage_taken":0,"max_hp_gain":0,"max_hp_loss":0,"event_name":"Transmorgrifier","floor":36,"gold_loss":0,"cards_obtained":["Coolheaded"]},{"damage_healed":0,"gold_gain":0,"player_choice":"Fight","damage_taken":0,"max_hp_gain":0,"max_hp_loss":0,"event_name":"MindBloom","floor":42,"gold_loss":0},{"damage_healed":0,"gold_gain":0,"player_choice":"Fight","damage_taken":0,"max_hp_gain":0,"max_hp_loss":0,"event_name":"Mysterious Sphere","floor":44,"gold_loss":0}],"is_beta":false,"boss_relics":[{"not_picked":["White Beast Statue","Ectoplasm"],"picked":"FrozenCore"},{"not_picked":["Nuclear Battery","Black Star"],"picked":"Empty Cage"}],"items_purged_floors":[10,19,47],"is_endless":false,"potions_floor_spawned":[3,4,8,16,18,20,25,33,35,42,46,48],"ascension_level":1}