{"gold_per_floor":[115,65,84,14,28,58,73,73,73,34,34,60,60,60,60,158,158,173,173,188,25,55,55,87,100,100,133,148,168,183,207,207,310,310,328,344,344,344,356,367,377,48,74,74,92,107,107,118,118,118],"floor_reached":51,"playtime":3115,"items_purged":["Strike_G","Strike_G"],"score":1132,"play_id":"8b131363-3e39-47c5-9563-4a13b187c888","local_time":"20190531084943","is_ascension_mode":true,"campfire_choices":[{"data":"Footwork","floor":8,"key":"SMITH"},{"floor":11,"key":"REST"},{"data":"Neutralize","floor":15,"key":"SMITH"},{"floor":23,"key":"REST"},{"data":"Footwork","floor":32,"key":"SMITH"},{"floor":44,"key":"REST"},{"data":"Catalyst","floor":47,"key":"SMITH"},{"floor":49,"key":"REST"}],"neow_cost":"NONE","seed_source_timestamp":488334182809,"circlet_count":0,"master_deck":["AscendersBane","Defend_G","Defend_G","Defend_G","Defend_G","Defend_G","Strike_G","Survivor","Neutralize+1","Backflip","Dodge and Roll","Footwork+1","Leg Sweep","Deadly Poison","Quick Slash","Noxious Fumes+1","Backflip","After Image","Heel Hook","Neutralize","PiercingWail","Footwork+1","Acrobatics","Backstab","Slice","Night Terror","Backstab","Catalyst+1","Crippling Poison","Footwork","Blade Dance+1","Skewer"],"relics":["Ring of the Snake","Kunai","Du-Vu Doll","Ice Cream","Busted Crown","Red Mask","Regal Pillow","Pantograph","Mango","Bag of Marbles","Runic Pyramid","Pen Nib"],"potions_floor_usage":[12,12,27,45,50],"damage_taken":[{"damage":0,"enemies":"2 Louse","floor":1,"turns":3},{"damage":0,"enemies":"Small Slimes","floor":3,"turns":5},{"damage":8,"enemies":"Jaw Worm","floor":5,"turns":10},{"damage":21,"enemies":"3 Sentries","floor":6,"turns":22},{"damage":13,"enemies":"Large Slime","floor":7,"turns":18},{"damage":40,"enemies":"Gremlin Nob","floor":12,"turns":5},{"damage":3,"enemies":"Hexaghost","floor":16,"turns":11},{"damage":0,"enemies":"Spheric Guardian","floor":18,"turns":5},{"damage":0,"enemies":"Shell Parasite","floor":20,"turns":7},{"damage":34,"enemies":"Masked Bandits","floor":22,"turns":6},{"damage":10,"enemies":"Slavers","floor":24,"turns":7},{"damage":17,"enemies":"Centurion and Healer","floor":25,"turns":9},{"damage":5,"enemies":"Gremlin Leader","floor":27,"turns":8},{"damage":4,"enemies":"Snecko","floor":28,"turns":7},{"damage":3,"enemies":"Sentry and Sphere","floor":29,"turns":7},{"damage":0,"enemies":"Centurion and Healer","floor":30,"turns":8},{"damage":30,"enemies":"Collector","floor":33,"turns":13},{"damage":21,"enemies":"3 Darklings","floor":35,"turns":6},{"damage":12,"enemies":"3 Shapes","floor":36,"turns":6},{"damage":20,"enemies":"Jaw Worm Horde","floor":39,"turns":7},{"damage":0,"enemies":"Spire Growth","floor":40,"turns":8},{"damage":5,"enemies":"Sphere and 2 Shapes","floor":41,"turns":6},{"damage":7,"enemies":"Transient","floor":45,"turns":5},{"damage":8,"enemies":"Jaw Worm Horde","floor":46,"turns":5},{"damage":15,"enemies":"4 Shapes","floor":48,"turns":5},{"damage":16,"enemies":"Time Eater","floor":50,"turns":7}],"seed_played":"-2423845089931293053","potions_obtained":[{"floor":3,"key":"Strength Potion"},{"floor":5,"key":"Strength Potion"},{"floor":6,"key":"Regen Potion"},{"floor":24,"key":"Fire Potion"},{"floor":25,"key":"Fire Potion"},{"floor":27,"key":"FearPotion"},{"floor":33,"key":"Energy Potion"},{"floor":46,"key":"Poison Potion"}],"is_trial":false,"path_per_floor":["?","?","?","?","?","M","?","T","?","?","M"],"character_chosen":"THE_SILENT","items_purchased":["Footwork","PiercingWail","Footwork","Catalyst","Crippling Poison","Footwork"],"campfire_rested":4,"item_purchase_floors":[4,21,21,42,42,42],"current_hp_per_floor":[70,70,70,70,62,41,28,28,28,28,51,25,25,25,25,22,63,63,63,63,63,29,52,42,25,25,34,30,27,27,27,27,22,74,53,41,41,41,21,21,16,16,16,56,49,41,41,26,66,70],"gold":118,"neow_bonus":"TEN_PERCENT_HP_BONUS","is_prod":false,"is_daily":false,"chose_seed":false,"campfire_upgraded":4,"win_rate":0,"timestamp":1559285383,"path_taken":["M","?","M","$","M","E","M","R","T","?","R","E","?","?","R","BOSS","M","?","?","$","?","R","E","M","T","E","M","M","M","?","R","BOSS","M","M","?","?","M","?","M","$","T","R","M","M","R","M","R","BOSS"],"build_version":"2019-01-23","purchased_purges":2,"victory":true,"max_hp_per_floor":[77,77,77,77,77,77,77,77,77,77,77,77,77,77,77,77,77,77,77,77,77,77,77,77,77,77,91,91,91,91,91,91,91,91,91,91,91,86,86,86,86,86,86,86,86,86,86,86,86,86],"card_choices":[{"not_picked":["Choke","Sucker Punch"],"picked":"Backflip","floor":1},{"not_picked":["Outmaneuver","Dagger Throw"],"picked":"Dodge and Roll","floor":3},{"not_picked":["Poisoned Stab","Reflex"],"picked":"Leg Sweep","floor":5},{"not_picked":["Tools of the Trade","Dagger Throw"],"picked":"Deadly Poison","floor":6},{"not_picked":["Concentrate","Reflex"],"picked":"Quick Slash","floor":7},{"not_picked":["Flying Knee","Expertise"],"picked":"Noxious Fumes","floor":12},{"not_picked":["Tools of the Trade","Grand Finale"],"picked":"After Image","floor":16},{"not_picked":[],"picked":"Heel Hook","floor":18},{"not_picked":["Underhanded Strike"],"picked":"SKIP","floor":20},{"not_picked":[],"picked":"Acrobatics","floor":24},{"not_picked":[],"picked":"Backstab","floor":25},{"not_picked":["Dagger Throw"],"picked":"SKIP","floor":27},{"not_picked":[],"picked":"Slice","floor":28},{"not_picked":["Dagger Throw"],"picked":"SKIP","floor":29},{"not_picked":["Prepared"],"picked":"SKIP","floor":30},{"not_picked":[],"picked":"Night Terror","floor":33},{"not_picked":["Eviscerate"],"picked":"SKIP","floor":35},{"not_picked":["Sucker Punch"],"picked":"SKIP","floor":36},{"not_picked":["Flying Knee+1"],"picked":"SKIP","floor":39},{"not_picked":["Flying Knee"],"picked":"SKIP","floor":40},{"not_picked":[],"picked":"Backstab","floor":41},{"not_picked":[],"picked":"Blade Dance+1","floor":45},{"not_picked":[],"picked":"Skewer","floor":46},{"not_picked":["Heel Hook"],"picked":"SKIP","floor":48}],"player_experience":750955,"relics_obtained":[{"floor":6,"key":"Kunai"},{"floor":9,"key":"Du-Vu Doll"},{"floor":12,"key":"Ice Cream"},{"floor":22,"key":"Red Mask"},{"floor":24,"key":"Regal Pillow"},{"floor":26,"key":"Pantograph"},{"floor":27,"key":"Mango"},{"floor":31,"key":"Bag of Marbles"},{"floor":43,"key":"Pen Nib"}],"event_choices":[{"cards_removed":["Strike_G"],"damage_healed":0,"gold_gain":0,"player_choice":"Card Removal","damage_taken":0,"max_hp_gain":0,"max_hp_loss":0,"event_name":"The Cleric","floor":2,"gold_loss":50},{"damage_healed":0,"gold_gain":0,"player_choice":"Left Gold","damage_taken":0,"max_hp_gain":0,"max_hp_loss":0,"event_name":"World of Goop","floor":10,"gold_loss":39},{"damage_healed":0,"gold_gain":0,"player_choice":"Grow","damage_taken":0,"max_hp_gain":0,"max_hp_loss":0,"event_name":"Living Wall","floor":13,"gold_loss":0,"cards_upgraded":["Noxious Fumes"]},{"damage_healed":0,"gold_gain":0,"cards_transformed":["Strike_G"],"player_choice":"Transformed","damage_taken":0,"max_hp_gain":0,"max_hp_loss":0,"event_name":"Transmorgrifier","floor":14,"gold_loss":0,"cards_obtained":["Backflip"]},{"damage_healed":0,"gold_gain":0,"player_choice":"1 cards matched","damage_taken":0,"max_hp_gain":0,"max_hp_loss":0,"event_name":"Match and Keep!","floor":19,"gold_loss":0,"cards_obtained":["Neutralize"]},{"damage_healed":0,"gold_gain":0,"player_choice":"Fought Bandits","damage_taken":0,"max_hp_gain":0,"max_hp_loss":0,"event_name":"Masked Bandits","floor":22,"gold_loss":0},{"damage_healed":0,"gold_gain":0,"player_choice":"Memory 1","damage_taken":0,"max_hp_gain":0,"max_hp_loss":0,"event_name":"SensoryStone","floor":37,"gold_loss":0},{"damage_healed":0,"gold_gain":0,"player_choice":"Max HP","damage_taken":0,"max_hp_gain":0,"max_hp_loss":5,"event_name":"Winding Halls","floor":38,"gold_loss":0}],"is_beta":false,"boss_relics":[{"not_picked":["Orrery","HoveringKite"],"picked":"Busted Crown"},{"not_picked":["White Beast Statue","Runic Dome"],"picked":"Runic Pyramid"}],"items_purged_floors":[21,42],"is_endless":false,"potions_floor_spawned":[3,5,6,24,25,27,28,33,35,36,46,48],"ascension_level":12}