{"gold_per_floor":[112,125,125,56,70,103,103,130,130,202,1,35,52,52,52,147,147,160,173,191,209,18,18,18,18,18,18],"floor_reached":27,"playtime":4965,"items_purged":[],"score":243,"play_id":"e2d703ae-2241-4a53-a1c6-76a383cfa5a7","local_time":"20190328141103","is_ascension_mode":true,"campfire_choices":[{"data":"Dualcast","floor":7,"key":"SMITH"},{"floor":15,"key":"REST"},{"floor":23,"key":"REST"},{"data":"Turbo","floor":25,"key":"SMITH"}],"neow_cost":"NONE","seed_source_timestamp":17540313216656,"circlet_count":0,"master_deck":["Strike_B","Strike_B","Strike_B","Strike_B","Defend_B","Defend_B","Defend_B","Defend_B","Zap+1","Dualcast+1","Turbo+1","Coolheaded","Doom and Gloom","Fusion+1","Loop","Hologram+1","Recycle+1","Sweeping Beam","Echo Form","Self Repair","Coolheaded+1","Reinforced Body+1"],"relics":["Cracked Core","NeowsBlessing","Toxic Egg 2","Ice Cream","Kunai","Bottled Lightning","ClockworkSouvenir","Centennial Puzzle","Eternal Feather","Runic Capacitor","Dodecahedron"],"potions_floor_usage":[8,12,16,20,27],"damage_taken":[{"damage":0,"enemies":"Cultist","floor":1,"turns":1},{"damage":0,"enemies":"2 Louse","floor":2,"turns":1},{"damage":0,"enemies":"Small Slimes","floor":5,"turns":1},{"damage":24,"enemies":"Gremlin Nob","floor":6,"turns":4},{"damage":3,"enemies":"3 Sentries","floor":8,"turns":4},{"damage":18,"enemies":"Gremlin Nob","floor":12,"turns":3},{"damage":4,"enemies":"Red Slaver","floor":13,"turns":4},{"damage":25,"enemies":"Hexaghost","floor":16,"turns":9},{"damage":27,"enemies":"Shell Parasite","floor":18,"turns":8},{"damage":10,"enemies":"Spheric Guardian","floor":19,"turns":4},{"damage":19,"enemies":"Centurion and Healer","floor":20,"turns":7},{"damage":20,"enemies":"Shelled Parasite and Fungi","floor":21,"turns":7},{"damage":67,"enemies":"Slavers","floor":27,"turns":4}],"seed_played":"-8560051671973656183","potions_obtained":[{"floor":2,"key":"Swift Potion"},{"floor":6,"key":"PowerPotion"},{"floor":12,"key":"AttackPotion"},{"floor":18,"key":"Weak Potion"},{"floor":19,"key":"PowerPotion"}],"is_trial":false,"path_per_floor":["T","M","?","?","?"],"character_chosen":"DEFECT","items_purchased":["Doom and Gloom","ClockworkSouvenir","Runic Capacitor"],"campfire_rested":2,"item_purchase_floors":[4,11,22],"current_hp_per_floor":[75,75,75,75,75,51,51,48,48,48,48,30,26,26,48,23,75,48,45,33,27,27,61,54,66,66,0],"gold":18,"neow_bonus":"THREE_ENEMY_KILL","is_prod":false,"is_daily":false,"chose_seed":false,"campfire_upgraded":2,"win_rate":0,"timestamp":1553778663,"path_taken":["M","M","?","$","?","E","R","E","T","?","$","E","M","?","R","BOSS","M","M","M","M","$","R","?","R","T","E"],"build_version":"2019-01-23","purchased_purges":0,"victory":false,"max_hp_per_floor":[75,75,75,75,75,75,75,75,75,75,75,75,75,75,75,75,75,75,75,75,75,75,75,75,75,75,75],"card_choices":[{"not_picked":["Compile Driver","Steam Power"],"picked":"Turbo","floor":1},{"not_picked":["Steam","Beam Cell"],"picked":"Coolheaded","floor":2},{"not_picked":["Blizzard","Doom and Gloom"],"picked":"Fusion+1","floor":5},{"not_picked":["Beam Cell","Fusion+1"],"picked":"Loop","floor":6},{"not_picked":["Fusion+1","Genetic Algorithm+1"],"picked":"Hologram+1","floor":8},{"not_picked":["FTL","Static Discharge"],"picked":"Recycle+1","floor":12},{"not_picked":["Ball Lightning","Melter"],"picked":"Sweeping Beam","floor":13},{"not_picked":["Reboot+1","Amplify+1"],"picked":"Echo Form","floor":16},{"not_picked":["Hologram+1","Chill+1"],"picked":"Self Repair","floor":18},{"not_picked":["Steam+1","Beam Cell+1","Leap+1"],"picked":"SKIP","floor":19},{"not_picked":["Turbo+1","Streamline+1"],"picked":"Coolheaded+1","floor":20},{"not_picked":["Compile Driver+1","Steam+1"],"picked":"Reinforced Body+1","floor":21}],"player_experience":315276,"relics_obtained":[{"floor":3,"key":"Toxic Egg 2"},{"floor":6,"key":"Ice Cream"},{"floor":8,"key":"Kunai"},{"floor":9,"key":"Bottled Lightning"},{"floor":12,"key":"Centennial Puzzle"},{"floor":26,"key":"Dodecahedron"}],"event_choices":[{"damage_healed":0,"gold_gain":72,"player_choice":"Gained Gold","damage_taken":0,"max_hp_gain":0,"max_hp_loss":0,"event_name":"Golden Wing","floor":10,"gold_loss":0},{"damage_healed":0,"gold_gain":0,"player_choice":"Grow","damage_taken":0,"max_hp_gain":0,"max_hp_loss":0,"event_name":"Living Wall","floor":14,"gold_loss":0,"cards_upgraded":["Zap"]},{"damage_healed":0,"gold_gain":0,"player_choice":"","damage_taken":7,"max_hp_gain":0,"max_hp_loss":0,"event_name":"Knowing Skull","floor":24,"potions_obtained":[],"gold_loss":0,"cards_obtained":[]}],"is_beta":false,"boss_relics":[{"not_picked":["White Beast Statue","Fusion Hammer"],"picked":"Eternal Feather"}],"items_purged_floors":[],"is_endless":false,"potions_floor_spawned":[2,6,12,18,19],"killed_by":"Slavers","ascension_level":1}