{"gold_per_floor":[114,114,138,313,328,371,396,396,444,469,469],"floor_reached":11,"playtime":694,"items_purged":[],"score":75,"play_id":"a8cca0c4-3b80-4105-b616-78be1d8b79f2","local_time":"20190629033249","is_ascension_mode":false,"campfire_choices":[{"floor":8,"key":"REST"}],"neow_cost":"NONE","seed_source_timestamp":18607336220735,"circlet_count":0,"master_deck":["Strike_G","Strike_G+1","Strike_G+1","Strike_G","Strike_G","Defend_G","Defend_G","Defend_G","Defend_G","Defend_G","Survivor","Neutralize","Dodge and Roll","Dodge and Roll","Doubt","Acrobatics","Blur+1","Leg Sweep+1","Acrobatics+1"],"special_seed":0,"relics":["Ring of the Snake","NeowsBlessing","Golden Idol","Toxic Egg 2","Whetstone"],"potions_floor_usage":[7],"damage_taken":[{"damage":0.0,"enemies":"Small Slimes","floor":1.0,"turns":1.0},{"damage":0.0,"enemies":"2 Louse","floor":3.0,"turns":1.0},{"damage":0.0,"enemies":"Jaw Worm","floor":5.0,"turns":1.0},{"damage":39.0,"enemies":"3 Sentries","floor":6.0,"turns":19.0},{"damage":8,"enemies":"Exordium Wildlife","floor":7,"turns":12},{"damage":1,"enemies":"Blue Slaver","floor":10,"turns":8},{"damage":44,"enemies":"Gremlin Nob","floor":11,"turns":6}],"seed_played":"4810120649042198199","potions_obtained":[{"floor":3.0,"key":"Poison Potion"},{"floor":7,"key":"SneckoOil"},{"floor":10,"key":"Dexterity Potion"}],"is_trial":false,"path_per_floor":["M","?","M","?","M","E","M","R","T","M","E"],"character_chosen":"THE_SILENT","items_purchased":[],"campfire_rested":1,"item_purchase_floors":[],"current_hp_per_floor":[70,65,65,65,65,26,18,37,37,36,0],"gold":469,"neow_bonus":"THREE_ENEMY_KILL","is_prod":false,"is_daily":false,"chose_seed":false,"campfire_upgraded":0,"win_rate":0,"timestamp":1561804369,"path_taken":["M","?","M","?","M","E","M","R","T","M","E"],"build_version":"2019-06-28","purchased_purges":0,"victory":false,"max_hp_per_floor":[70,65,65,65,65,65,65,65,65,65,65],"card_choices":[{"not_picked":["Dagger Throw","Reflex"],"picked":"Dodge and Roll","floor":1.0},{"not_picked":["Dagger Spray","Riddle With Holes"],"picked":"Dodge and Roll","floor":3.0},{"not_picked":["Underhanded Strike","Setup"],"picked":"Acrobatics","floor":5.0},{"not_picked":["Grand Finale","Riddle With Holes"],"picked":"Blur","floor":6.0},{"not_picked":["Dagger Spray","Sucker Punch"],"picked":"Leg Sweep+1","floor":7},{"not_picked":["Poisoned Stab","Slice"],"picked":"Acrobatics+1","floor":10}],"player_experience":1078030,"relics_obtained":[{"floor":6.0,"key":"Toxic Egg 2"},{"floor":9,"key":"Whetstone"}],"event_choices":[{"damage_healed":0.0,"max_hp_gain":0.0,"max_hp_loss":5.0,"gold_gain":0.0,"event_name":"Golden Idol","player_choice":"Lose Max HP","floor":2.0,"gold_loss":0.0,"damage_taken":0.0,"relics_obtained":["Golden Idol"]},{"damage_healed":0.0,"max_hp_gain":0.0,"max_hp_loss":0.0,"gold_gain":175.0,"event_name":"Liars Game","player_choice":"AGREE","floor":4.0,"gold_loss":0.0,"damage_taken":0.0,"cards_obtained":["Doubt"]}],"is_beta":true,"boss_relics":[],"items_purged_floors":[],"is_endless":false,"potions_floor_spawned":[3,7,10],"killed_by":"Gremlin Nob","ascension_level":0}