{"gold_per_floor":[12,26,26,26,26,26,45,45,45,71,116,144,182,194,206,323,335,364,391,403,415,439,451],"floor_reached":23,"playtime":1111,"items_purged":[],"score":330,"play_id":"bbd75f38-2089-4b44-ab48-8ccc088a1216","local_time":"20190520115458","is_ascension_mode":true,"campfire_choices":[{"data":"Conserve Battery","floor":6,"key":"SMITH"},{"data":"Zap","floor":8,"key":"SMITH"},{"floor":15,"key":"REST"}],"neow_cost":"NO_GOLD","seed_source_timestamp":13251823103079,"circlet_count":0,"master_deck":["Strike_B+1","Strike_B","Strike_B","Defend_B","Defend_B","Defend_B+1","Defend_B","Dualcast","Ball Lightning","Conserve Battery+1","Capacitor","Cold Snap","Coolheaded","Sweeping Beam","Hyperbeam","Sweeping Beam+1","Loop+1","Ghostly","Ghostly","Ghostly","Ghostly","Ghostly","Reinforced Body"],"relics":["Cracked Core","Incense Burner","Letter Opener","MawBank","Potion Belt","Mercury Hourglass","Snecko Eye"],"potions_floor_usage":[10,10,11,13,13,23],"damage_taken":[{"damage":3,"enemies":"Small Slimes","floor":1,"turns":3},{"damage":2,"enemies":"Jaw Worm","floor":2,"turns":3},{"damage":1,"enemies":"Cultist","floor":7,"turns":3},{"damage":10,"enemies":"Lots of Slimes","floor":10,"turns":3},{"damage":10,"enemies":"Gremlin Nob","floor":11,"turns":4},{"damage":3,"enemies":"3 Louse","floor":12,"turns":3},{"damage":0,"enemies":"3 Sentries","floor":13,"turns":3},{"damage":13,"enemies":"Slime Boss","floor":16,"turns":7},{"damage":4,"enemies":"Spheric Guardian","floor":18,"turns":3},{"damage":4,"enemies":"Chosen","floor":19,"turns":4},{"damage":1,"enemies":"Snecko","floor":22,"turns":6},{"damage":38,"enemies":"Book of Stabbing","floor":23,"turns":5}],"seed_played":"2859740420631666511","potions_obtained":[{"floor":1,"key":"Ancient Potion"},{"floor":5,"key":"PowerPotion"},{"floor":5,"key":"SkillPotion"},{"floor":11,"key":"PowerPotion"},{"floor":12,"key":"SkillPotion"},{"floor":18,"key":"PowerPotion"}],"is_trial":false,"path_per_floor":["?","T","?","M","M","?","?","?"],"character_chosen":"DEFECT","items_purchased":[],"campfire_rested":1,"item_purchase_floors":[],"current_hp_per_floor":[65,63,48,48,48,48,47,47,47,37,27,24,24,17,39,26,63,59,55,55,37,36,0],"gold":451,"neow_bonus":"ONE_RARE_RELIC","is_prod":false,"is_daily":false,"chose_seed":false,"campfire_upgraded":2,"win_rate":0,"timestamp":1558346098,"path_taken":["M","M","?","?","?","R","?","R","T","?","E","M","E","?","R","BOSS","M","M","?","?","M","E"],"build_version":"2019-01-23","purchased_purges":0,"victory":false,"max_hp_per_floor":[75,75,75,75,75,75,75,75,75,75,75,75,75,75,75,75,75,75,75,75,37,37,37],"card_choices":[{"not_picked":["Blizzard","Chill"],"picked":"Ball Lightning","floor":1},{"not_picked":["Steam","Beam Cell"],"picked":"Conserve Battery","floor":2},{"not_picked":["Auto Shields","Stack"],"picked":"Capacitor","floor":7},{"not_picked":["Hello World","Stack","Heatsinks"],"picked":"SKIP","floor":10},{"not_picked":["Redo","Turbo"],"picked":"Cold Snap","floor":11},{"not_picked":["Rebound","Sunder"],"picked":"Coolheaded","floor":12},{"not_picked":["Force Field","Rebound"],"picked":"Sweeping Beam","floor":13},{"not_picked":["Reboot","Fission"],"picked":"Hyperbeam","floor":16},{"not_picked":["Compile Driver","BootSequence"],"picked":"Sweeping Beam+1","floor":18},{"not_picked":["Ball Lightning","Stack"],"picked":"Loop+1","floor":19},{"not_picked":["Cold Snap+1","Chaos"],"picked":"Reinforced Body","floor":22}],"player_experience":651532,"relics_obtained":[{"floor":4,"key":"Letter Opener"},{"floor":9,"key":"MawBank"},{"floor":11,"key":"Potion Belt"},{"floor":13,"key":"Mercury Hourglass"}],"event_choices":[{"damage_healed":0,"gold_gain":0,"player_choice":"Entered Light","damage_taken":15,"max_hp_gain":0,"max_hp_loss":0,"event_name":"Shining Light","floor":3,"gold_loss":0,"cards_upgraded":["Strike_B","Defend_B"]},{"damage_healed":0,"gold_gain":0,"player_choice":"Got Potions","damage_taken":0,"max_hp_gain":0,"max_hp_loss":0,"event_name":"Lab","floor":5,"gold_loss":0},{"cards_removed":["Strike_B"],"damage_healed":0,"gold_gain":0,"player_choice":"Card Removal","damage_taken":7,"max_hp_gain":0,"max_hp_loss":0,"event_name":"Golden Wing","floor":14,"gold_loss":0},{"cards_removed":["Zap"],"damage_healed":0,"gold_gain":0,"player_choice":"Elegance","damage_taken":0,"max_hp_gain":0,"max_hp_loss":0,"event_name":"Back to Basics","floor":20,"gold_loss":0},{"damage_healed":0,"gold_gain":0,"player_choice":"Became a Ghost","damage_taken":0,"max_hp_gain":0,"max_hp_loss":38,"event_name":"Ghosts","floor":21,"gold_loss":0,"cards_obtained":["Ghostly","Ghostly","Ghostly","Ghostly","Ghostly"]}],"is_beta":false,"boss_relics":[{"not_picked":["Philosopher\u0027s Stone","Eternal Feather"],"picked":"Snecko Eye"}],"items_purged_floors":[],"is_endless":false,"potions_floor_spawned":[1,11,12,18],"killed_by":"Book of Stabbing","ascension_level":7}