{"gold_per_floor":[118,118,193,214,234,273,289,289,289,289,302,33,33,33,33,158,158,176,196,396,409,10,45,45,63,90,90,90,109,109,9,9,130,130,153,153,178,178,178,214,214,214,214,214,8,8,8,108,108,108,108,108,34,78,78],"floor_reached":55,"playtime":6202,"items_purged":["Strike_G","Strike_G"],"score":717,"play_id":"312195c9-1b4c-4c7a-88e9-8f9880697a42","local_time":"20190625122507","is_ascension_mode":true,"campfire_choices":[{"data":"Noxious Fumes","floor":8,"key":"SMITH"},{"data":"Footwork","floor":10,"key":"SMITH"},{"data":"Footwork","floor":13,"key":"SMITH"},{"floor":15,"key":"REST"},{"data":"Noxious Fumes","floor":24,"key":"SMITH"},{"data":"Malaise","floor":27,"key":"SMITH"},{"data":"Burst","floor":30,"key":"SMITH"},{"floor":32,"key":"REST"},{"floor":41,"key":"REST"},{"floor":44,"key":"RECALL"},{"data":"Cloak And Dagger","floor":46,"key":"SMITH"},{"data":"Sucker Punch","floor":49,"key":"SMITH"},{"data":"Leg Sweep","floor":52,"key":"SMITH"}],"neow_cost":"NONE","seed_source_timestamp":10796390074779,"circlet_count":0,"master_deck":["Defend_G","Defend_G","Defend_G","Defend_G","Strike_G","Strike_G","Strike_G","Survivor","Neutralize+1","Footwork+1","Sucker Punch+1","Predator","Noxious Fumes+1","Sucker Punch","Cloak And Dagger+1","Footwork+1","Malaise+1","Blade Dance+1","Dodge and Roll","Noxious Fumes+1","PiercingWail+1","Caltrops+1","Burst+1","Die Die Die","Leg Sweep+1","Dash+1","Caltrops","Heel Hook+1","Slice+1","Backstab+1","Bullet Time","Calculated Gamble"],"relics":["Ring of the Snake","Golden Idol","Pear","WingedGreaves","ClockworkSouvenir","Calipers","Runic Pyramid","Kunai","Juzu Bracelet","Omamori","Orrery","Pocketwatch","Lee\u0027s Waffle","Happy Flower","Bronze Scales"],"potions_floor_usage":[11,16,21,23,40,50,50],"damage_taken":[{"damage":0,"enemies":"Jaw Worm","floor":1,"turns":4},{"damage":0,"enemies":"Small Slimes","floor":4,"turns":4},{"damage":0,"enemies":"2 Louse","floor":5,"turns":3},{"damage":24,"enemies":"Gremlin Nob","floor":6,"turns":5},{"damage":2,"enemies":"Large Slime","floor":7,"turns":7},{"damage":11,"enemies":"Lots of Slimes","floor":11,"turns":4},{"damage":15,"enemies":"Hexaghost","floor":16,"turns":12},{"damage":0,"enemies":"Chosen","floor":18,"turns":7},{"damage":0,"enemies":"Shell Parasite","floor":19,"turns":11},{"damage":15,"enemies":"Shelled Parasite and Fungi","floor":21,"turns":9},{"damage":19,"enemies":"Gremlin Leader","floor":23,"turns":9},{"damage":0,"enemies":"Snecko","floor":25,"turns":7},{"damage":11,"enemies":"Snake Plant","floor":29,"turns":5},{"damage":17,"enemies":"Champ","floor":33,"turns":15},{"damage":9,"enemies":"Orb Walker","floor":35,"turns":7},{"damage":1,"enemies":"3 Shapes","floor":37,"turns":6},{"damage":44,"enemies":"Reptomancer","floor":40,"turns":10},{"damage":37,"enemies":"Awakened One","floor":50,"turns":24},{"damage":48,"enemies":"Shield and Spear","floor":54,"turns":8},{"damage":30,"enemies":"The Heart","floor":55,"turns":11}],"seed_played":"4581823333637954739","potions_obtained":[{"floor":1,"key":"Regen Potion"},{"floor":4,"key":"Weak Potion"},{"floor":7,"key":"Energy Potion"},{"floor":16,"key":"LiquidBronze"},{"floor":19,"key":"Fire Potion"},{"floor":23,"key":"SpeedPotion"},{"floor":37,"key":"FearPotion"},{"floor":40,"key":"Explosive Potion"}],"is_trial":false,"path_per_floor":["?","?","?","?","M","?","?","?","?","$","?","?"],"character_chosen":"THE_SILENT","items_purchased":["ClockworkSouvenir","Footwork","Kunai","Noxious Fumes","Lee\u0027s Waffle","Bullet Time"],"campfire_rested":3,"item_purchase_floors":[12,12,22,22,45,53],"current_hp_per_floor":[70,65,54,54,54,40,38,38,38,38,27,27,27,2,24,24,75,75,75,75,60,60,41,41,41,41,41,41,30,30,30,52,35,75,66,66,65,65,65,21,42,42,42,42,78,78,78,78,78,41,78,78,78,30,0],"gold":78,"neow_bonus":"UPGRADE_CARD","is_prod":false,"is_daily":false,"chose_seed":false,"campfire_upgraded":9,"win_rate":0,"timestamp":1561458307,"path_taken":["M","?","?","M","M","E","M","R","T","R","M","$","R","?","R","BOSS","M","M","?","?","$","E","R","M","T","R","$","M","R","$","R","BOSS","M","?","M","?","?","E","R","?","T","R","?","R","?","?","R","BOSS","R","$","E","BOSS"],"build_version":"2019-01-23","purchased_purges":2,"victory":false,"max_hp_per_floor":[70,65,65,65,65,75,75,75,75,75,75,75,75,75,75,75,75,75,75,75,75,75,75,75,75,75,75,75,75,75,75,75,75,75,75,75,75,71,71,71,71,71,71,71,78,78,78,78,78,78,78,78,78,78,78],"card_choices":[{"not_picked":["Accuracy","Crippling Poison"],"picked":"Footwork","floor":1},{"not_picked":["Bane","Flechettes"],"picked":"Sucker Punch","floor":4},{"not_picked":["Expertise","Distraction"],"picked":"Predator","floor":5},{"not_picked":["Dagger Throw","Bane"],"picked":"Noxious Fumes","floor":6},{"not_picked":["Heel Hook","Bane"],"picked":"Sucker Punch","floor":7},{"not_picked":["Masterful Stab","Escape Plan"],"picked":"Cloak And Dagger","floor":11},{"not_picked":["Unload","Doppelganger"],"picked":"Malaise","floor":16},{"not_picked":["Masterful Stab+1","Deflect"],"picked":"Blade Dance+1","floor":18},{"not_picked":["Flying Knee","Expertise","Tactician"],"picked":"SKIP","floor":19},{"not_picked":["Cloak And Dagger","Prepared+1"],"picked":"Dodge and Roll","floor":21},{"not_picked":["Finisher+1","Blade Dance+1"],"picked":"PiercingWail+1","floor":23},{"not_picked":["Masterful Stab","Quick Slash"],"picked":"Caltrops+1","floor":25},{"not_picked":["Setup","Cloak And Dagger"],"picked":"Burst","floor":29},{"not_picked":["Glass Knife","Grand Finale"],"picked":"Die Die Die","floor":33},{"not_picked":["Backflip+1","Poisoned Stab+1"],"picked":"Leg Sweep","floor":34},{"not_picked":["Reflex","Dagger Spray"],"picked":"Dash+1","floor":34},{"not_picked":["Riddle With Holes+1","Underhanded Strike+1"],"picked":"Caltrops","floor":34},{"not_picked":["Backflip+1","Poisoned Stab+1"],"picked":"Heel Hook+1","floor":35},{"not_picked":["Acrobatics","Choke"],"picked":"Slice+1","floor":37},{"not_picked":["PiercingWail+1","Dash+1"],"picked":"Backstab+1","floor":40},{"not_picked":["Venomology","Well Laid Plans"],"picked":"Calculated Gamble","floor":54}],"player_experience":890246,"relics_obtained":[{"floor":6,"key":"Pear"},{"floor":9,"key":"WingedGreaves"},{"floor":23,"key":"Juzu Bracelet"},{"floor":26,"key":"Omamori"},{"floor":40,"key":"Pocketwatch"},{"floor":54,"key":"Bronze Scales"}],"event_choices":[{"damage_healed":0,"gold_gain":0,"player_choice":"Lose Max HP","damage_taken":0,"relics_obtained":["Golden Idol"],"max_hp_gain":0,"max_hp_loss":5,"event_name":"Golden Idol","floor":2,"gold_loss":0},{"damage_healed":0,"gold_gain":75,"player_choice":"Gather Gold","damage_taken":11,"max_hp_gain":0,"max_hp_loss":0,"event_name":"World of Goop","floor":3,"gold_loss":0},{"damage_healed":0,"gold_gain":0,"player_choice":"Success","damage_taken":25,"relics_obtained":["Calipers"],"max_hp_gain":0,"max_hp_loss":0,"event_name":"Scrap Ooze","floor":14,"gold_loss":0},{"damage_healed":0,"gold_gain":250,"player_choice":"Bet on Owner","damage_taken":0,"max_hp_gain":0,"max_hp_loss":0,"event_name":"The Joust","floor":20,"gold_loss":50},{"damage_healed":0,"gold_gain":0,"player_choice":"Ignored","damage_taken":0,"max_hp_gain":0,"max_hp_loss":0,"event_name":"Mysterious Sphere","floor":36,"gold_loss":0},{"damage_healed":0,"gold_gain":0,"player_choice":"Max HP","damage_taken":0,"max_hp_gain":0,"max_hp_loss":4,"event_name":"Winding Halls","floor":38,"gold_loss":0},{"damage_healed":0,"gold_gain":0,"player_choice":"Memory 1","damage_taken":0,"max_hp_gain":0,"max_hp_loss":0,"event_name":"SensoryStone","floor":39,"gold_loss":0},{"cards_removed":["Defend_G"],"damage_healed":0,"gold_gain":0,"player_choice":"Removed Skill","damage_taken":0,"max_hp_gain":0,"max_hp_loss":0,"event_name":"Falling","floor":42,"gold_loss":0},{"damage_healed":0,"gold_gain":0,"player_choice":"Gave Potion","damage_taken":0,"relics_obtained":["Happy Flower"],"max_hp_gain":0,"max_hp_loss":0,"event_name":"WeMeetAgain","floor":47,"gold_loss":0},{"damage_healed":0,"gold_gain":100,"player_choice":"Pray","damage_taken":0,"max_hp_gain":0,"max_hp_loss":0,"event_name":"Golden Shrine","floor":48,"gold_loss":0}],"is_beta":false,"boss_relics":[{"not_picked":["White Beast Statue","Eternal Feather"],"picked":"Runic Pyramid"},{"not_picked":["Lizard Tail","Velvet Choker"],"picked":"Orrery"}],"items_purged_floors":[22,31],"is_endless":false,"potions_floor_spawned":[1,4,7,16,19,23,37,40],"killed_by":"The Heart","ascension_level":1}