{"gold_per_floor":[115,132,143,143,33,65,65,65,137,137,167,184,184,213,213,310,310,328,340,340,6,23,23,58,74,74,74,89,89,99,60,60,60],"floor_reached":33,"playtime":2823,"items_purged":[],"score":316,"play_id":"3c9e0a94-9d6d-422e-9693-464031887d87","local_time":"20190223172546","is_ascension_mode":true,"campfire_choices":[{"floor":10.0,"key":"REST"},{"data":"Flame Barrier","floor":13.0,"key":"SMITH"},{"data":"Demon Form","floor":15.0,"key":"SMITH"},{"data":"Limit Break","floor":23.0,"key":"SMITH"},{"floor":27,"key":"REST"},{"data":"Reaper","floor":29,"key":"SMITH"},{"data":"Metallicize","floor":32,"key":"SMITH"}],"neow_cost":"NONE","seed_source_timestamp":0,"circlet_count":0,"master_deck":["Strike_R","Strike_R","Strike_R","Strike_R","Strike_R","Defend_R","Defend_R+1","Defend_R","Bash+1","Perfected Strike","Pommel Strike","Disarm","Flame Barrier+1","Inflame","Demon Form+1","Armaments+1","Intimidate","Limit Break+1","Thunderclap","Headbutt","Reaper+1","Pommel Strike","Perfected Strike+1","Battle Trance","Metallicize+1","Body Slam","Warcry","Shrug It Off"],"special_seed":0,"relics":["Burning Blood","NeowsBlessing","Potion Belt","Orichalcum","Bottled Lightning","Vajra","War Paint","Black Star","PreservedInsect","Ancient Tea Set","Lantern","The Courier"],"potions_floor_usage":[33,33,33,33],"damage_taken":[{"damage":0.0,"enemies":"Jaw Worm","floor":1.0,"turns":1.0},{"damage":0.0,"enemies":"2 Louse","floor":2.0,"turns":1.0},{"damage":0.0,"enemies":"Small Slimes","floor":3.0,"turns":1.0},{"damage":42.0,"enemies":"Lagavulin","floor":6.0,"turns":8.0},{"damage":3.0,"enemies":"Gremlin Gang","floor":12.0,"turns":4.0},{"damage":14.0,"enemies":"Gremlin Nob","floor":14.0,"turns":5.0},{"damage":14.0,"enemies":"The Guardian","floor":16.0,"turns":9.0},{"damage":40.0,"enemies":"Spheric Guardian","floor":18.0,"turns":6.0},{"damage":1.0,"enemies":"Chosen","floor":19.0,"turns":6.0},{"damage":31.0,"enemies":"Snake Plant","floor":22.0,"turns":6.0},{"damage":25.0,"enemies":"Slavers","floor":24.0,"turns":7.0},{"damage":13,"enemies":"Shelled Parasite and Fungi","floor":25,"turns":5},{"damage":11,"enemies":"3 Cultists","floor":28,"turns":6},{"damage":9,"enemies":"Snecko","floor":30,"turns":4},{"damage":79,"enemies":"Automaton","floor":33,"turns":12}],"seed_played":"-1984892630176218807","potions_obtained":[{"floor":1.0,"key":"AttackPotion"},{"floor":6.0,"key":"FearPotion"},{"floor":16.0,"key":"Dexterity Potion"},{"floor":18.0,"key":"Weak Potion"},{"floor":19.0,"key":"SteroidPotion"},{"floor":24.0,"key":"Weak Potion"},{"floor":28,"key":"Explosive Potion"},{"floor":30,"key":"Regen Potion"}],"is_trial":false,"path_per_floor":["M","M","M","?","$","E","?","$","T","R","?","M","R","E","R","B",null,"M","M","?","$","M","R","E","M","T","R","M","R","M","$","R","B"],"character_chosen":"IRONCLAD","items_purchased":["Flame Barrier","Inflame","Reaper","PreservedInsect","Pommel Strike","Shrug It Off"],"campfire_rested":2,"item_purchase_floors":[5,5,21,21,21,31],"current_hp_per_floor":[80,80,80,80,80,44,19,19,19,43,43,46,46,38,38,30,80,46,51,51,51,31,31,20,13,13,37,56,56,53,53,53,0],"gold":60,"neow_bonus":"THREE_ENEMY_KILL","is_prod":false,"is_daily":false,"chose_seed":false,"campfire_upgraded":5,"win_rate":0,"timestamp":1550971546,"path_taken":["M","M","M","?","$","E","?","$","T","R","?","M","R","E","R","BOSS","M","M","?","$","?","R","E","M","T","R","M","R","M","$","R","BOSS"],"build_version":"2019-01-23","purchased_purges":0,"victory":false,"max_hp_per_floor":[80,80,80,80,80,80,80,80,80,80,80,80,80,80,80,80,80,80,80,80,80,80,80,80,80,80,80,80,80,80,80,80,80],"card_choices":[{"not_picked":["Second Wind","Shrug It Off"],"picked":"Perfected Strike","floor":1.0},{"not_picked":["Burning Pact","Reckless Charge"],"picked":"Pommel Strike","floor":2.0},{"not_picked":["Warcry","Body Slam"],"picked":"Disarm","floor":3.0},{"not_picked":["Havoc","Warcry"],"picked":"Demon Form","floor":6.0},{"not_picked":["Burning Pact","Havoc"],"picked":"Armaments","floor":12.0},{"not_picked":["Warcry","Searing Blow"],"picked":"Intimidate","floor":14.0},{"not_picked":["Brutality","Bludgeon"],"picked":"Limit Break","floor":16.0},{"not_picked":["Flex","Sword Boomerang"],"picked":"Thunderclap","floor":18.0},{"not_picked":["Power Through","Anger"],"picked":"Headbutt","floor":19.0},{"not_picked":["Blood for Blood+1","Havoc"],"picked":"Perfected Strike+1","floor":22.0},{"not_picked":["Searing Blow+1","Thunderclap"],"picked":"Battle Trance","floor":24.0},{"not_picked":["Cleave+1","Headbutt+1"],"picked":"Metallicize","floor":25},{"not_picked":["Sentinel","Flex"],"picked":"Body Slam","floor":28},{"not_picked":["Dropkick","Sword Boomerang"],"picked":"Warcry","floor":30}],"player_experience":67803,"relics_obtained":[{"floor":6.0,"key":"Potion Belt"},{"floor":9.0,"key":"Bottled Lightning"},{"floor":14.0,"key":"War Paint"},{"floor":24.0,"key":"Ancient Tea Set"},{"floor":24.0,"key":"Lantern"},{"floor":26,"key":"The Courier"}],"event_choices":[{"damage_healed":0.0,"max_hp_gain":0.0,"max_hp_loss":0.0,"gold_gain":0.0,"event_name":"Living Wall","player_choice":"Grow","floor":4.0,"gold_loss":0.0,"damage_taken":0.0,"cards_upgraded":["Bash"]},{"damage_healed":0.0,"max_hp_gain":0.0,"max_hp_loss":0.0,"gold_gain":0.0,"event_name":"Scrap Ooze","player_choice":"Success","floor":7.0,"gold_loss":0.0,"damage_taken":25.0,"relics_obtained":["Orichalcum"]},{"damage_healed":0.0,"max_hp_gain":0.0,"max_hp_loss":0.0,"gold_gain":30.0,"event_name":"Dead Adventurer","player_choice":"Searched \u00272\u0027 times","floor":11.0,"gold_loss":0.0,"damage_taken":0.0,"relics_obtained":["Vajra"]},{"cards_removed":["Defend_R"],"damage_healed":0.0,"max_hp_gain":0.0,"max_hp_loss":0.0,"gold_gain":0.0,"event_name":"Purifier","player_choice":"Purged","floor":20.0,"gold_loss":0.0,"damage_taken":0.0}],"is_beta":false,"boss_relics":[{"not_picked":["Busted Crown","Fusion Hammer"],"picked":"Black Star"}],"items_purged_floors":[],"is_endless":false,"potions_floor_spawned":[1,6,16,18,19,24,28,30],"killed_by":"Automaton","ascension_level":3}