{"gold_per_floor":[114,114,124,124,138,138,138,138,162,162,188,138,138,148,148,251,251,266,64,10,10,29,29,62,72,120,120,120,145,145,156,156,259,259,279,279,293,293,304,304,304],"floor_reached":41,"playtime":1468,"items_purged":["Strike_R"],"score":473,"play_id":"597ab94f-0eeb-4fd9-8a3c-1af18785ba34","local_time":"20190621112459","is_ascension_mode":true,"campfire_choices":[{"data":"Bash","floor":6,"key":"SMITH"},{"data":"Spot Weakness","floor":8,"key":"SMITH"},{"data":"Cleave","floor":10,"key":"SMITH"},{"data":"Shrug It Off","floor":13,"key":"SMITH"},{"data":"Pommel Strike","floor":15,"key":"SMITH"},{"data":"Armaments","floor":23,"key":"SMITH"},{"data":"Clothesline","floor":27,"key":"SMITH"},{"data":"Immolate","floor":30,"key":"SMITH"},{"floor":32,"key":"REST"},{"floor":40,"key":"RECALL"}],"neow_cost":"PERCENT_DAMAGE","seed_source_timestamp":13231508431042,"circlet_count":0,"master_deck":["Defend_R+1","Defend_R","Defend_R","Defend_R","Bash+1","Cleave+1","Spot Weakness+1","Pommel Strike+1","Shrug It Off+1","Headbutt","Offering","Clothesline+1","Battle Trance","Armaments+1","Flame Barrier","Pummel+1","Immolate+1","Disarm","Fiend Fire","Shrug It Off+1","Madness","Madness","Master of Strategy","Bandage Up","Master of Strategy"],"relics":["Burning Blood","Anchor","Ancient Tea Set","Velvet Choker","The Courier","Blood Vial","Orichalcum","Bottled Flame","Empty Cage"],"potions_floor_usage":[11,29,33,41],"damage_taken":[{"damage":0,"enemies":"2 Louse","floor":1,"turns":3},{"damage":2,"enemies":"Jaw Worm","floor":3,"turns":4},{"damage":1,"enemies":"Cultist","floor":5,"turns":3},{"damage":18,"enemies":"Lagavulin","floor":11,"turns":5},{"damage":0,"enemies":"2 Fungi Beasts","floor":14,"turns":2},{"damage":43,"enemies":"The Guardian","floor":16,"turns":14},{"damage":6,"enemies":"2 Thieves","floor":18,"turns":3},{"damage":6,"enemies":"3 Byrds","floor":22,"turns":4},{"damage":20,"enemies":"Book of Stabbing","floor":24,"turns":6},{"damage":7,"enemies":"Centurion and Healer","floor":25,"turns":6},{"damage":61,"enemies":"Slavers","floor":29,"turns":6},{"damage":0,"enemies":"Shelled Parasite and Fungi","floor":31,"turns":2},{"damage":35,"enemies":"Automaton","floor":33,"turns":11},{"damage":3,"enemies":"3 Shapes","floor":35,"turns":3},{"damage":0,"enemies":"Orb Walker","floor":37,"turns":3},{"damage":25,"enemies":"Jaw Worm Horde","floor":39,"turns":4},{"damage":76,"enemies":"Reptomancer","floor":41,"turns":5}],"seed_played":"-1651273506689588078","potions_obtained":[{"floor":3,"key":"Block Potion"},{"floor":5,"key":"Fire Potion"},{"floor":11,"key":"Ancient Potion"},{"floor":22,"key":"Strength Potion"},{"floor":31,"key":"SpeedPotion"},{"floor":37,"key":"Block Potion"}],"is_trial":false,"path_per_floor":["?","?","?","?","?","$","?","?","?"],"character_chosen":"IRONCLAD","items_purchased":["Battle Trance","Armaments"],"campfire_rested":1,"item_purchase_floors":[19,19],"current_hp_per_floor":[78,59,63,63,68,68,61,61,61,61,49,49,49,55,55,18,96,96,96,96,96,96,96,82,83,83,83,83,30,30,38,66,39,96,96,84,92,82,69,69,0],"gold":304,"neow_bonus":"TWENTY_PERCENT_HP_BONUS","is_prod":false,"is_daily":false,"chose_seed":false,"campfire_upgraded":8,"win_rate":0,"timestamp":1561109099,"path_taken":["M","?","M","?","M","R","?","R","T","R","E","?","R","M","R","BOSS","M","$","?","?","M","R","E","M","T","R","?","E","R","M","R","BOSS","M","?","M","?","M","R","E"],"build_version":"2019-01-23","purchased_purges":1,"victory":false,"max_hp_per_floor":[96,96,96,96,96,96,96,96,96,96,96,96,96,96,96,96,96,96,96,96,96,96,96,96,96,96,96,96,96,96,96,96,96,96,96,96,96,96,96,96,96],"card_choices":[{"not_picked":["Anger","Battle Trance"],"picked":"Cleave","floor":1},{"not_picked":["Perfected Strike","Clash"],"picked":"Spot Weakness","floor":3},{"not_picked":["Body Slam","Anger"],"picked":"Pommel Strike","floor":5},{"not_picked":["Sword Boomerang","Warcry"],"picked":"Shrug It Off","floor":11},{"not_picked":["Anger","Power Through"],"picked":"Headbutt","floor":14},{"not_picked":["Bludgeon","Fiend Fire"],"picked":"Offering","floor":16},{"not_picked":["Sword Boomerang","Armaments"],"picked":"Clothesline","floor":18},{"not_picked":["Headbutt","Entrench"],"picked":"Flame Barrier","floor":22},{"not_picked":["Shrug It Off","Blood for Blood"],"picked":"Pummel+1","floor":24},{"not_picked":["Entrench","Carnage","Headbutt"],"picked":"SKIP","floor":25},{"not_picked":["Clash+1","Intimidate"],"picked":"Immolate","floor":29},{"not_picked":["Iron Wave","Pummel"],"picked":"Disarm","floor":31},{"not_picked":["Bludgeon","Dark Embrace"],"picked":"Fiend Fire","floor":33},{"not_picked":["Second Wind","Cleave+1"],"picked":"Shrug It Off+1","floor":35},{"not_picked":["Wild Strike","Twin Strike+1","Dropkick"],"picked":"SKIP","floor":37},{"not_picked":["Forethought","Swift Strike"],"picked":"Master of Strategy","floor":38},{"not_picked":["PanicButton","Finesse"],"picked":"Bandage Up","floor":38},{"not_picked":["Panache","Thinking Ahead"],"picked":"Master of Strategy","floor":38},{"not_picked":["Body Slam+1","Wild Strike","Hemokinesis"],"picked":"SKIP","floor":39}],"player_experience":851580,"relics_obtained":[{"floor":9,"key":"Anchor"},{"floor":11,"key":"Ancient Tea Set"},{"floor":24,"key":"Blood Vial"},{"floor":26,"key":"Orichalcum"},{"floor":29,"key":"Bottled Flame"}],"event_choices":[{"damage_healed":0,"gold_gain":0,"player_choice":"Entered Light","damage_taken":19,"max_hp_gain":0,"max_hp_loss":0,"event_name":"Shining Light","floor":2,"gold_loss":0,"cards_upgraded":["Defend_R","Strike_R"]},{"damage_healed":0,"gold_gain":0,"player_choice":"Ignored","damage_taken":0,"max_hp_gain":0,"max_hp_loss":0,"event_name":"Liars Game","floor":4,"gold_loss":0},{"cards_removed":["Strike_R"],"damage_healed":0,"gold_gain":0,"player_choice":"Card Removal","damage_taken":7,"max_hp_gain":0,"max_hp_loss":0,"event_name":"Golden Wing","floor":7,"gold_loss":0},{"cards_removed":["Strike_R"],"damage_healed":0,"gold_gain":0,"player_choice":"Card Removal","damage_taken":0,"max_hp_gain":0,"max_hp_loss":0,"event_name":"The Cleric","floor":12,"gold_loss":50},{"damage_healed":0,"gold_gain":0,"player_choice":"Paid Gold","damage_taken":0,"relics_obtained":["The Courier"],"max_hp_gain":0,"max_hp_loss":0,"event_name":"WeMeetAgain","floor":20,"gold_loss":54},{"damage_healed":0,"gold_gain":0,"player_choice":"Ignored","damage_taken":0,"max_hp_gain":0,"max_hp_loss":0,"event_name":"Ghosts","floor":28,"gold_loss":0},{"damage_healed":0,"gold_gain":0,"player_choice":"Embrace Madness","damage_taken":12,"max_hp_gain":0,"max_hp_loss":0,"event_name":"Winding Halls","floor":36,"gold_loss":0,"cards_obtained":["Madness","Madness"]},{"damage_healed":0,"gold_gain":0,"player_choice":"Memory 3","damage_taken":10,"max_hp_gain":0,"max_hp_loss":0,"event_name":"SensoryStone","floor":38,"gold_loss":0}],"is_beta":false,"boss_relics":[{"not_picked":["Snecko Eye","Busted Crown"],"picked":"Velvet Choker"},{"not_picked":["White Beast Statue","Sozu"],"picked":"Empty Cage"}],"items_purged_floors":[19],"is_endless":false,"potions_floor_spawned":[3,5,11,22,31,37],"killed_by":"Reptomancer","ascension_level":1}