{"gold_per_floor":[113,113,20,43,43,79,79,117,117,117,16,35,75,98,98,228,228,244,214,235,235,235,235,276,297,322,361,361,361,361,386,386,514,514,528,549,9,22,40,40,40,79,103,103,123,136,136,469,469,469,469,469,4,37,37],"floor_reached":55,"playtime":4183,"items_purged":["Strike_G","Strike_G"],"score":765,"play_id":"ca30b910-9c6c-49ce-9ab1-d6608b36f4d5","local_time":"20190701103154","is_ascension_mode":true,"campfire_choices":[{"data":"Noxious Fumes","floor":7.0,"key":"SMITH"},{"data":"Neutralize","floor":10.0,"key":"SMITH"},{"data":"Catalyst","floor":15.0,"key":"SMITH"},{"data":"Malaise","floor":23.0,"key":"SMITH"},{"data":"Well Laid Plans","floor":28.0,"key":"SMITH"},{"data":"Cloak And Dagger","floor":30.0,"key":"SMITH"},{"floor":32.0,"key":"REST"},{"floor":40.0,"key":"RECALL"},{"floor":44.0,"key":"REST"},{"data":"Accuracy","floor":47.0,"key":"SMITH"},{"data":"Storm of Steel","floor":49.0,"key":"SMITH"},{"data":"Acrobatics","floor":52.0,"key":"SMITH"}],"neow_cost":"NONE","seed_source_timestamp":0,"circlet_count":0,"master_deck":["Defend_G","Defend_G","Defend_G","Defend_G","Defend_G","Strike_G","Survivor","Neutralize+1","Backflip","Noxious Fumes+1","Dagger Spray","Deadly Poison","Storm of Steel+1","Backflip","Catalyst+1","Malaise+1","Cloak And Dagger+1","Acrobatics+1","Well Laid Plans+1","Adrenaline","PiercingWail+1","Acrobatics+1","Wraith Form v2","Accuracy+1","Prepared+1","Sadistic Nature"],"special_seed":0,"relics":["Ring of the Snake","Ornamental Fan","The Courier","Anchor","Happy Flower","Busted Crown","Darkstone Periapt","Bag of Preparation","Bronze Scales","Bird Faced Urn","HoveringKite","Ice Cream","Shuriken","Kunai","Pen Nib","Gremlin Horn"],"potions_floor_usage":[],"damage_taken":[{"damage":0.0,"enemies":"Small Slimes","floor":1.0,"turns":3.0},{"damage":0.0,"enemies":"2 Louse","floor":4.0,"turns":2.0},{"damage":19.0,"enemies":"Lagavulin","floor":6.0,"turns":8.0},{"damage":16.0,"enemies":"3 Sentries","floor":8.0,"turns":6.0},{"damage":1.0,"enemies":"Cultist","floor":12.0,"turns":4.0},{"damage":20.0,"enemies":"Lagavulin","floor":13.0,"turns":8.0},{"damage":0.0,"enemies":"Lots of Slimes","floor":14.0,"turns":2.0},{"damage":2.0,"enemies":"Hexaghost","floor":16.0,"turns":8.0},{"damage":0.0,"enemies":"3 Byrds","floor":18.0,"turns":4.0},{"damage":11.0,"enemies":"2 Thieves","floor":19.0,"turns":5.0},{"damage":10.0,"enemies":"Snake Plant","floor":20.0,"turns":5.0},{"damage":25.0,"enemies":"Slavers","floor":24.0,"turns":7.0},{"damage":6.0,"enemies":"Cultist and Chosen","floor":25.0,"turns":7.0},{"damage":4.0,"enemies":"Gremlin Leader","floor":27.0,"turns":6.0},{"damage":0.0,"enemies":"Centurion and Healer","floor":31.0,"turns":6.0},{"damage":40.0,"enemies":"Champ","floor":33.0,"turns":14.0},{"damage":12.0,"enemies":"Orb Walker","floor":35.0,"turns":5.0},{"damage":22.0,"enemies":"3 Darklings","floor":36.0,"turns":5.0},{"damage":22.0,"enemies":"4 Shapes","floor":38.0,"turns":6.0},{"damage":11.0,"enemies":"Spire Growth","floor":39.0,"turns":7.0},{"damage":15.0,"enemies":"Giant Head","floor":42.0,"turns":9.0},{"damage":11.0,"enemies":"Jaw Worm Horde","floor":45.0,"turns":5.0},{"damage":0.0,"enemies":"3 Darklings","floor":46.0,"turns":3.0},{"damage":36.0,"enemies":"Awakened One","floor":50.0,"turns":12.0},{"damage":15.0,"enemies":"Shield and Spear","floor":54.0,"turns":8.0},{"damage":95,"enemies":"The Heart","floor":55,"turns":6}],"seed_played":"-4333986958654377396","potions_obtained":[{"floor":4.0,"key":"GhostInAJar"},{"floor":13.0,"key":"Poison Potion"},{"floor":16.0,"key":"Fruit Juice"},{"floor":24.0,"key":"Dexterity Potion"},{"floor":29.0,"key":"SteroidPotion"},{"floor":29.0,"key":"Fire Potion"},{"floor":29.0,"key":"Weak Potion"}],"is_trial":false,"path_per_floor":["?","?","M","M","?","T","?","M","?","M","?"],"character_chosen":"THE_SILENT","items_purchased":["Noxious Fumes","Dagger Spray","Weak Potion","Acrobatics","Ice Cream","Wraith Form v2","Accuracy","Kunai","Sadistic Nature","Pen Nib"],"campfire_rested":2,"item_purchase_floors":[3,3,11,37,37,37,37,53,53,53],"current_hp_per_floor":[77,71,71,71,71,52,52,36,36,36,36,35,15,15,15,13,71,71,60,50,50,50,50,30,24,24,20,20,20,20,24,46,10,76,64,46,46,30,27,27,27,20,20,42,39,45,45,45,45,15,76,76,76,61,0],"gold":37,"neow_bonus":"TEN_PERCENT_HP_BONUS","is_prod":false,"is_daily":false,"chose_seed":false,"campfire_upgraded":9,"win_rate":0,"timestamp":1561969914,"path_taken":["M","?","$","M","?","E","R","E","T","R","$","M","E","M","R","BOSS","M","?","?","?","?","R","E","M","T","E","R","?","R","?","R","BOSS","M","M","$","M","M","R","?","E","T","R","M","?","R","?","R","BOSS","R","$","E","BOSS"],"build_version":"2019-01-23","purchased_purges":2,"victory":false,"max_hp_per_floor":[77,71,71,71,71,71,71,71,71,71,71,71,71,71,71,71,71,71,71,71,71,71,71,76,76,76,76,76,76,76,76,76,76,76,76,76,76,76,76,76,76,76,76,76,76,76,76,76,76,76,76,76,76,76,76],"card_choices":[{"not_picked":["Blade Dance","Escape Plan"],"picked":"Backflip","floor":1.0},{"not_picked":["Dagger Spray","Expertise"],"picked":"Deadly Poison","floor":4.0},{"not_picked":["Distraction","Deflect"],"picked":"Storm of Steel","floor":6.0},{"not_picked":["Prepared","Escape Plan","Tactician"],"picked":"SKIP","floor":8.0},{"not_picked":["Poisoned Stab","Backflip","Dagger Throw"],"picked":"SKIP","floor":12.0},{"not_picked":["Quick Slash","Well Laid Plans"],"picked":"Backflip","floor":13.0},{"not_picked":["Quick Slash","Bane"],"picked":"Catalyst","floor":14.0},{"not_picked":["A Thousand Cuts","Die Die Die"],"picked":"Malaise","floor":16.0},{"not_picked":["Dagger Spray"],"picked":"SKIP","floor":18.0},{"not_picked":[],"picked":"Cloak And Dagger","floor":19.0},{"not_picked":[],"picked":"Acrobatics+1","floor":20.0},{"not_picked":["Underhanded Strike"],"picked":"SKIP","floor":24.0},{"not_picked":[],"picked":"Well Laid Plans","floor":25.0},{"not_picked":["Deflect"],"picked":"SKIP","floor":27.0},{"not_picked":["Concentrate"],"picked":"SKIP","floor":31.0},{"not_picked":[],"picked":"Adrenaline","floor":33.0},{"not_picked":["Outmaneuver+1"],"picked":"SKIP","floor":35.0},{"not_picked":[],"picked":"PiercingWail+1","floor":36.0},{"not_picked":["Prepared"],"picked":"SKIP","floor":38.0},{"not_picked":["Choke"],"picked":"SKIP","floor":39.0},{"not_picked":[],"picked":"Prepared+1","floor":42.0},{"not_picked":["Quick Slash"],"picked":"SKIP","floor":45.0},{"not_picked":["Quick Slash"],"picked":"SKIP","floor":46.0},{"not_picked":["Distraction+1"],"picked":"SKIP","floor":54.0}],"player_experience":934905,"relics_obtained":[{"floor":6.0,"key":"Ornamental Fan"},{"floor":8.0,"key":"The Courier"},{"floor":9.0,"key":"Anchor"},{"floor":13.0,"key":"Happy Flower"},{"floor":22.0,"key":"Darkstone Periapt"},{"floor":24.0,"key":"Bag of Preparation"},{"floor":26.0,"key":"Bronze Scales"},{"floor":27.0,"key":"Bird Faced Urn"},{"floor":42.0,"key":"Shuriken"},{"floor":54.0,"key":"Gremlin Horn"}],"event_choices":[{"damage_healed":0.0,"max_hp_gain":0.0,"max_hp_loss":6.0,"gold_gain":0.0,"event_name":"Golden Idol","player_choice":"Lose Max HP","floor":2.0,"gold_loss":0.0,"damage_taken":0.0,"relics_obtained":["Golden Idol"]},{"cards_removed":["Strike_G"],"damage_healed":0.0,"max_hp_gain":0.0,"max_hp_loss":0.0,"gold_gain":0.0,"event_name":"Bonfire Elementals","player_choice":"Offered Basic","floor":5.0,"gold_loss":0.0,"damage_taken":0.0},{"damage_healed":0.0,"max_hp_gain":0.0,"max_hp_loss":0.0,"gold_gain":0.0,"event_name":"Vampires","player_choice":"Ignored","floor":21.0,"gold_loss":0.0,"damage_taken":0.0},{"damage_healed":0.0,"max_hp_gain":0.0,"max_hp_loss":0.0,"gold_gain":0.0,"event_name":"Lab","player_choice":"Got Potions","floor":29.0,"gold_loss":0.0,"damage_taken":0.0},{"cards_removed":["Strike_G"],"damage_healed":0.0,"max_hp_gain":0.0,"max_hp_loss":0.0,"gold_gain":0.0,"event_name":"Purifier","player_choice":"Purged","floor":41.0,"gold_loss":0.0,"damage_taken":0.0},{"damage_healed":0.0,"max_hp_gain":0.0,"max_hp_loss":0.0,"gold_gain":333.0,"event_name":"The Moai Head","player_choice":"Gave Idol","floor":48.0,"relics_lost":["Golden Idol"],"gold_loss":0.0,"damage_taken":0.0}],"is_beta":false,"boss_relics":[{"not_picked":["Eternal Feather","Astrolabe"],"picked":"Busted Crown"},{"not_picked":["Runic Dome","Empty Cage"],"picked":"HoveringKite"}],"items_purged_floors":[11,37],"is_endless":false,"potions_floor_spawned":[4,13,16,18,19,24,33,38,39,45],"killed_by":"The Heart","ascension_level":1}