{"gold_per_floor":[117,135,135,146,164,194,209,209,255,70,101,115,115,129,129,229,229,247,64,80,91,107,133,48,88,125,170,193,205,234,263,275,384,396,418,235,235,247,247,281,281,308,335,335],"floor_reached":44,"playtime":5521,"items_purged":["Strike_G","Defend_G"],"score":625,"play_id":"4fc8827a-afd6-43d8-acb2-040364ad0de7","local_time":"20190223190045","is_ascension_mode":true,"campfire_choices":[{"floor":8.0,"key":"REST"},{"data":"Crippling Poison","floor":13,"key":"SMITH"},{"floor":15,"key":"REST"},{"floor":29,"key":"REST"},{"floor":32,"key":"REST"},{"data":"Noxious Fumes","floor":41,"key":"SMITH"}],"neow_cost":"NONE","seed_source_timestamp":0,"circlet_count":0,"master_deck":["Defend_G","Defend_G","Strike_G","Strike_G","Survivor","Neutralize","Backflip","Cloak And Dagger","Infinite Blades","Footwork","Die Die Die","Leg Sweep","Predator+1","Accuracy","Crippling Poison+1","Cloak And Dagger","Bullet Time","Terror+1","Well Laid Plans","Deadly Poison","PiercingWail","Predator+1","Blade Dance","Poisoned Stab+1","Backflip","Catalyst","Noxious Fumes+1","Burst","Malaise","Backflip+1","Bane+1","Venomology+1","Dash+1","Bullet Time","Flying Knee+1","PiercingWail+1"],"special_seed":0,"relics":["Ring of the Snake","Ginger","Art of War","Mummified Hand","Sozu","Blood Vial","Smiling Mask","MawBank","Sundial","Bronze Scales","Red Mask","Astrolabe","Happy Flower","Whetstone","Du-Vu Doll","Anchor"],"potions_floor_usage":[11,16,42],"damage_taken":[{"damage":1.0,"enemies":"Jaw Worm","floor":1.0,"turns":4.0},{"damage":1.0,"enemies":"Cultist","floor":2.0,"turns":6.0},{"damage":4.0,"enemies":"Small Slimes","floor":4.0,"turns":5.0},{"damage":15.0,"enemies":"Looter","floor":5.0,"turns":4.0},{"damage":36.0,"enemies":"Gremlin Nob","floor":6.0,"turns":7.0},{"damage":0.0,"enemies":"3 Louse","floor":7.0,"turns":2.0},{"damage":6,"enemies":"3 Sentries","floor":11,"turns":6},{"damage":0,"enemies":"Lots of Slimes","floor":12,"turns":1},{"damage":4,"enemies":"2 Fungi Beasts","floor":14,"turns":4},{"damage":36,"enemies":"Slime Boss","floor":16,"turns":14},{"damage":0,"enemies":"3 Byrds","floor":18,"turns":4},{"damage":0,"enemies":"Shell Parasite","floor":20,"turns":5},{"damage":0,"enemies":"3 Cultists","floor":21,"turns":5},{"damage":9,"enemies":"Chosen and Byrds","floor":22,"turns":6},{"damage":21,"enemies":"Gremlin Leader","floor":23,"turns":8},{"damage":10,"enemies":"Book of Stabbing","floor":25,"turns":5},{"damage":33,"enemies":"Masked Bandits","floor":27,"turns":4},{"damage":10,"enemies":"Snecko","floor":28,"turns":4},{"damage":19,"enemies":"Snake Plant","floor":30,"turns":3},{"damage":0,"enemies":"3 Cultists","floor":31,"turns":3},{"damage":18,"enemies":"Automaton","floor":33,"turns":9},{"damage":7,"enemies":"3 Shapes","floor":35,"turns":5},{"damage":0,"enemies":"Orb Walker","floor":38,"turns":3},{"damage":15,"enemies":"Giant Head","floor":40,"turns":6},{"damage":56,"enemies":"Reptomancer","floor":42,"turns":6},{"damage":14,"enemies":"Spire Growth","floor":44,"turns":4}],"seed_played":"8957113120964795447","potions_obtained":[{"floor":1.0,"key":"PowerPotion"},{"floor":3.0,"key":"Ancient Potion"},{"floor":3.0,"key":"Fruit Juice"},{"floor":3.0,"key":"Dexterity Potion"},{"floor":7.0,"key":"Strength Potion"},{"floor":14,"key":"SteroidPotion"},{"floor":16,"key":"GamblersBrew"}],"is_trial":false,"path_per_floor":["M","M","?","M","M","E","M","R","T","$","E","M","R","M","R","B",null,"M","$","M","M","M","E","?","E","T","?","M","R","M","M","R","B",null,"M","$","?","M","?","E","R","E","T","M"],"character_chosen":"THE_SILENT","items_purchased":["Predator","Accuracy","Well Laid Plans","Blood Vial","Happy Flower"],"campfire_rested":4,"item_purchase_floors":[10,10,19,19,36],"current_hp_per_floor":[76,75,80,76,61,25,25,49,49,49,43,43,43,39,63,27,82,82,82,82,82,73,54,54,46,46,15,7,31,14,16,40,24,82,75,75,75,77,77,64,64,10,10,0],"gold":335,"neow_bonus":"TEN_PERCENT_HP_BONUS","is_prod":false,"is_daily":false,"chose_seed":false,"campfire_upgraded":2,"win_rate":0,"timestamp":1550977245,"path_taken":["M","M","?","M","M","E","?","R","T","$","E","M","R","M","R","BOSS","M","$","M","M","M","E","?","E","T","?","M","R","M","M","R","BOSS","M","$","?","?","?","E","R","E","T","M"],"build_version":"2019-01-23","purchased_purges":2,"victory":false,"max_hp_per_floor":[77,77,82,82,82,82,82,82,82,82,82,82,82,82,82,82,82,82,82,82,82,82,82,82,82,82,82,82,82,82,82,82,82,82,82,82,82,82,82,82,82,82,82,82],"card_choices":[{"not_picked":["Flechettes","Leg Sweep"],"picked":"Backflip","floor":1.0},{"not_picked":["Acrobatics","Riddle With Holes"],"picked":"Cloak And Dagger","floor":2.0},{"not_picked":["Slice","Blur"],"picked":"Infinite Blades","floor":4.0},{"not_picked":["Bane","Dodge and Roll"],"picked":"Footwork","floor":5.0},{"not_picked":["Outmaneuver","Underhanded Strike"],"picked":"Die Die Die","floor":6.0},{"not_picked":["Quick Slash","Tactician"],"picked":"Leg Sweep","floor":7.0},{"not_picked":["Underhanded Strike","Masterful Stab","All Out Attack"],"picked":"SKIP","floor":11},{"not_picked":["Infinite Blades","Sucker Punch"],"picked":"Crippling Poison","floor":12},{"not_picked":["Endless Agony","Flechettes"],"picked":"Cloak And Dagger","floor":14},{"not_picked":["Unload","Venomology"],"picked":"Bullet Time","floor":16},{"not_picked":["Quick Slash+1","Deadly Poison"],"picked":"Terror+1","floor":18},{"not_picked":["Dash","All Out Attack+1"],"picked":"Deadly Poison","floor":20},{"not_picked":["Deflect","Expertise"],"picked":"PiercingWail","floor":21},{"not_picked":["Choke","Deadly Poison"],"picked":"Predator","floor":22},{"not_picked":["Expertise","Unload"],"picked":"Blade Dance","floor":23},{"not_picked":["Backflip","Underhanded Strike"],"picked":"Poisoned Stab+1","floor":25},{"not_picked":["Slice","Predator"],"picked":"Backflip","floor":27},{"not_picked":["Dagger Spray+1","Cloak And Dagger"],"picked":"Catalyst","floor":28},{"not_picked":["Acrobatics","Blade Dance"],"picked":"Noxious Fumes","floor":30},{"not_picked":["Acrobatics+1","Backflip"],"picked":"Burst","floor":31},{"not_picked":["Venomology","Burst"],"picked":"Malaise","floor":33},{"not_picked":["Sucker Punch","Well Laid Plans"],"picked":"Dash+1","floor":35},{"not_picked":["Sucker Punch+1","Eviscerate"],"picked":"Flying Knee+1","floor":38},{"not_picked":["Masterful Stab+1","Dagger Throw","Heel Hook+1"],"picked":"SKIP","floor":40},{"not_picked":["Backstab","Crippling Poison+1"],"picked":"PiercingWail+1","floor":42}],"player_experience":70626,"relics_obtained":[{"floor":6.0,"key":"Ginger"},{"floor":9.0,"key":"Art of War"},{"floor":11,"key":"Mummified Hand"},{"floor":23,"key":"Smiling Mask"},{"floor":25,"key":"Sundial"},{"floor":26,"key":"Bronze Scales"},{"floor":27,"key":"Red Mask"},{"floor":40,"key":"Whetstone"},{"floor":42,"key":"Du-Vu Doll"},{"floor":43,"key":"Anchor"}],"event_choices":[{"damage_healed":0.0,"max_hp_gain":0.0,"max_hp_loss":0.0,"gold_gain":0.0,"event_name":"Lab","player_choice":"Got Potions","floor":3.0,"gold_loss":0.0,"damage_taken":0.0},{"damage_healed":0,"gold_gain":0,"player_choice":"Obtained Relic","damage_taken":0,"relics_obtained":["MawBank"],"max_hp_gain":0,"max_hp_loss":0,"event_name":"Addict","floor":24,"gold_loss":85},{"damage_healed":0,"gold_gain":0,"player_choice":"Fought Bandits","damage_taken":0,"max_hp_gain":0,"max_hp_loss":0,"event_name":"Masked Bandits","floor":27,"gold_loss":0},{"damage_healed":0,"gold_gain":0,"player_choice":"Copied","damage_taken":0,"max_hp_gain":0,"max_hp_loss":0,"event_name":"Duplicator","floor":37,"gold_loss":0,"cards_obtained":["Bullet Time"]},{"cards_removed":["Defend_G"],"damage_healed":0,"gold_gain":0,"player_choice":"Removed Skill","damage_taken":0,"max_hp_gain":0,"max_hp_loss":0,"event_name":"Falling","floor":39,"gold_loss":0}],"is_beta":false,"boss_relics":[{"not_picked":["Busted Crown","Cursed Key"],"picked":"Sozu"},{"not_picked":["Pandora\u0027s Box","Velvet Choker"],"picked":"Astrolabe"}],"items_purged_floors":[10,36],"is_endless":false,"potions_floor_spawned":[1,5,7,14,16,18,23,25,27,33,35,40,42],"killed_by":"Spire Growth","ascension_level":3}