{"gold_per_floor":[15,15,15,25,45,45,80,94,117,147,157,168,186,234,234,329,329,347,447,546,563,563,563,31,59,59,70,70,98,112,138,138,243,243,257,0,100,100,400,400,417,446,446,446,48,75,75,92,92,92,92,92,12,43,43],"floor_reached":55,"playtime":4121,"items_purged":["Strike_R","Strike_R"],"score":884,"play_id":"4a0e0d4e-e4a6-4256-bd28-24fc8e69e90a","local_time":"20190628114345","is_ascension_mode":true,"campfire_choices":[{"data":"Bash","floor":6,"key":"SMITH"},{"data":"Shockwave","floor":15,"key":"SMITH"},{"data":"Whirlwind","floor":23,"key":"SMITH"},{"data":"Rupture","floor":28,"key":"SMITH"},{"data":"Uppercut","floor":32,"key":"SMITH"},{"floor":40,"key":"RECALL"},{"data":"Immolate","floor":44,"key":"SMITH"},{"floor":47,"key":"REST"},{"data":"Dropkick","floor":49,"key":"SMITH"},{"data":"Defend_R","floor":52,"key":"SMITH"}],"neow_cost":"NO_GOLD","seed_source_timestamp":9288175233702,"circlet_count":0,"master_deck":["Defend_R","Defend_R+1","Defend_R+1","Defend_R+1","Bash+1","Pain","Shockwave+1","Twin Strike","Whirlwind+1","Thunderclap","Rupture+1","Iron Wave","Headbutt","Iron Wave","Reaper","Dropkick+1","Dropkick+1","Disarm+1","Offering+1","Pain","Shrug It Off+1","Uppercut+1","Armaments+1","Immolate+1","Heavy Blade+1","Anger+1","Heavy Blade+1","Demon Form+1","Rupture+1","Corruption+1","Pommel Strike+1"],"relics":["Burning Blood","Ancient Tea Set","WarpedTongs","Orichalcum","War Paint","Potion Belt","Juzu Bracelet","Cursed Key","Toxic Egg 2","Red Skull","Boot","Mummified Hand","PreservedInsect","Omamori","Philosopher\u0027s Stone","Bronze Scales","StoneCalendar","Charon\u0027s Ashes","Frozen Egg 2","Mercury Hourglass","Bag of Marbles"],"potions_floor_usage":[30,33,33,37,50,50],"damage_taken":[{"damage":0,"enemies":"Small Slimes","floor":1,"turns":6},{"damage":22,"enemies":"Cultist","floor":4,"turns":5},{"damage":13,"enemies":"Jaw Worm","floor":5,"turns":3},{"damage":17,"enemies":"Gremlin Nob","floor":7,"turns":4},{"damage":6,"enemies":"Looter","floor":8,"turns":3},{"damage":9,"enemies":"3 Sentries","floor":10,"turns":5},{"damage":8,"enemies":"Exordium Thugs","floor":11,"turns":4},{"damage":5,"enemies":"3 Louse","floor":12,"turns":2},{"damage":0,"enemies":"Lots of Slimes","floor":13,"turns":1},{"damage":25,"enemies":"Hexaghost","floor":16,"turns":8},{"damage":8,"enemies":"Chosen","floor":18,"turns":5},{"damage":10,"enemies":"Shell Parasite","floor":21,"turns":5},{"damage":4,"enemies":"Gremlin Leader","floor":25,"turns":5},{"damage":19,"enemies":"Centurion and Healer","floor":27,"turns":3},{"damage":31,"enemies":"Book of Stabbing","floor":29,"turns":5},{"damage":10,"enemies":"Chosen and Byrds","floor":30,"turns":3},{"damage":8,"enemies":"Gremlin Leader","floor":31,"turns":3},{"damage":36,"enemies":"Champ","floor":33,"turns":8},{"damage":12,"enemies":"3 Shapes","floor":35,"turns":4},{"damage":26,"enemies":"Mind Bloom Boss Battle","floor":37,"turns":6},{"damage":11,"enemies":"Orb Walker","floor":41,"turns":3},{"damage":58,"enemies":"Nemesis","floor":42,"turns":5},{"damage":28,"enemies":"Giant Head","floor":46,"turns":7},{"damage":18,"enemies":"Transient","floor":48,"turns":5},{"damage":41,"enemies":"Donu and Deca","floor":50,"turns":4},{"damage":63,"enemies":"Shield and Spear","floor":54,"turns":5},{"damage":48,"enemies":"The Heart","floor":55,"turns":5}],"seed_played":"-4093109492480232196","potions_obtained":[{"floor":7,"key":"Fire Potion"},{"floor":8,"key":"Dexterity Potion"},{"floor":10,"key":"SneckoOil"},{"floor":12,"key":"Fire Potion"},{"floor":18,"key":"BloodPotion"},{"floor":30,"key":"PowerPotion"},{"floor":35,"key":"Energy Potion"},{"floor":37,"key":"Fruit Juice"},{"floor":46,"key":"Swift Potion"},{"floor":48,"key":"SteroidPotion"}],"is_trial":false,"path_per_floor":["?","?","M","T","?","?","?","$","?","?","?"],"character_chosen":"IRONCLAD","items_purchased":["Toxic Egg 2","Red Skull","Disarm+1","Bronze Scales","Frozen Egg 2","Demon Form+1","Corruption+1"],"campfire_rested":1,"item_purchase_floors":[24,24,24,36,45,45,53],"current_hp_per_floor":[80,77,77,61,54,54,43,43,43,40,38,39,45,45,45,26,80,78,78,78,74,74,74,74,76,76,63,63,65,61,59,59,55,80,74,74,77,77,77,77,79,57,57,57,57,35,60,48,48,21,85,85,85,48,0],"gold":43,"neow_bonus":"REMOVE_TWO","is_prod":false,"is_daily":false,"chose_seed":false,"campfire_upgraded":8,"win_rate":0,"timestamp":1561715025,"path_taken":["M","?","?","M","M","R","E","M","T","E","M","M","?","?","R","BOSS","M","?","?","M","?","R","$","E","T","M","R","E","M","E","R","BOSS","M","?","?","?","?","R","M","E","T","R","$","E","R","M","R","BOSS","R","$","E","BOSS"],"build_version":"2019-01-23","purchased_purges":2,"victory":false,"max_hp_per_floor":[80,80,80,80,80,80,80,80,80,80,80,80,80,80,80,80,80,80,80,80,80,80,80,80,80,80,80,80,80,80,80,80,80,80,80,80,85,85,85,85,85,85,85,85,85,85,85,85,85,85,85,85,85,85,85],"card_choices":[{"not_picked":["Flex","Perfected Strike","Burning Pact"],"picked":"SKIP","floor":1},{"not_picked":["Headbutt","Dropkick"],"picked":"Shockwave","floor":4},{"not_picked":["Clash","Rupture"],"picked":"Twin Strike","floor":5},{"not_picked":["Second Wind","Armaments"],"picked":"Whirlwind","floor":7},{"not_picked":["Seeing Red","Entrench"],"picked":"Thunderclap","floor":8},{"not_picked":["Uppercut","Fire Breathing"],"picked":"Rupture","floor":10},{"not_picked":["Ghostly Armor","Dual Wield"],"picked":"Iron Wave","floor":11},{"not_picked":["Burning Pact","Perfected Strike"],"picked":"Headbutt","floor":12},{"not_picked":["Hemokinesis","Pommel Strike"],"picked":"Iron Wave","floor":13},{"not_picked":["Juggernaut","Fiend Fire"],"picked":"Reaper","floor":16},{"not_picked":["Burning Pact","Rupture"],"picked":"Dropkick","floor":18},{"not_picked":["Blood for Blood+1","Clash"],"picked":"Dropkick+1","floor":21},{"not_picked":["Dropkick","Headbutt"],"picked":"Offering+1","floor":25},{"not_picked":["Havoc+1","Cleave"],"picked":"Shrug It Off+1","floor":27},{"not_picked":["Perfected Strike+1","Cleave"],"picked":"Uppercut","floor":29},{"not_picked":["Wild Strike","Flex+1","Rampage+1"],"picked":"SKIP","floor":30},{"not_picked":["Searing Blow","Rampage"],"picked":"Armaments+1","floor":31},{"not_picked":["Exhume+1","Brutality"],"picked":"Immolate","floor":33},{"not_picked":["Iron Wave","Body Slam"],"picked":"Heavy Blade+1","floor":35},{"not_picked":["Bloodletting+1","Cleave+1"],"picked":"Anger+1","floor":37},{"not_picked":["Sword Boomerang","Reckless Charge+1"],"picked":"Heavy Blade+1","floor":41},{"not_picked":["Cleave","Feel No Pain+1","Metallicize"],"picked":"SKIP","floor":42},{"not_picked":["Headbutt+1","Sentinel+1","Carnage+1"],"picked":"SKIP","floor":46},{"not_picked":["Perfected Strike","Spot Weakness+1"],"picked":"Rupture+1","floor":48},{"not_picked":["Cleave+1","Reckless Charge+1"],"picked":"Pommel Strike+1","floor":54}],"player_experience":924988,"relics_obtained":[{"floor":7,"key":"Orichalcum"},{"floor":9,"key":"War Paint"},{"floor":10,"key":"Potion Belt"},{"floor":14,"key":"Juzu Bracelet"},{"floor":25,"key":"Boot"},{"floor":26,"key":"Mummified Hand"},{"floor":29,"key":"PreservedInsect"},{"floor":31,"key":"Omamori"},{"floor":37,"key":"StoneCalendar"},{"floor":42,"key":"Charon\u0027s Ashes"},{"floor":46,"key":"Mercury Hourglass"},{"floor":54,"key":"Bag of Marbles"}],"event_choices":[{"damage_healed":0,"gold_gain":0,"player_choice":"Success","damage_taken":3,"relics_obtained":["Ancient Tea Set"],"max_hp_gain":0,"max_hp_loss":0,"event_name":"Scrap Ooze","floor":2,"gold_loss":0},{"damage_healed":0,"gold_gain":0,"player_choice":"Rummage","damage_taken":0,"relics_obtained":["WarpedTongs"],"max_hp_gain":0,"max_hp_loss":0,"event_name":"Accursed Blacksmith","floor":3,"gold_loss":0,"cards_obtained":["Pain"]},{"damage_healed":0,"gold_gain":100,"player_choice":"Pray","damage_taken":0,"max_hp_gain":0,"max_hp_loss":0,"event_name":"Golden Shrine","floor":19,"gold_loss":0},{"damage_healed":0,"gold_gain":99,"player_choice":"Stole From Cult","damage_taken":0,"max_hp_gain":0,"max_hp_loss":0,"event_name":"Nest","floor":20,"gold_loss":0},{"damage_healed":0,"gold_gain":0,"player_choice":"Bought 0 Potions","damage_taken":0,"max_hp_gain":0,"max_hp_loss":0,"event_name":"The Woman in Blue","floor":22,"gold_loss":0},{"damage_healed":0,"gold_gain":0,"player_choice":"Fight","damage_taken":0,"max_hp_gain":0,"max_hp_loss":0,"event_name":"MindBloom","floor":37,"gold_loss":0},{"cards_removed":["Strike_R"],"damage_healed":0,"gold_gain":0,"player_choice":"Purged","damage_taken":0,"max_hp_gain":0,"max_hp_loss":0,"event_name":"Purifier","floor":38,"gold_loss":0},{"damage_healed":0,"gold_gain":300,"player_choice":"Gold","damage_taken":0,"max_hp_gain":0,"max_hp_loss":0,"event_name":"Wheel of Change","floor":39,"gold_loss":0}],"is_beta":false,"boss_relics":[{"not_picked":["Runic Cube","Runic Dome"],"picked":"Cursed Key"},{"not_picked":["Orrery","Sozu"],"picked":"Philosopher\u0027s Stone"}],"items_purged_floors":[24,36],"is_endless":false,"potions_floor_spawned":[7,8,10,12,18,29,30,31,35,37,46,48],"killed_by":"The Heart","ascension_level":1}