{"gold_per_floor":[20,38,38,38,55,55,82,82,82,82,52,52,52,52,52,149,149,163,175,22,22,39,39,39,39,69,100,100,117,117,129,129,233,233,246,246,122,136,136,136,162,162,244,244,259,305,305,319,319,319],"floor_reached":50,"playtime":4568,"items_purged":["Writhe"],"score":484,"play_id":"4356f6b8-fdf6-4ff4-b5bb-8858190a0677","local_time":"20190310005742","is_ascension_mode":false,"campfire_choices":[{"data":"Chill","floor":6.0,"key":"SMITH"},{"floor":8.0,"key":"REST"},{"data":"Loop","floor":10.0,"key":"SMITH"},{"data":"Capacitor","floor":12.0,"key":"SMITH"},{"data":"Coolheaded","floor":15.0,"key":"SMITH"},{"floor":23.0,"key":"REST"},{"data":"Zap","floor":25.0,"key":"SMITH"},{"data":"Redo","floor":28.0,"key":"SMITH"},{"data":"Leap","floor":30.0,"key":"SMITH"},{"floor":32.0,"key":"REST"},{"floor":40.0,"key":"REST"},{"floor":42.0,"key":"REST"},{"floor":47.0,"key":"REST"},{"floor":49.0,"key":"REST"}],"neow_cost":"NO_GOLD","seed_source_timestamp":0,"circlet_count":0,"master_deck":["Strike_B","Strike_B","Strike_B","Defend_B","Defend_B","Zap+1","Dualcast+1","Loop+1","Chill+1","Capacitor+1","Coolheaded+1","Echo Form+1","Leap+1","Redo+1","Gash+1","FTL+1","Gash","Cold Snap+1","Coolheaded"],"special_seed":0,"relics":["Cracked Core","Gambling Chip","Kunai","Frozen Egg 2","Nuclear Battery","Vajra","Tiny Chest","Strawberry","Lizard Tail","Omamori","Darkstone Periapt","Orichalcum"],"potions_floor_usage":[50],"damage_taken":[{"damage":1.0,"enemies":"Cultist","floor":1.0,"turns":3.0},{"damage":7.0,"enemies":"Small Slimes","floor":2.0,"turns":4.0},{"damage":0.0,"enemies":"Jaw Worm","floor":5.0,"turns":4.0},{"damage":11.0,"enemies":"Gremlin Nob","floor":7.0,"turns":4.0},{"damage":3.0,"enemies":"Looter","floor":11.0,"turns":4.0},{"damage":78.0,"enemies":"Hexaghost","floor":16.0,"turns":15.0},{"damage":1.0,"enemies":"3 Byrds","floor":18.0,"turns":4.0},{"damage":6.0,"enemies":"Chosen","floor":19.0,"turns":8.0},{"damage":17.0,"enemies":"Colosseum Slavers","floor":21.0,"turns":8.0},{"damage":9.0,"enemies":"Shelled Parasite and Fungi","floor":22.0,"turns":11.0},{"damage":11.0,"enemies":"Book of Stabbing","floor":27.0,"turns":11.0},{"damage":8.0,"enemies":"Centurion and Healer","floor":29.0,"turns":11.0},{"damage":13.0,"enemies":"Snake Plant","floor":31.0,"turns":5.0},{"damage":26.0,"enemies":"Champ","floor":33.0,"turns":9.0},{"damage":17.0,"enemies":"Orb Walker","floor":35.0,"turns":6.0},{"damage":16.0,"enemies":"3 Darklings","floor":38.0,"turns":6.0},{"damage":27.0,"enemies":"Nemesis","floor":41.0,"turns":9.0},{"damage":26.0,"enemies":"Jaw Worm Horde","floor":45.0,"turns":5.0},{"damage":33.0,"enemies":"Maw","floor":48.0,"turns":9.0},{"damage":139,"enemies":"Time Eater","floor":50,"turns":17}],"seed_played":"-5591239990909894090","potions_obtained":[{"floor":2.0,"key":"PowerPotion"},{"floor":5.0,"key":"Regen Potion"},{"floor":16.0,"key":"LiquidBronze"},{"floor":18.0,"key":"Weak Potion"},{"floor":22.0,"key":"Fire Potion"},{"floor":29.0,"key":"SkillPotion"},{"floor":31.0,"key":"Weak Potion"},{"floor":41.0,"key":"SteroidPotion"}],"is_trial":false,"path_per_floor":["?","?","M","?","?","?","?","?","?","?","M","T"],"character_chosen":"DEFECT","items_purchased":["Vajra","Gash"],"campfire_rested":7,"item_purchase_floors":[20,37],"current_hp_per_floor":[74,67,52,52,52,52,41,63,63,63,60,60,60,65,65,1,80,79,73,73,56,47,71,71,71,71,67,67,59,59,46,72,46,87,70,87,87,71,71,87,60,86,86,86,60,60,86,53,79,0],"gold":319,"neow_bonus":"ONE_RARE_RELIC","is_prod":false,"is_daily":false,"chose_seed":false,"campfire_upgraded":7,"win_rate":0.0,"timestamp":1552175862,"path_taken":["M","M","?","?","M","R","E","R","T","R","?","R","?","?","R","BOSS","M","M","$","?","M","R","?","R","T","E","R","M","R","M","R","BOSS","M","?","$","M","?","R","E","R","T","?","?","?","R","M","R","BOSS"],"build_version":"2019-01-23","purchased_purges":1,"victory":false,"max_hp_per_floor":[75,75,75,75,75,75,75,75,75,75,75,75,75,80,80,80,80,80,80,80,80,80,80,80,80,80,87,87,87,87,87,87,87,87,87,87,87,87,87,87,87,87,87,87,87,87,87,87,87,87],"card_choices":[{"not_picked":["Leap","Rebound"],"picked":"Loop","floor":1.0},{"not_picked":["Streamline","Barrage"],"picked":"Chill","floor":2.0},{"not_picked":["FTL","Skim"],"picked":"Capacitor","floor":5.0},{"not_picked":["Hologram","Darkness","Barrage"],"picked":"SKIP","floor":7.0},{"not_picked":["Go for the Eyes","Ball Lightning"],"picked":"Coolheaded","floor":11.0},{"not_picked":["Multi-Cast","Fission"],"picked":"Echo Form+1","floor":16.0},{"not_picked":["Ball Lightning+1","Rip and Tear+1","Streamline"],"picked":"SKIP","floor":18.0},{"not_picked":["White Noise","Stack+1","Streamline"],"picked":"SKIP","floor":19.0},{"not_picked":["Ball Lightning+1","Hello World+1"],"picked":"Leap","floor":22.0},{"not_picked":["Streamline","Double Energy"],"picked":"Redo","floor":27.0},{"not_picked":["Meteor Strike","Turbo","Reprogram"],"picked":"SKIP","floor":29.0},{"not_picked":["Loop+1","Chill"],"picked":"Gash+1","floor":31.0},{"not_picked":["Fusion","Recycle"],"picked":"FTL+1","floor":35.0},{"not_picked":["Steam","White Noise"],"picked":"Cold Snap+1","floor":38.0},{"not_picked":["Streamline+1","Go for the Eyes"],"picked":"Coolheaded","floor":41.0},{"not_picked":["Auto Shields","Turbo","Lockon"],"picked":"SKIP","floor":45.0},{"not_picked":["Turbo+1","Compile Driver","Steam"],"picked":"SKIP","floor":48.0}],"player_experience":128965,"relics_obtained":[{"floor":7.0,"key":"Kunai"},{"floor":9.0,"key":"Frozen Egg 2"},{"floor":26.0,"key":"Tiny Chest"},{"floor":27.0,"key":"Strawberry"},{"floor":41.0,"key":"Omamori"},{"floor":43.0,"key":"Darkstone Periapt"},{"floor":46.0,"key":"Orichalcum"}],"event_choices":[{"damage_healed":0.0,"max_hp_gain":0.0,"max_hp_loss":0.0,"gold_gain":0.0,"event_name":"Shining Light","player_choice":"Entered Light","floor":3.0,"gold_loss":0.0,"damage_taken":15.0,"cards_upgraded":["Defend_B","Dualcast"]},{"cards_removed":["Strike_B"],"damage_healed":0.0,"max_hp_gain":0.0,"max_hp_loss":0.0,"gold_gain":0.0,"event_name":"Bonfire Elementals","player_choice":"Offered Basic","floor":4.0,"gold_loss":0.0,"damage_taken":0.0},{"cards_removed":["Defend_B"],"damage_healed":0.0,"max_hp_gain":0.0,"max_hp_loss":0.0,"gold_gain":0.0,"event_name":"Living Wall","player_choice":"Forget","floor":13.0,"gold_loss":0.0,"damage_taken":0.0},{"damage_healed":0.0,"max_hp_gain":5.0,"max_hp_loss":0.0,"gold_gain":0.0,"event_name":"Big Fish","player_choice":"Donut","floor":14.0,"gold_loss":0.0,"damage_taken":0.0},{"damage_healed":0.0,"max_hp_gain":0.0,"max_hp_loss":0.0,"gold_gain":0.0,"event_name":"Colosseum","player_choice":"Fight","floor":21.0,"gold_loss":0.0,"damage_taken":0.0},{"damage_healed":0.0,"max_hp_gain":0.0,"max_hp_loss":0.0,"gold_gain":0.0,"event_name":"Colosseum","player_choice":"Fled From Nobs","floor":21.0,"gold_loss":0.0,"damage_taken":0.0},{"damage_healed":0.0,"max_hp_gain":0.0,"max_hp_loss":0.0,"gold_gain":0.0,"event_name":"The Mausoleum","player_choice":"Ignored","floor":24.0,"gold_loss":0.0,"damage_taken":0.0},{"damage_healed":22.0,"max_hp_gain":0.0,"max_hp_loss":0.0,"gold_gain":0.0,"event_name":"Winding Halls","player_choice":"Writhe","floor":36.0,"gold_loss":0.0,"damage_taken":0.0,"cards_obtained":["Writhe"]},{"cards_removed":["Defend_B"],"damage_healed":0.0,"max_hp_gain":0.0,"max_hp_loss":0.0,"gold_gain":0.0,"event_name":"Falling","player_choice":"Removed Skill","floor":39.0,"gold_loss":0.0,"damage_taken":0.0},{"damage_healed":0.0,"max_hp_gain":0.0,"max_hp_loss":0.0,"gold_gain":0.0,"event_name":"Wheel of Change","player_choice":"Cursed","floor":44.0,"gold_loss":0.0,"damage_taken":0.0,"cards_obtained":["Decay"]}],"is_beta":false,"boss_relics":[{"not_picked":["Eternal Feather","Black Star"],"picked":"Nuclear Battery"},{"not_picked":["Inserter","White Beast Statue"],"picked":"Lizard Tail"}],"items_purged_floors":[37],"is_endless":false,"potions_floor_spawned":[2,5,16,18,21,22,29,31,41],"killed_by":"Time Eater","ascension_level":0}