{"gold_per_floor":[111,186,186,206,206,233,233,233,233,233,249,28,28,53,53,148,148,160,170,170],"floor_reached":20,"playtime":1860,"items_purged":["Strike_B"],"score":243,"play_id":"4bb65807-421b-4ee4-9284-6171ea33b9f7","local_time":"20190418094400","is_ascension_mode":true,"campfire_choices":[{"floor":7,"key":"REST"},{"floor":10,"key":"REST"},{"data":"Coolheaded","floor":13,"key":"SMITH"},{"data":"Leap","floor":15,"key":"SMITH"}],"neow_cost":"NONE","seed_source_timestamp":0,"circlet_count":0,"master_deck":["Strike_B","Strike_B","Defend_B","Defend_B","Defend_B","Defend_B","Zap+1","Dualcast","Coolheaded+1","Static Discharge","Cold Snap","Cold Snap","Leap+1","Electrodynamics","Coolheaded"],"special_seed":0,"relics":["Cracked Core","Nunchaku","Turnip","Pen Nib","PreservedInsect","Black Star"],"potions_floor_usage":[14,16,16,18],"damage_taken":[{"damage":0.0,"enemies":"2 Louse","floor":1.0,"turns":2.0},{"damage":11.0,"enemies":"Small Slimes","floor":4.0,"turns":4.0},{"damage":43.0,"enemies":"Gremlin Nob","floor":6.0,"turns":4.0},{"damage":0,"enemies":"Cultist","floor":11,"turns":4},{"damage":14,"enemies":"3 Sentries","floor":14,"turns":7},{"damage":34,"enemies":"Hexaghost","floor":16,"turns":14},{"damage":10,"enemies":"2 Thieves","floor":18,"turns":5},{"damage":25,"enemies":"3 Byrds","floor":19,"turns":4},{"damage":38,"enemies":"Cultist and Chosen","floor":20,"turns":8}],"seed_played":"-4314069123569028036","potions_obtained":[{"floor":0.0,"key":"LiquidBronze"},{"floor":0.0,"key":"EntropicBrew"},{"floor":0.0,"key":"SpeedPotion"},{"floor":16,"key":"FocusPotion"},{"floor":18,"key":"SpeedPotion"}],"is_trial":false,"path_per_floor":["?","?","M","?","?"],"character_chosen":"DEFECT","items_purchased":["Pen Nib"],"campfire_rested":2,"item_purchase_floors":[12],"current_hp_per_floor":[68,57,57,46,51,8,32,32,32,56,56,56,56,42,42,8,62,52,27,0],"gold":170,"neow_bonus":"THREE_SMALL_POTIONS","is_prod":false,"is_daily":false,"chose_seed":false,"campfire_upgraded":2,"win_rate":0,"timestamp":1555573440,"path_taken":["M","?","?","?","?","E","R","?","T","R","M","$","R","E","R","BOSS","M","M","M"],"build_version":"2019-01-23","purchased_purges":1,"victory":false,"max_hp_per_floor":[75,75,75,75,80,80,80,80,80,80,80,80,80,80,80,80,80,80,80,80],"card_choices":[{"not_picked":["Rebound","Beam Cell"],"picked":"Coolheaded","floor":1.0},{"not_picked":["Turbo","Barrage","Fusion"],"picked":"SKIP","floor":4.0},{"not_picked":["Streamline","Consume"],"picked":"Cold Snap","floor":6},{"not_picked":["Chaos","Fusion"],"picked":"Cold Snap","floor":11},{"not_picked":["Multi-Cast","Static Discharge"],"picked":"Leap","floor":14},{"not_picked":["Rainbow","All For One"],"picked":"Electrodynamics","floor":16},{"not_picked":["Stack+1","Turbo","Double Energy"],"picked":"SKIP","floor":18},{"not_picked":["Blizzard","Turbo"],"picked":"Coolheaded","floor":19}],"player_experience":473879,"relics_obtained":[{"floor":6,"key":"Nunchaku"},{"floor":9,"key":"Turnip"},{"floor":14,"key":"PreservedInsect"}],"event_choices":[{"damage_healed":0.0,"max_hp_gain":0.0,"max_hp_loss":0.0,"gold_gain":75.0,"event_name":"World of Goop","player_choice":"Gather Gold","floor":2.0,"gold_loss":0.0,"damage_taken":11.0},{"damage_healed":0.0,"max_hp_gain":0.0,"max_hp_loss":0.0,"gold_gain":0.0,"cards_transformed":["Strike_B"],"event_name":"Transmorgrifier","player_choice":"Transformed","floor":3.0,"gold_loss":0.0,"damage_taken":0.0,"cards_obtained":["Static Discharge"]},{"damage_healed":0.0,"max_hp_gain":5.0,"max_hp_loss":0.0,"gold_gain":0.0,"event_name":"Big Fish","player_choice":"Donut","floor":5.0,"gold_loss":0.0,"damage_taken":0.0},{"damage_healed":0,"gold_gain":0,"player_choice":"Upgraded","damage_taken":0,"max_hp_gain":0,"max_hp_loss":0,"event_name":"Upgrade Shrine","floor":8,"gold_loss":0,"cards_upgraded":["Zap"]}],"is_beta":false,"boss_relics":[{"not_picked":["Nuclear Battery","Eternal Feather"],"picked":"Black Star"}],"items_purged_floors":[12],"is_endless":false,"potions_floor_spawned":[11,16,18,19],"killed_by":"Cultist and Chosen","ascension_level":7}