{"gold_per_floor":[110,110,80,98,3,24,24,93,116,116,156,179,204,204,204,324,324,339,111,132,147,171,171,210,210,233,258,297,312,312,312,312,433,496,512,512,537,551,574,618,618,652,652,652,690,690],"floor_reached":46,"playtime":1789,"items_purged":["Strike_G"],"score":638,"play_id":"addacaf3-0f62-415b-a5b0-c7b235a9fae5","local_time":"20190717131503","is_ascension_mode":true,"campfire_choices":[{"data":"Neutralize","floor":7.0,"key":"SMITH"},{"data":"Bouncing Flask","floor":10.0,"key":"SMITH"},{"data":"Burst","floor":15.0,"key":"SMITH"},{"data":"Noxious Fumes","floor":23.0,"key":"SMITH"},{"data":"Catalyst","floor":25.0,"key":"SMITH"},{"floor":32.0,"key":"REST"},{"floor":41.0,"key":"RECALL"},{"floor":44,"key":"REST"}],"neow_cost":"NONE","seed_source_timestamp":0,"circlet_count":0,"master_deck":["Defend_G","Defend_G","Defend_G","Defend_G","Defend_G","Strike_G","Strike_G","Survivor","Neutralize+1","Quick Slash","Bouncing Flask+1","PiercingWail","Backflip","Dagger Spray","Burst+1","Catalyst+1","Dagger Throw+1","Dodge and Roll","Malaise","Prepared+1","Escape Plan+1","PiercingWail","Noxious Fumes+1","Die Die Die+1","Shame","Cloak And Dagger+1","Backstab+1","Decay","Prepared+1","Footwork","Bouncing Flask+1","PiercingWail+1","Noxious Fumes+1","Regret"],"special_seed":0,"relics":["Ring of the Snake","Golden Idol","Tiny Chest","Lantern","Molten Egg 2","PreservedInsect","Cursed Key","Oddly Smooth Stone","Mummified Hand","Pen Nib","Dream Catcher","MutagenicStrength","Gambling Chip","Tiny House","Bag of Marbles","Smiling Mask","Snake Skull"],"potions_floor_usage":[],"damage_taken":[{"damage":0.0,"enemies":"Small Slimes","floor":1.0,"turns":5.0},{"damage":0.0,"enemies":"2 Louse","floor":4.0,"turns":2.0},{"damage":1.0,"enemies":"Cultist","floor":6.0,"turns":3.0},{"damage":10.0,"enemies":"Gremlin Nob","floor":8.0,"turns":5.0},{"damage":0.0,"enemies":"Lagavulin","floor":11.0,"turns":4.0},{"damage":0.0,"enemies":"Exordium Wildlife","floor":12.0,"turns":2.0},{"damage":19.0,"enemies":"The Guardian","floor":16.0,"turns":8.0},{"damage":0.0,"enemies":"Spheric Guardian","floor":18.0,"turns":2.0},{"damage":0.0,"enemies":"Chosen","floor":20.0,"turns":5.0},{"damage":12.0,"enemies":"Centurion and Healer","floor":21.0,"turns":7.0},{"damage":0.0,"enemies":"Snecko","floor":22.0,"turns":4.0},{"damage":17.0,"enemies":"Slavers","floor":24.0,"turns":5.0},{"damage":0.0,"enemies":"Snake Plant","floor":27.0,"turns":3.0},{"damage":11.0,"enemies":"Book of Stabbing","floor":28.0,"turns":5.0},{"damage":0.0,"enemies":"3 Cultists","floor":29.0,"turns":3.0},{"damage":3.0,"enemies":"Collector","floor":33.0,"turns":7.0},{"damage":0.0,"enemies":"3 Darklings","floor":35.0,"turns":1.0},{"damage":5.0,"enemies":"Orb Walker","floor":37.0,"turns":3.0},{"damage":0.0,"enemies":"4 Shapes","floor":38.0,"turns":5.0},{"damage":0.0,"enemies":"Sphere and 2 Shapes","floor":39.0,"turns":3.0},{"damage":20.0,"enemies":"Giant Head","floor":40.0,"turns":7.0},{"damage":24.0,"enemies":"Nemesis","floor":42.0,"turns":3.0},{"damage":30,"enemies":"Giant Head","floor":45,"turns":7},{"damage":32,"enemies":"Writhing Mass","floor":46,"turns":3}],"seed_played":"-6183914504663684513","potions_obtained":[{"floor":3.0,"key":"Weak Potion"},{"floor":3.0,"key":"Regen Potion"},{"floor":6.0,"key":"Swift Potion"},{"floor":8.0,"key":"Dexterity Potion"},{"floor":16.0,"key":"GhostInAJar"},{"floor":33.0,"key":"Strength Potion"},{"floor":34.0,"key":"Explosive Potion"}],"is_trial":false,"path_per_floor":["?","?","M","T","?","M","M","?","T","?"],"character_chosen":"THE_SILENT","items_purchased":["PiercingWail","Backflip","Oddly Smooth Stone"],"campfire_rested":2,"item_purchase_floors":[5,5,19],"current_hp_per_floor":[70,65,65,65,65,64,64,54,54,54,54,54,54,54,54,49,65,65,65,65,53,53,53,36,36,36,36,25,25,25,25,44,41,70,70,66,61,61,61,41,41,17,17,36,6,0],"gold":690,"neow_bonus":"REMOVE_CARD","is_prod":false,"is_daily":false,"chose_seed":false,"campfire_upgraded":5,"win_rate":0,"timestamp":1563362103,"path_taken":["M","?","?","M","$","M","R","E","T","R","E","?","?","?","R","BOSS","M","$","M","?","M","R","E","R","T","M","E","?","?","?","R","BOSS","M","?","M","M","M","E","R","E","T","R","E","M"],"build_version":"2019-01-23","purchased_purges":1,"victory":false,"max_hp_per_floor":[70,65,65,65,65,65,65,65,65,65,65,65,65,65,65,65,65,65,65,65,65,65,65,65,65,65,65,65,65,65,65,65,65,70,70,66,66,66,66,66,66,66,66,66,66,66],"card_choices":[{"not_picked":["Outmaneuver","Backstab"],"picked":"Quick Slash","floor":1.0},{"not_picked":["Tactician","Catalyst"],"picked":"Bouncing Flask","floor":4.0},{"not_picked":["Heel Hook","Underhanded Strike"],"picked":"Dagger Spray","floor":6.0},{"not_picked":["Slice","Concentrate"],"picked":"Burst","floor":8.0},{"not_picked":["Well Laid Plans","Flying Knee"],"picked":"Catalyst","floor":11.0},{"not_picked":["Deflect","Underhanded Strike+1"],"picked":"Dagger Throw+1","floor":12.0},{"not_picked":["Venomology","Envenom"],"picked":"Malaise","floor":16.0},{"not_picked":["Poisoned Stab+1","Quick Slash+1"],"picked":"Prepared+1","floor":18.0},{"not_picked":["Slice+1","Outmaneuver+1"],"picked":"Escape Plan","floor":20.0},{"not_picked":["Sucker Punch+1","Quick Slash+1"],"picked":"PiercingWail","floor":21.0},{"not_picked":["Sucker Punch+1","Calculated Gamble"],"picked":"Noxious Fumes","floor":22.0},{"not_picked":["Cloak And Dagger","Sucker Punch+1"],"picked":"Die Die Die+1","floor":24.0},{"not_picked":["Sucker Punch+1","Prepared+1"],"picked":"Cloak And Dagger+1","floor":27.0},{"not_picked":["Caltrops","Acrobatics","Blur"],"picked":"SKIP","floor":28.0},{"not_picked":["Setup+1","Escape Plan"],"picked":"Backstab+1","floor":29.0},{"not_picked":["Infinite Blades+1","Outmaneuver"],"picked":"Prepared+1","floor":32.0},{"not_picked":["Tactician","PiercingWail+1"],"picked":"Footwork","floor":35.0},{"not_picked":["Backflip","Acrobatics+1"],"picked":"Bouncing Flask+1","floor":37.0},{"not_picked":["Outmaneuver+1","Infinite Blades+1"],"picked":"PiercingWail+1","floor":38.0},{"not_picked":["Poisoned Stab+1","Underhanded Strike+1","Deflect"],"picked":"SKIP","floor":39.0},{"not_picked":["Prepared","Dagger Throw+1"],"picked":"Noxious Fumes+1","floor":40.0},{"not_picked":["Acrobatics","Prepared","Doppelganger"],"picked":"SKIP","floor":42.0},{"not_picked":["Choke+1","Flying Knee+1","Skewer+1"],"picked":"SKIP","floor":45}],"player_experience":1047428,"relics_obtained":[{"floor":8.0,"key":"Tiny Chest"},{"floor":9.0,"key":"Lantern"},{"floor":11.0,"key":"Molten Egg 2"},{"floor":13.0,"key":"PreservedInsect"},{"floor":24.0,"key":"Mummified Hand"},{"floor":26.0,"key":"Pen Nib"},{"floor":28.0,"key":"Dream Catcher"},{"floor":31.0,"key":"Gambling Chip"},{"floor":40.0,"key":"Bag of Marbles"},{"floor":42.0,"key":"Smiling Mask"},{"floor":45,"key":"Snake Skull"}],"event_choices":[{"damage_healed":0.0,"max_hp_gain":0.0,"max_hp_loss":5.0,"gold_gain":0.0,"event_name":"Golden Idol","player_choice":"Lose Max HP","floor":2.0,"gold_loss":0.0,"damage_taken":0.0,"relics_obtained":["Golden Idol"]},{"damage_healed":0.0,"max_hp_gain":0.0,"max_hp_loss":0.0,"gold_gain":0.0,"event_name":"The Woman in Blue","player_choice":"Bought 2 Potions","floor":3.0,"gold_loss":0.0,"damage_taken":0.0},{"damage_healed":0.0,"max_hp_gain":0.0,"max_hp_loss":0.0,"gold_gain":0.0,"cards_transformed":["Strike_G"],"event_name":"Transmorgrifier","player_choice":"Transformed","floor":14.0,"gold_loss":0.0,"damage_taken":0.0,"cards_obtained":["Dodge and Roll"]},{"damage_healed":0.0,"max_hp_gain":0.0,"max_hp_loss":0.0,"gold_gain":0.0,"event_name":"Drug Dealer","player_choice":"Inject Mutagens","floor":30.0,"gold_loss":0.0,"damage_taken":0.0,"relics_obtained":["MutagenicStrength"]},{"damage_healed":0.0,"max_hp_gain":0.0,"max_hp_loss":4.0,"gold_gain":0.0,"event_name":"Winding Halls","player_choice":"Max HP","floor":36.0,"gold_loss":0.0,"damage_taken":0.0}],"is_beta":false,"boss_relics":[{"not_picked":["White Beast Statue","Busted Crown"],"picked":"Cursed Key"},{"not_picked":["Calling Bell","Velvet Choker"],"picked":"Tiny House"}],"items_purged_floors":[19],"is_endless":false,"potions_floor_spawned":[6,8,16,20,22,27,33,37,39],"killed_by":"Writhing Mass","ascension_level":1}