{"gold_per_floor":[118,16,29,43,62,62,81,106,132,132,132,147,160,171,171,268,568,584,596,596,610,628,660,660,680,706,540,540],"floor_reached":28,"playtime":1880,"items_purged":["Normality"],"score":337,"play_id":"1eea16f8-1d29-4cc0-bdcb-cd81a8845021","local_time":"20190508153210","is_ascension_mode":true,"campfire_choices":[{"data":"Hyperbeam","floor":6.0,"key":"SMITH"},{"data":"White Noise","floor":11.0,"key":"SMITH"},{"data":"Self Repair","floor":15.0,"key":"SMITH"},{"floor":24.0,"key":"REST"}],"neow_cost":"TEN_PERCENT_HP_LOSS","seed_source_timestamp":0,"circlet_count":0,"master_deck":["Strike_B","Strike_B","Strike_B","Defend_B","Defend_B","Defend_B","Defend_B","Zap","Dualcast","Hyperbeam+1","White Noise+1","Defragment","Ball Lightning","White Noise","Hologram","Buffer","Go for the Eyes","Go for the Eyes","Turbo","Doom and Gloom","Self Repair+1","Core Surge","Injury","Pain","Go for the Eyes+1","Undo","White Noise+1","Glacier","Panacea"],"special_seed":0,"relics":["Cracked Core","Du-Vu Doll","Lantern","Calling Bell","Blood Vial","Symbiotic Virus","Old Coin","Centennial Puzzle","Dream Catcher","Orichalcum"],"potions_floor_usage":[28,28],"damage_taken":[{"damage":1.0,"enemies":"2 Louse","floor":1.0,"turns":2.0},{"damage":0.0,"enemies":"Cultist","floor":3.0,"turns":3.0},{"damage":0.0,"enemies":"Small Slimes","floor":4.0,"turns":1.0},{"damage":8.0,"enemies":"Red Slaver","floor":5.0,"turns":5.0},{"damage":5.0,"enemies":"3 Louse","floor":7.0,"turns":3.0},{"damage":0.0,"enemies":"Lagavulin","floor":8.0,"turns":9.0},{"damage":5.0,"enemies":"Exordium Wildlife","floor":12.0,"turns":3.0},{"damage":3.0,"enemies":"Large Slime","floor":13.0,"turns":4.0},{"damage":9.0,"enemies":"2 Fungi Beasts","floor":14.0,"turns":3.0},{"damage":0.0,"enemies":"Slime Boss","floor":16.0,"turns":5.0},{"damage":0.0,"enemies":"3 Byrds","floor":18.0,"turns":2.0},{"damage":2.0,"enemies":"Chosen","floor":19.0,"turns":2.0},{"damage":2.0,"enemies":"Centurion and Healer","floor":21.0,"turns":3.0},{"damage":3.0,"enemies":"Snecko","floor":22.0,"turns":2.0},{"damage":53.0,"enemies":"Gremlin Leader","floor":23.0,"turns":7.0},{"damage":0.0,"enemies":"Snake Plant","floor":25.0,"turns":1.0},{"damage":63,"enemies":"Masked Bandits","floor":28,"turns":3}],"seed_played":"-169587706793766536","potions_obtained":[{"floor":1.0,"key":"FearPotion"},{"floor":4.0,"key":"SkillPotion"},{"floor":7.0,"key":"SpeedPotion"},{"floor":12.0,"key":"Ancient Potion"},{"floor":18.0,"key":"Strength Potion"},{"floor":22.0,"key":"Dexterity Potion"},{"floor":25.0,"key":"Regen Potion"}],"is_trial":false,"path_per_floor":["?","M","?","M","?"],"character_chosen":"DEFECT","items_purchased":["Defragment","Ball Lightning","Panacea"],"campfire_rested":1,"item_purchase_floors":[2,2,27],"current_hp_per_floor":[67,67,67,67,59,59,54,54,54,54,54,49,46,37,37,47,68,68,66,66,66,65,24,44,46,46,46,0],"gold":540,"neow_bonus":"THREE_RARE_CARDS","is_prod":false,"is_daily":false,"chose_seed":false,"campfire_upgraded":3,"win_rate":0,"timestamp":1557322330,"path_taken":["M","$","M","M","M","R","M","E","T","?","R","M","M","?","R","BOSS","M","M","?","M","M","E","R","?","T","$","?"],"build_version":"2019-01-23","purchased_purges":1,"victory":false,"max_hp_per_floor":[68,68,68,68,68,68,68,68,68,68,68,68,68,68,68,68,68,68,68,68,68,68,68,68,68,68,68,68],"card_choices":[{"not_picked":["Thunder Strike","Biased Cognition"],"picked":"Hyperbeam","floor":0.0},{"not_picked":["Storm","Rip and Tear"],"picked":"White Noise","floor":1.0},{"not_picked":["Rebound","Barrage"],"picked":"White Noise","floor":3.0},{"not_picked":["Skim","Gash"],"picked":"Hologram","floor":4.0},{"not_picked":["Auto Shields","Doom and Gloom"],"picked":"Buffer","floor":5.0},{"not_picked":["Barrage","Steam"],"picked":"Go for the Eyes","floor":7.0},{"not_picked":["Heatsinks","Darkness"],"picked":"Go for the Eyes","floor":8.0},{"not_picked":["Compile Driver","Steam Power"],"picked":"Doom and Gloom","floor":12.0},{"not_picked":["Steam Power","Force Field","Streamline"],"picked":"SKIP","floor":13.0},{"not_picked":["Defragment","Stack"],"picked":"Self Repair","floor":14.0},{"not_picked":["Biased Cognition","Electrodynamics"],"picked":"Core Surge","floor":16.0},{"not_picked":["Ball Lightning","Hologram"],"picked":"Go for the Eyes+1","floor":18.0},{"not_picked":["Rebound","Loop"],"picked":"Undo","floor":19.0},{"not_picked":["Lockon","Beam Cell","Chaos"],"picked":"SKIP","floor":21.0},{"not_picked":["Stack","Aggregate","Sweeping Beam+1"],"picked":"SKIP","floor":22.0},{"not_picked":["Chill","Genetic Algorithm"],"picked":"White Noise+1","floor":23.0},{"not_picked":["Go for the Eyes","Cold Snap"],"picked":"Glacier","floor":25.0}],"player_experience":591027,"relics_obtained":[{"floor":8.0,"key":"Du-Vu Doll"},{"floor":9.0,"key":"Lantern"},{"floor":17.0,"key":"Blood Vial"},{"floor":17.0,"key":"Symbiotic Virus"},{"floor":17.0,"key":"Old Coin"},{"floor":23.0,"key":"Dream Catcher"},{"floor":26.0,"key":"Orichalcum"}],"event_choices":[{"cards_removed":["Strike_B"],"damage_healed":0.0,"max_hp_gain":0.0,"max_hp_loss":0.0,"gold_gain":0.0,"event_name":"NoteForYourself","player_choice":"Took Card","floor":10.0,"gold_loss":0.0,"damage_taken":0.0,"cards_obtained":["Turbo"]},{"damage_healed":0.0,"max_hp_gain":0.0,"max_hp_loss":0.0,"gold_gain":0.0,"event_name":"WeMeetAgain","player_choice":"Gave Potion","floor":20.0,"gold_loss":0.0,"damage_taken":0.0,"relics_obtained":["Centennial Puzzle"]},{"damage_healed":0,"gold_gain":0,"player_choice":"Fought Bandits","damage_taken":0,"max_hp_gain":0,"max_hp_loss":0,"event_name":"Masked Bandits","floor":28,"gold_loss":0}],"is_beta":false,"boss_relics":[{"not_picked":["Lizard Tail","Tiny House"],"picked":"Calling Bell"}],"items_purged_floors":[27],"is_endless":false,"potions_floor_spawned":[1,4,7,12,18,19,22,25],"killed_by":"Masked Bandits","ascension_level":1}