{"gold_per_floor":[115,290,300,351,369,403,417,371,396,407,426,426,426,443,443,546,546,557,572,619,619],"floor_reached":21,"playtime":1944,"items_purged":[],"score":183,"play_id":"848c0f3f-d902-4985-8c3e-06a152fba5d5","local_time":"20190126092627","is_ascension_mode":false,"campfire_choices":[{"floor":12.0,"key":"REST"},{"floor":15.0,"key":"REST"}],"neow_cost":"NONE","seed_source_timestamp":0,"circlet_count":0,"master_deck":["Strike_B","Strike_B","Strike_B","Strike_B","Defend_B","Defend_B","Defend_B","Defend_B+1","Zap+1","Dualcast","Reboot","Streamline","Machine Learning","Beam Cell","Double Energy","Chill","Coolheaded","Electrodynamics","Ball Lightning","Creative AI","Compile Driver+1","Redo"],"special_seed":0,"relics":["Cracked Core","War Paint","Question Card","Oddly Smooth Stone","Inserter","Bag of Preparation"],"potions_floor_usage":[21],"damage_taken":[{"damage":10.0,"enemies":"Jaw Worm","floor":1.0,"turns":4.0},{"damage":7.0,"enemies":"2 Louse","floor":3.0,"turns":2.0},{"damage":4.0,"enemies":"Cultist","floor":5.0,"turns":4.0},{"damage":14.0,"enemies":"Gremlin Nob","floor":6.0,"turns":3.0},{"damage":13.0,"enemies":"2 Fungi Beasts","floor":7.0,"turns":4.0},{"damage":0.0,"enemies":"Large Slime","floor":10.0,"turns":5.0},{"damage":2.0,"enemies":"Looter","floor":11.0,"turns":3.0},{"damage":0.0,"enemies":"Lots of Slimes","floor":14.0,"turns":1.0},{"damage":5.0,"enemies":"Slime Boss","floor":16.0,"turns":6.0},{"damage":50.0,"enemies":"Shell Parasite","floor":18.0,"turns":6.0},{"damage":11.0,"enemies":"3 Byrds","floor":19.0,"turns":4.0},{"damage":17,"enemies":"Centurion and Healer","floor":21,"turns":5}],"seed_played":"-361677236970381804","potions_obtained":[{"floor":3.0,"key":"AttackPotion"},{"floor":5.0,"key":"Fire Potion"},{"floor":6.0,"key":"Weak Potion"},{"floor":14.0,"key":"LiquidBronze"},{"floor":19.0,"key":"Block Potion"}],"is_trial":false,"path_per_floor":["M","?","M","T","M","E","M","?","T","M","M","R","?","M","R","B",null,"M","M","T","M"],"character_chosen":"DEFECT","items_purchased":[],"campfire_rested":2,"item_purchase_floors":[],"current_hp_per_floor":[65,65,58,58,54,40,27,27,27,27,25,47,47,47,69,64,75,25,14,14,0],"gold":619,"neow_bonus":"ONE_RANDOM_RARE_CARD","is_prod":false,"is_daily":false,"chose_seed":false,"campfire_upgraded":0,"win_rate":0.0,"timestamp":1548523587,"path_taken":["M","?","M","?","M","E","M","?","T","?","M","R","?","M","R","BOSS","M","M","?","M"],"build_version":"2019-01-23","purchased_purges":0,"victory":false,"max_hp_per_floor":[75,75,75,75,75,75,75,75,75,75,75,75,75,75,75,75,75,75,75,75,75],"card_choices":[{"not_picked":["Sweeping Beam","FTL"],"picked":"Streamline","floor":1.0},{"not_picked":["Conserve Battery","Barrage"],"picked":"Machine Learning","floor":3.0},{"not_picked":["Darkness","Gash"],"picked":"Beam Cell","floor":5.0},{"not_picked":["Beam Cell","Storm"],"picked":"Double Energy","floor":6.0},{"not_picked":["Hologram","Skim","Streamline"],"picked":"Chill","floor":7.0},{"not_picked":["Reinforced Body","Stack","Blizzard"],"picked":"Coolheaded","floor":10.0},{"not_picked":["Steam","Gash","Sweeping Beam"],"picked":"Electrodynamics","floor":11.0},{"not_picked":["Go for the Eyes","Stack","Steam"],"picked":"Ball Lightning","floor":14.0},{"not_picked":["Fission","Buffer","Multi-Cast"],"picked":"Creative AI","floor":16.0},{"not_picked":["Cold Snap","Force Field","Hologram"],"picked":"Compile Driver+1","floor":18.0},{"not_picked":["Hologram","Blizzard+1","Double Energy"],"picked":"Redo","floor":19.0}],"player_experience":8325,"relics_obtained":[{"floor":4.0,"key":"War Paint"},{"floor":6.0,"key":"Question Card"},{"floor":9.0,"key":"Oddly Smooth Stone"},{"floor":20.0,"key":"Bag of Preparation"}],"event_choices":[{"damage_healed":0.0,"max_hp_gain":0.0,"max_hp_loss":0.0,"gold_gain":175.0,"event_name":"Liars Game","player_choice":"AGREE","floor":2.0,"gold_loss":0.0,"damage_taken":0.0,"cards_obtained":["Doubt"]},{"damage_healed":0.0,"max_hp_gain":0.0,"max_hp_loss":0.0,"gold_gain":0.0,"event_name":"World of Goop","player_choice":"Left Gold","floor":8.0,"gold_loss":46.0,"damage_taken":0.0},{"cards_removed":["Doubt"],"damage_healed":0.0,"max_hp_gain":0.0,"max_hp_loss":0.0,"gold_gain":0.0,"event_name":"Fountain of Cleansing","player_choice":"Removed Curses","floor":13.0,"gold_loss":0.0,"damage_taken":0.0}],"is_beta":false,"boss_relics":[{"not_picked":["Philosopher\u0027s Stone","White Beast Statue"],"picked":"Inserter"}],"items_purged_floors":[],"is_endless":false,"potions_floor_spawned":[3,5,6,14,19],"killed_by":"Centurion and Healer","ascension_level":0}