{"gold_per_floor":[118,129,147,147,163,163,177,177,177,102,116,145,145,159,159,255,255,274,274,274,294,219,219,229,258,307,340,358,358,372,404,404,506,506,522,522,534,1533,882,882,896,896,896,896,907,907,630,661,661,661],"floor_reached":51,"playtime":3353,"items_purged":["Strike_B","Normality","Normality"],"score":923,"play_id":"203b6eee-9612-49fe-be95-87936221dc71","local_time":"20190404140650","is_ascension_mode":true,"campfire_choices":[{"data":"Zap","floor":6.0,"key":"SMITH"},{"data":"Self Repair","floor":8.0,"key":"SMITH"},{"data":"Creative AI","floor":13.0,"key":"SMITH"},{"data":"Dualcast","floor":15,"key":"SMITH"},{"data":"Electrodynamics","floor":23,"key":"SMITH"},{"floor":29,"key":"REST"},{"data":"Capacitor","floor":32,"key":"SMITH"},{"data":"Apotheosis","floor":40,"key":"SMITH"},{"data":"Echo Form","floor":42,"key":"SMITH"},{"data":"Glacier","floor":44,"key":"SMITH"},{"floor":49,"key":"REST"}],"neow_cost":"NONE","seed_source_timestamp":0,"circlet_count":0,"master_deck":["Defend_B","Defend_B","Defend_B","Zap+1","Dualcast+1","Gash","Glacier+1","Self Repair+1","Electrodynamics+1","Creative AI+1","Rainbow","Conserve Battery+1","Ball Lightning","Ball Lightning+1","Melter+1","BootSequence","Conserve Battery+1","Capacitor+1","Reboot","Go for the Eyes+1","Darkness+1","Apotheosis+1","Echo Form+1","Consume","Darkness+1","Barrage+1"],"special_seed":0,"relics":["Cracked Core","NeowsBlessing","Letter Opener","Bird Faced Urn","Empty Cage","Calipers","Matryoshka","Lantern","Centennial Puzzle","Pen Nib","Happy Flower","Sozu","Mercury Hourglass","Strawberry","Mango","PreservedInsect","Emotion Chip"],"potions_floor_usage":[50,50],"damage_taken":[{"damage":0.0,"enemies":"Jaw Worm","floor":1.0,"turns":1.0},{"damage":0.0,"enemies":"Cultist","floor":2.0,"turns":1.0},{"damage":0.0,"enemies":"2 Louse","floor":3.0,"turns":1.0},{"damage":27.0,"enemies":"Exordium Thugs","floor":5.0,"turns":7.0},{"damage":11.0,"enemies":"Lots of Slimes","floor":7.0,"turns":3.0},{"damage":0.0,"enemies":"Large Slime","floor":11.0,"turns":4.0},{"damage":14.0,"enemies":"Lagavulin","floor":12.0,"turns":7.0},{"damage":12.0,"enemies":"Exordium Wildlife","floor":14.0,"turns":5.0},{"damage":0,"enemies":"Slime Boss","floor":16,"turns":7},{"damage":28,"enemies":"Spheric Guardian","floor":18,"turns":5},{"damage":0,"enemies":"Chosen","floor":21,"turns":4},{"damage":16,"enemies":"Shelled Parasite and Fungi","floor":24,"turns":8},{"damage":12,"enemies":"Slavers","floor":25,"turns":3},{"damage":5,"enemies":"Gremlin Leader","floor":27,"turns":6},{"damage":24,"enemies":"Snecko","floor":28,"turns":5},{"damage":3,"enemies":"Snake Plant","floor":30,"turns":3},{"damage":14,"enemies":"Slavers","floor":31,"turns":3},{"damage":16,"enemies":"Automaton","floor":33,"turns":10},{"damage":0,"enemies":"3 Shapes","floor":35,"turns":2},{"damage":27,"enemies":"3 Darklings","floor":37,"turns":4},{"damage":7,"enemies":"Maw","floor":41,"turns":9},{"damage":65,"enemies":"Spire Growth","floor":45,"turns":6},{"damage":16,"enemies":"Reptomancer","floor":48,"turns":6},{"damage":26,"enemies":"Time Eater","floor":50,"turns":6}],"seed_played":"6721662569810490068","potions_obtained":[{"floor":3.0,"key":"FearPotion"},{"floor":14,"key":"Poison Potion"},{"floor":21,"key":"Strength Potion"}],"is_trial":false,"path_per_floor":["?","M","$","?","T","M","?","?","?","?"],"character_chosen":"DEFECT","items_purchased":["Apotheosis","Echo Form","Mercury Hourglass","PreservedInsect"],"campfire_rested":2,"item_purchase_floors":[39,39,39,47],"current_hp_per_floor":[75,75,75,75,55,55,51,51,51,51,61,57,57,65,65,75,75,63,63,63,75,75,75,75,65,65,75,53,75,74,73,73,74,75,75,75,69,69,69,69,75,75,96,96,65,65,65,77,96,96],"gold":661,"neow_bonus":"THREE_ENEMY_KILL","is_prod":false,"is_daily":false,"chose_seed":false,"campfire_upgraded":9,"win_rate":0,"timestamp":1554379610,"path_taken":["M","M","M","?","M","R","?","R","T","?","M","E","R","M","R","BOSS","M","?","?","?","?","R","M","E","T","E","M","R","M","E","R","BOSS","M","?","M","?","$","R","M","R","T","R","M","?","$","E","R","BOSS"],"build_version":"2019-01-23","purchased_purges":3,"victory":true,"max_hp_per_floor":[75,75,75,75,75,75,75,75,75,75,75,75,75,75,75,75,75,75,75,75,75,75,75,75,75,75,75,75,75,75,75,75,75,75,75,75,75,75,75,75,75,75,96,96,96,96,96,96,96,96],"card_choices":[{"not_picked":["Conserve Battery","Go for the Eyes"],"picked":"Gash","floor":1.0},{"not_picked":["Turbo","Conserve Battery"],"picked":"Glacier","floor":2.0},{"not_picked":["Turbo","Rebound"],"picked":"Self Repair","floor":3.0},{"not_picked":["Stack","Turbo"],"picked":"Electrodynamics","floor":5.0},{"not_picked":["Double Energy","Streamline","Force Field"],"picked":"SKIP","floor":7.0},{"not_picked":["Steam","Sunder","Beam Cell"],"picked":"SKIP","floor":11.0},{"not_picked":["Hologram","Stack"],"picked":"Creative AI","floor":12.0},{"not_picked":["Streamline","Turbo"],"picked":"Glacier","floor":14},{"not_picked":["Reboot","All For One"],"picked":"Rainbow","floor":16},{"not_picked":["Beam Cell+1","Melter"],"picked":"Conserve Battery+1","floor":18},{"not_picked":["Capacitor","Chaos"],"picked":"Ball Lightning+1","floor":21},{"not_picked":["Steam+1","Beam Cell"],"picked":"Melter+1","floor":24},{"not_picked":["Turbo","Redo"],"picked":"BootSequence","floor":25},{"not_picked":["Tempest","Beam Cell","Fusion"],"picked":"SKIP","floor":27},{"not_picked":["Go for the Eyes","Beam Cell+1"],"picked":"Conserve Battery+1","floor":28},{"not_picked":["Beam Cell","Turbo","Blizzard"],"picked":"SKIP","floor":30},{"not_picked":["Undo","BootSequence+1"],"picked":"Capacitor","floor":31},{"not_picked":["Meteor Strike","All For One"],"picked":"Reboot","floor":33},{"not_picked":["Blizzard","Auto Shields+1"],"picked":"Go for the Eyes+1","floor":35},{"not_picked":["Leap+1","Steam+1"],"picked":"Darkness+1","floor":37},{"not_picked":["BootSequence+1","Compile Driver+1"],"picked":"Consume","floor":41},{"not_picked":["Steam+1","Melter+1"],"picked":"Darkness+1","floor":45},{"not_picked":["FTL","Auto Shields"],"picked":"Barrage+1","floor":48}],"player_experience":378420,"relics_obtained":[{"floor":9.0,"key":"Letter Opener"},{"floor":12.0,"key":"Bird Faced Urn"},{"floor":20,"key":"Calipers"},{"floor":25,"key":"Matryoshka"},{"floor":26,"key":"Lantern"},{"floor":26,"key":"Centennial Puzzle"},{"floor":27,"key":"Pen Nib"},{"floor":31,"key":"Happy Flower"},{"floor":43,"key":"Strawberry"},{"floor":43,"key":"Mango"},{"floor":48,"key":"Emotion Chip"}],"event_choices":[{"cards_removed":["Strike_B"],"damage_healed":0.0,"max_hp_gain":0.0,"max_hp_loss":0.0,"gold_gain":0.0,"event_name":"Purifier","player_choice":"Purged","floor":4.0,"gold_loss":0.0,"damage_taken":0.0},{"damage_healed":0,"gold_gain":0,"player_choice":"Read","damage_taken":0,"max_hp_gain":0,"max_hp_loss":0,"event_name":"The Library","floor":19,"gold_loss":0,"cards_obtained":["Ball Lightning"]},{"cards_removed":["Defend_B"],"damage_healed":0,"gold_gain":0,"player_choice":"Gave Gold","damage_taken":0,"max_hp_gain":0,"max_hp_loss":0,"event_name":"Beggar","floor":22,"gold_loss":75},{"cards_removed":["Glacier"],"damage_healed":0,"gold_gain":0,"player_choice":"Removed Skill","damage_taken":0,"max_hp_gain":0,"max_hp_loss":0,"event_name":"Falling","floor":36,"gold_loss":0},{"damage_healed":0,"gold_gain":999,"player_choice":"Gold","damage_taken":0,"max_hp_gain":0,"max_hp_loss":0,"event_name":"MindBloom","floor":38,"gold_loss":0,"cards_obtained":["Normality","Normality"]},{"damage_healed":0,"gold_gain":0,"player_choice":"Ignored","damage_taken":0,"max_hp_gain":0,"max_hp_loss":0,"event_name":"Tomb of Lord Red Mask","floor":46,"gold_loss":0}],"is_beta":false,"boss_relics":[{"not_picked":["Nuclear Battery","Runic Pyramid"],"picked":"Empty Cage"},{"not_picked":["Runic Dome","Busted Crown"],"picked":"Sozu"}],"items_purged_floors":[10,39,47],"is_endless":false,"potions_floor_spawned":[3,14,21,24,27,28,31,37,48],"ascension_level":3}