{"gold_per_floor":[109,10,29,45,59,85,85,110,136,161,161,175,175,193,193,289,289,289,204,10,10,10,10,10,10,10,10,10,10,10,10,10,10,10,10,10,10,10,10,10,10,10,10,10,10,10,10,10,10,10,10,10,10,10,10],"floor_reached":55,"playtime":3495,"items_purged":["Strike_B"],"score":1180,"play_id":"8a23fbbb-6794-4467-b13e-78749ebccb4d","local_time":"20190529075715","is_ascension_mode":true,"campfire_choices":[{"data":"Defragment","floor":7.0,"key":"SMITH"},{"floor":11.0,"key":"REST"},{"data":"Defragment","floor":13.0,"key":"SMITH"},{"floor":15.0,"key":"REST"},{"data":"Coolheaded","floor":23.0,"key":"SMITH"},{"data":"Coolheaded","floor":25.0,"key":"SMITH"},{"floor":27.0,"key":"REST"},{"data":"Hologram","floor":32.0,"key":"SMITH"},{"data":"Defragment","floor":41.0,"key":"SMITH"},{"floor":44.0,"key":"RECALL"},{"data":"Reinforced Body","floor":46.0,"key":"SMITH"},{"floor":49.0,"key":"DIG"},{"floor":52.0,"key":"DIG"}],"neow_cost":"NONE","seed_source_timestamp":0,"circlet_count":0,"master_deck":["Defend_B","Defend_B","Defend_B","Defend_B","Zap","Coolheaded+1","Coolheaded+1","Cold Snap","Defragment+1","Steam","Defragment+1","Hologram+1","Electrodynamics","Reinforced Body+1","Go for the Eyes","Ball Lightning+1","Self Repair","Bite","Bite","Bite","Bite","Bite","Coolheaded","Reinforced Body","Core Surge","Biased Cognition+1","Self Repair+1","Force Field+1","Go for the Eyes+1","Defragment+1","Fusion+1","Sweeping Beam","Coolheaded+1","Conserve Battery","Hologram+1","Static Discharge+1"],"special_seed":0,"relics":["Cracked Core","Pen Nib","Bag of Marbles","Lantern","Omamori","Ectoplasm","Tiny Chest","The Courier","Mummified Hand","Dream Catcher","Astrolabe","Emotion Chip","Dodecahedron","Ornamental Fan","Shovel","Bronze Scales","Bottled Tornado","Incense Burner"],"potions_floor_usage":[],"damage_taken":[{"damage":0.0,"enemies":"Small Slimes","floor":1.0,"turns":3.0},{"damage":0.0,"enemies":"2 Louse","floor":3.0,"turns":3.0},{"damage":2.0,"enemies":"Jaw Worm","floor":4.0,"turns":3.0},{"damage":4.0,"enemies":"2 Fungi Beasts","floor":5.0,"turns":4.0},{"damage":20.0,"enemies":"3 Sentries","floor":6.0,"turns":12.0},{"damage":11.0,"enemies":"Lagavulin","floor":8.0,"turns":9.0},{"damage":24.0,"enemies":"Gremlin Nob","floor":10.0,"turns":4.0},{"damage":5.0,"enemies":"Blue Slaver","floor":12.0,"turns":3.0},{"damage":0.0,"enemies":"3 Louse","floor":14.0,"turns":3.0},{"damage":42.0,"enemies":"Slime Boss","floor":16.0,"turns":12.0},{"damage":0.0,"enemies":"3 Byrds","floor":18.0,"turns":2.0},{"damage":3.0,"enemies":"Shell Parasite","floor":21.0,"turns":5.0},{"damage":2.0,"enemies":"Centurion and Healer","floor":22.0,"turns":6.0},{"damage":37.0,"enemies":"Slavers","floor":24.0,"turns":4.0},{"damage":13.0,"enemies":"Snake Plant","floor":29.0,"turns":4.0},{"damage":0.0,"enemies":"Gremlin Leader","floor":30.0,"turns":5.0},{"damage":0.0,"enemies":"3 Cultists","floor":31.0,"turns":5.0},{"damage":72.0,"enemies":"Automaton","floor":33.0,"turns":15.0},{"damage":0.0,"enemies":"Orb Walker","floor":35.0,"turns":3.0},{"damage":14.0,"enemies":"3 Darklings","floor":36.0,"turns":4.0},{"damage":0.0,"enemies":"Mind Bloom Boss Battle","floor":38.0,"turns":9.0},{"damage":0.0,"enemies":"Sphere and 2 Shapes","floor":39.0,"turns":3.0},{"damage":16.0,"enemies":"Reptomancer","floor":40.0,"turns":9.0},{"damage":4.0,"enemies":"Nemesis","floor":42.0,"turns":17.0},{"damage":24.0,"enemies":"Maw","floor":45.0,"turns":10.0},{"damage":0.0,"enemies":"3 Darklings","floor":48.0,"turns":5.0},{"damage":41.0,"enemies":"Awakened One","floor":50.0,"turns":21.0},{"damage":70.0,"enemies":"Shield and Spear","floor":54.0,"turns":12.0},{"damage":35,"enemies":"The Heart","floor":55,"turns":5}],"seed_played":"8361603696839950422","potions_obtained":[{"floor":4.0,"key":"SpeedPotion"},{"floor":5.0,"key":"SpeedPotion"},{"floor":30.0,"key":"Fruit Juice"},{"floor":36.0,"key":"Regen Potion"},{"floor":38.0,"key":"Swift Potion"},{"floor":42.0,"key":"FearPotion"},{"floor":45.0,"key":"PowerPotion"}],"is_trial":false,"path_per_floor":["?","?","?","?","T"],"character_chosen":"DEFECT","items_purchased":["Coolheaded","Fire Potion","Reinforced Body","Go for the Eyes"],"campfire_rested":3,"item_purchase_floors":[2,2,20,20],"current_hp_per_floor":[75,75,75,73,69,49,49,38,38,14,38,33,33,33,57,15,65,65,65,65,62,60,60,30,30,30,54,54,55,57,57,57,23,52,62,62,62,62,62,62,62,62,62,62,62,62,62,62,62,62,62,62,62,27,0],"gold":10,"neow_bonus":"TEN_PERCENT_HP_BONUS","is_prod":false,"is_daily":false,"chose_seed":false,"campfire_upgraded":7,"win_rate":0,"timestamp":1559109435,"path_taken":["M","$","M","M","M","E","R","E","T","E","R","M","R","M","R","BOSS","M","?","$","M","M","R","E","R","T","R","?","M","E","M","R","BOSS","M","M","?","?","M","E","R","E","T","R","M","R","?","M","R","BOSS","R","$","E","BOSS"],"build_version":"2019-01-23","purchased_purges":1,"victory":false,"max_hp_per_floor":[82,82,82,82,82,82,82,82,82,82,82,82,82,82,82,82,82,82,82,82,82,82,82,82,82,82,82,57,57,57,57,57,62,62,62,62,62,62,62,62,62,62,62,62,62,62,62,62,62,62,62,62,62,62,62],"card_choices":[{"not_picked":["Rebound","Storm"],"picked":"Steam","floor":1.0},{"not_picked":["Static Discharge","Chaos"],"picked":"Coolheaded","floor":3.0},{"not_picked":["Coolheaded","Barrage"],"picked":"Cold Snap","floor":4.0},{"not_picked":["Fusion","Turbo"],"picked":"Defragment","floor":5.0},{"not_picked":["Rebound","Auto Shields"],"picked":"Steam","floor":6.0},{"not_picked":["Barrage","Storm"],"picked":"Sweeping Beam","floor":8.0},{"not_picked":["Sunder","Turbo"],"picked":"Defragment","floor":10.0},{"not_picked":["Blizzard","Double Energy"],"picked":"Hologram","floor":12.0},{"not_picked":["All For One","Storm","Scrape"],"picked":"SKIP","floor":14.0},{"not_picked":["Creative AI","Buffer"],"picked":"Electrodynamics","floor":16.0},{"not_picked":["Storm+1","Fusion","Cold Snap"],"picked":"SKIP","floor":18.0},{"not_picked":["Coolheaded","FTL+1"],"picked":"Ball Lightning+1","floor":21.0},{"not_picked":["Go for the Eyes","Redo"],"picked":"Self Repair","floor":22.0},{"not_picked":["Steam","All For One","Electrodynamics"],"picked":"SKIP","floor":24.0},{"not_picked":["Sweeping Beam+1","Storm"],"picked":"Coolheaded","floor":29.0},{"not_picked":["Static Discharge","Coolheaded"],"picked":"Reinforced Body","floor":30.0},{"not_picked":["Streamline+1","Cold Snap","Beam Cell"],"picked":"SKIP","floor":31.0},{"not_picked":["Hyperbeam","Reboot"],"picked":"Core Surge","floor":33.0},{"not_picked":["Reinforced Body","Barrage"],"picked":"Go for the Eyes+1","floor":35.0},{"not_picked":["Hologram+1","Chaos+1"],"picked":"Defragment","floor":36.0},{"not_picked":["Hologram","Streamline"],"picked":"Fusion+1","floor":39.0},{"not_picked":["Hello World+1","Barrage"],"picked":"Sweeping Beam","floor":40.0},{"not_picked":["Fusion","Scrape"],"picked":"Coolheaded+1","floor":42.0},{"not_picked":["Streamline","Storm"],"picked":"Conserve Battery","floor":45.0},{"not_picked":["White Noise+1","Cold Snap"],"picked":"Hologram+1","floor":48.0},{"not_picked":["Multi-Cast","Compile Driver"],"picked":"Static Discharge+1","floor":54}],"player_experience":706091,"relics_obtained":[{"floor":6.0,"key":"Pen Nib"},{"floor":8.0,"key":"Bag of Marbles"},{"floor":9.0,"key":"Lantern"},{"floor":10.0,"key":"Omamori"},{"floor":24.0,"key":"The Courier"},{"floor":26.0,"key":"Mummified Hand"},{"floor":30.0,"key":"Dream Catcher"},{"floor":38.0,"key":"Emotion Chip"},{"floor":40.0,"key":"Dodecahedron"},{"floor":42.0,"key":"Ornamental Fan"},{"floor":47.0,"key":"Shovel"},{"floor":49.0,"key":"Bronze Scales"},{"floor":52.0,"key":"Bottled Tornado"},{"floor":54,"key":"Incense Burner"}],"event_choices":[{"damage_healed":0.0,"max_hp_gain":0.0,"max_hp_loss":0.0,"gold_gain":0.0,"event_name":"Addict","player_choice":"Obtained Relic","floor":19.0,"gold_loss":85.0,"damage_taken":0.0,"relics_obtained":["Tiny Chest"]},{"damage_healed":0.0,"max_hp_gain":0.0,"max_hp_loss":25.0,"gold_gain":0.0,"event_name":"Vampires","player_choice":"Became a vampire","floor":28.0,"gold_loss":0.0,"damage_taken":0.0,"cards_obtained":["Bite","Bite","Bite","Bite","Bite"]},{"damage_healed":0.0,"max_hp_gain":0.0,"max_hp_loss":0.0,"gold_gain":0.0,"event_name":"Mysterious Sphere","player_choice":"Ignored","floor":37.0,"gold_loss":0.0,"damage_taken":0.0},{"damage_healed":0.0,"max_hp_gain":0.0,"max_hp_loss":0.0,"gold_gain":0.0,"event_name":"MindBloom","player_choice":"Fight","floor":38.0,"gold_loss":0.0,"damage_taken":0.0}],"is_beta":false,"boss_relics":[{"not_picked":["Inserter","Runic Dome"],"picked":"Ectoplasm"},{"not_picked":["Orrery","Black Star"],"picked":"Astrolabe"}],"items_purged_floors":[20],"is_endless":false,"potions_floor_spawned":[4,5,6,12,14,16,18,24,30,31,36,38,42,45,48],"killed_by":"The Heart","ascension_level":9}