{"gold_per_floor":[14,114,126,144,160,160,17,51,51,51,76,88,88,88,88,184,184,203,219,233,247,1,1,1,29,29,55,55,65,65,65,65,166,166,179,179,179,179,179,179,11,46,46,46,80,90,105,125,125,125],"floor_reached":50,"playtime":4272,"items_purged":["Strike_G"],"score":575,"play_id":"7770d527-1252-447e-95b4-c543b8714c03","local_time":"20190717105302","is_ascension_mode":true,"campfire_choices":[{"data":"Neutralize","floor":6,"key":"SMITH"},{"data":"Deadly Poison","floor":10,"key":"SMITH"},{"data":"Strike_G","floor":13,"key":"PURGE"},{"data":"Strike_G","floor":15,"key":"PURGE"},{"data":"Well Laid Plans","floor":23,"key":"SMITH"},{"data":"Backflip","floor":28,"key":"SMITH"},{"data":"Adrenaline","floor":30,"key":"SMITH"},{"data":"Backflip","floor":32,"key":"SMITH"},{"floor":40,"key":"RECALL"},{"data":"Dash","floor":44,"key":"SMITH"},{"data":"Poisoned Stab","floor":49,"key":"PURGE"}],"neow_cost":"NO_GOLD","seed_source_timestamp":2499090505641,"circlet_count":0,"master_deck":["Defend_G","Defend_G","Defend_G","Defend_G","Defend_G","Survivor","Neutralize+1","Caltrops","Dash+1","Backflip+1","Deadly Poison+1","Dash+1","Glass Knife","Well Laid Plans+1","Predator","Dagger Spray","Noxious Fumes+1","Dodge and Roll","Backflip+1","Deflect","Adrenaline+1","Die Die Die","Sadistic Nature","Thinking Ahead","Calculated Gamble","Deadly Poison+1","Noxious Fumes+1","Deflect+1"],"relics":["Ring of the Snake","Blue Candle","Turnip","Peace Pipe","Coffee Dripper","Sling","Dream Catcher","Singing Bowl","Mummified Hand","Philosopher\u0027s Stone","Sundial","Molten Egg 2"],"potions_floor_usage":[8,16,25,27,27,33,46,48,50,50],"damage_taken":[{"damage":0,"enemies":"Jaw Worm","floor":1,"turns":7},{"damage":0,"enemies":"Cultist","floor":3,"turns":4},{"damage":0,"enemies":"Small Slimes","floor":4,"turns":4},{"damage":0,"enemies":"Looter","floor":5,"turns":4},{"damage":7,"enemies":"Lagavulin","floor":8,"turns":7},{"damage":5,"enemies":"3 Sentries","floor":11,"turns":9},{"damage":0,"enemies":"Large Slime","floor":12,"turns":6},{"damage":31,"enemies":"Slime Boss","floor":16,"turns":14},{"damage":0,"enemies":"Chosen","floor":18,"turns":4},{"damage":0,"enemies":"Shell Parasite","floor":19,"turns":4},{"damage":0,"enemies":"Shelled Parasite and Fungi","floor":20,"turns":6},{"damage":0,"enemies":"Snake Plant","floor":21,"turns":4},{"damage":1,"enemies":"Gremlin Leader","floor":25,"turns":6},{"damage":21,"enemies":"Slavers","floor":27,"turns":5},{"damage":11,"enemies":"Cultist and Chosen","floor":29,"turns":5},{"damage":11,"enemies":"Champ","floor":33,"turns":14},{"damage":0,"enemies":"3 Shapes","floor":35,"turns":4},{"damage":5,"enemies":"Reptomancer","floor":42,"turns":6},{"damage":8,"enemies":"Giant Head","floor":45,"turns":9},{"damage":10,"enemies":"3 Darklings","floor":46,"turns":3},{"damage":7,"enemies":"Sphere and 2 Shapes","floor":47,"turns":4},{"damage":4,"enemies":"4 Shapes","floor":48,"turns":4},{"damage":36,"enemies":"Donu and Deca","floor":50,"turns":9}],"seed_played":"-8773170610868026701","potions_obtained":[{"floor":4,"key":"SkillPotion"},{"floor":11,"key":"Dexterity Potion"},{"floor":16,"key":"EssenceOfSteel"},{"floor":19,"key":"Energy Potion"},{"floor":20,"key":"Explosive Potion"},{"floor":25,"key":"Weak Potion"},{"floor":33,"key":"LiquidBronze"},{"floor":46,"key":"Block Potion"},{"floor":48,"key":"AttackPotion"}],"is_trial":false,"path_per_floor":["?","M","M","$","?","M","?","?","?","?","?","$","M"],"character_chosen":"THE_SILENT","items_purchased":["Backflip","Poisoned Stab","Sling","Dodge and Roll","Calculated Gamble","Block Potion","SpeedPotion"],"campfire_rested":0,"item_purchase_floors":[7,7,22,22,41,41,41],"current_hp_per_floor":[70,70,70,70,70,70,70,63,63,63,58,58,58,58,58,27,70,70,70,70,70,70,70,70,69,69,48,48,37,37,24,24,13,75,77,73,65,65,65,65,65,60,60,60,52,44,37,35,35,0],"gold":125,"neow_bonus":"REMOVE_TWO","is_prod":false,"is_daily":false,"chose_seed":false,"campfire_upgraded":7,"win_rate":0,"timestamp":1563353582,"path_taken":["M","?","M","?","?","R","?","E","T","R","E","M","R","?","R","BOSS","M","M","?","M","$","R","$","E","T","E","R","M","R","?","R","BOSS","M","?","?","?","?","R","?","E","T","R","E","M","?","M","R","BOSS"],"build_version":"2019-01-23","purchased_purges":1,"victory":false,"max_hp_per_floor":[70,70,70,70,70,70,70,70,70,70,70,70,70,70,70,70,70,70,70,70,70,70,70,70,70,70,70,70,70,70,75,75,75,75,77,73,75,75,75,75,75,75,75,75,75,77,77,79,79,79],"card_choices":[{"not_picked":["Underhanded Strike","Concentrate"],"picked":"Caltrops","floor":1},{"not_picked":["Prepared","Bane"],"picked":"Dagger Throw","floor":3},{"not_picked":["Riddle With Holes","Flying Knee"],"picked":"Dash","floor":4},{"not_picked":["Outmaneuver","Concentrate","Distraction"],"picked":"SKIP","floor":5},{"not_picked":["Dagger Spray","Cloak And Dagger"],"picked":"Deadly Poison","floor":8},{"not_picked":["Venomology","Deadly Poison"],"picked":"Dash","floor":11},{"not_picked":["Quick Slash","Slice","Underhanded Strike"],"picked":"SKIP","floor":12},{"not_picked":["Unload","A Thousand Cuts"],"picked":"Glass Knife","floor":16},{"not_picked":["Acrobatics","Slice"],"picked":"Well Laid Plans","floor":18},{"not_picked":["Quick Slash","Deflect"],"picked":"Predator","floor":19},{"not_picked":["Expertise","Riddle With Holes"],"picked":"Dagger Spray","floor":20},{"not_picked":["Cloak And Dagger","PiercingWail"],"picked":"Noxious Fumes+1","floor":21},{"not_picked":["Night Terror","Poisoned Stab"],"picked":"Backflip","floor":25},{"not_picked":["Flying Knee","Masterful Stab+1"],"picked":"Deflect","floor":27},{"not_picked":["Dagger Spray+1","Deflect"],"picked":"Adrenaline","floor":29},{"not_picked":["A Thousand Cuts","Doppelganger"],"picked":"Die Die Die","floor":33},{"not_picked":["Sucker Punch","Choke","Predator+1"],"picked":"Singing Bowl","floor":35},{"not_picked":["Purity","Panacea"],"picked":"Sadistic Nature","floor":37},{"not_picked":["Enlightenment","Panacea"],"picked":"Thinking Ahead","floor":37},{"not_picked":["Deep Breath","Discovery","Trip"],"picked":"Singing Bowl","floor":37},{"not_picked":["Outmaneuver","Infinite Blades"],"picked":"Deadly Poison+1","floor":42},{"not_picked":["Deadly Poison","Outmaneuver"],"picked":"Noxious Fumes+1","floor":45},{"not_picked":["Dagger Spray+1","Concentrate+1","Venomology"],"picked":"Singing Bowl","floor":46},{"not_picked":["Dodge and Roll+1","Bane+1"],"picked":"Deflect+1","floor":47},{"not_picked":["Concentrate+1","Deadly Poison+1","Prepared+1"],"picked":"Singing Bowl","floor":48}],"player_experience":1039930,"relics_obtained":[{"floor":8,"key":"Blue Candle"},{"floor":9,"key":"Turnip"},{"floor":11,"key":"Peace Pipe"},{"floor":25,"key":"Dream Catcher"},{"floor":26,"key":"Singing Bowl"},{"floor":27,"key":"Mummified Hand"},{"floor":42,"key":"Sundial"},{"floor":45,"key":"Molten Egg 2"}],"event_choices":[{"damage_healed":0,"gold_gain":100,"player_choice":"Pray","damage_taken":0,"max_hp_gain":0,"max_hp_loss":0,"event_name":"Golden Shrine","floor":2,"gold_loss":0},{"damage_healed":0,"gold_gain":0,"player_choice":"Upgraded","damage_taken":0,"max_hp_gain":0,"max_hp_loss":0,"event_name":"Upgrade Shrine","floor":14,"gold_loss":0,"cards_upgraded":["Dash"]},{"damage_healed":0,"gold_gain":0,"player_choice":"Shed Blood","damage_taken":18,"max_hp_gain":5,"max_hp_loss":0,"event_name":"Forgotten Altar","floor":31,"gold_loss":0},{"damage_healed":0,"gold_gain":0,"player_choice":"Max HP","damage_taken":0,"max_hp_gain":0,"max_hp_loss":4,"event_name":"Winding Halls","floor":36,"gold_loss":0},{"damage_healed":0,"gold_gain":0,"player_choice":"Memory 3","damage_taken":10,"max_hp_gain":0,"max_hp_loss":0,"event_name":"SensoryStone","floor":37,"gold_loss":0},{"damage_healed":0,"gold_gain":0,"player_choice":"Ignored","damage_taken":0,"max_hp_gain":0,"max_hp_loss":0,"event_name":"Mysterious Sphere","floor":38,"gold_loss":0},{"cards_removed":["Dagger Throw"],"damage_healed":0,"gold_gain":0,"player_choice":"Removed Attack","damage_taken":0,"max_hp_gain":0,"max_hp_loss":0,"event_name":"Falling","floor":39,"gold_loss":0}],"is_beta":false,"boss_relics":[{"not_picked":["Orrery","Eternal Feather"],"picked":"Coffee Dripper"},{"not_picked":["HoveringKite","Astrolabe"],"picked":"Philosopher\u0027s Stone"}],"items_purged_floors":[7],"is_endless":false,"potions_floor_spawned":[4,11,16,19,20,25,33,45,46,48],"killed_by":"Donu and Deca","ascension_level":1}