{"gold_per_floor":[109,11,11,11,26,26,46,46,46,46,61,78,78,110,110,212,212,227,246,94,94,107,107,140,140,140,166,166,166,66,165,165,262,262,273,373,373,176,189,189,207,234,234,249,1,1,1,14,14,14],"floor_reached":50,"playtime":2460,"items_purged":["Strike_G","Strike_G+1","Decay","Strike_G+1"],"score":585,"play_id":"a5455c9c-b5bc-475e-8cb0-d740b0308f7a","local_time":"20190701080302","is_ascension_mode":true,"campfire_choices":[{"data":"Neutralize","floor":6.0,"key":"SMITH"},{"data":"Doppelganger","floor":8.0,"key":"SMITH"},{"data":"Dodge and Roll","floor":10.0,"key":"SMITH"},{"data":"Deadly Poison","floor":13.0,"key":"SMITH"},{"data":"Bullet Time","floor":15.0,"key":"SMITH"},{"data":"Noxious Fumes","floor":23.0,"key":"SMITH"},{"data":"Footwork","floor":25.0,"key":"SMITH"},{"floor":32.0,"key":"REST"},{"floor":40.0,"key":"RECALL"},{"floor":47,"key":"REST"},{"floor":49,"key":"REST"}],"neow_cost":"NONE","seed_source_timestamp":0,"circlet_count":0,"master_deck":["Defend_G+1","Defend_G+1","Defend_G+1","Defend_G+1","Defend_G+1","Strike_G+1","Strike_G+1","Survivor+1","Neutralize+1","Doppelganger+1","Dodge and Roll+1","Dagger Throw","Flying Knee","Endless Agony","Bullet Time+1","Deadly Poison+1","Crippling Poison","Envenom","Acrobatics","Dagger Spray","Dagger Spray","Noxious Fumes+1","PiercingWail+1","Corpse Explosion","Phantasmal Killer","Footwork+1","Backflip+1","Night Terror","Caltrops+1","PiercingWail+1","Noxious Fumes","Burst","Backflip","Deflect+1","Endless Agony"],"special_seed":0,"relics":["Ring of the Snake","CultistMask","Gambling Chip","Ice Cream","Orrery","Centennial Puzzle","War Paint","Bottled Lightning","Fusion Hammer","Girya","Ornamental Fan"],"potions_floor_usage":[44,50],"damage_taken":[{"damage":5.0,"enemies":"2 Louse","floor":1.0,"turns":3.0},{"damage":2.0,"enemies":"Cultist","floor":5.0,"turns":4.0},{"damage":1.0,"enemies":"Small Slimes","floor":7.0,"turns":4.0},{"damage":0.0,"enemies":"2 Fungi Beasts","floor":11.0,"turns":4.0},{"damage":4.0,"enemies":"Exordium Wildlife","floor":12.0,"turns":6.0},{"damage":6.0,"enemies":"3 Sentries","floor":14.0,"turns":10.0},{"damage":36.0,"enemies":"Slime Boss","floor":16.0,"turns":17.0},{"damage":2.0,"enemies":"Shell Parasite","floor":18.0,"turns":5.0},{"damage":0.0,"enemies":"3 Byrds","floor":19.0,"turns":5.0},{"damage":6.0,"enemies":"Cultist and Chosen","floor":22.0,"turns":7.0},{"damage":35.0,"enemies":"Slavers","floor":24.0,"turns":4.0},{"damage":0.0,"enemies":"Book of Stabbing","floor":27.0,"turns":6.0},{"damage":0.0,"enemies":"3 Cultists","floor":28.0,"turns":1.0},{"damage":32.0,"enemies":"Collector","floor":33.0,"turns":10.0},{"damage":20.0,"enemies":"3 Darklings","floor":35.0,"turns":3.0},{"damage":0.0,"enemies":"Mind Bloom Boss Battle","floor":36.0,"turns":7.0},{"damage":9.0,"enemies":"Orb Walker","floor":39.0,"turns":4.0},{"damage":15,"enemies":"Spire Growth","floor":41,"turns":7},{"damage":32,"enemies":"Giant Head","floor":42,"turns":9},{"damage":6,"enemies":"Jaw Worm Horde","floor":44,"turns":3},{"damage":4,"enemies":"Sphere and 2 Shapes","floor":48,"turns":4},{"damage":60,"enemies":"Time Eater","floor":50,"turns":11}],"seed_played":"8149558051686669291","potions_obtained":[{"floor":5.0,"key":"EssenceOfSteel"},{"floor":16.0,"key":"GhostInAJar"},{"floor":22.0,"key":"SkillPotion"},{"floor":24.0,"key":"SmokeBomb"},{"floor":39.0,"key":"FairyPotion"},{"floor":42,"key":"SpeedPotion"},{"floor":48,"key":"Energy Potion"}],"is_trial":false,"path_per_floor":["?","$","?","?","?","?","?","M","$","?"],"character_chosen":"THE_SILENT","items_purchased":["Dagger Throw","Corpse Explosion","Noxious Fumes","Fruit Juice"],"campfire_rested":3,"item_purchase_floors":[2,20,38,45],"current_hp_per_floor":[65,65,65,65,63,63,62,62,62,62,62,58,58,52,52,16,70,68,68,68,68,62,62,27,27,27,27,27,14,14,14,36,4,75,55,55,55,55,46,46,31,7,7,1,1,1,23,19,41,0],"gold":14,"neow_bonus":"ONE_RANDOM_RARE_CARD","is_prod":false,"is_daily":false,"chose_seed":false,"campfire_upgraded":7,"win_rate":0,"timestamp":1561960982,"path_taken":["M","$","?","?","M","R","M","R","T","R","M","M","R","E","R","BOSS","M","M","$","?","M","R","E","R","T","E","M","?","$","?","R","BOSS","M","?","?","$","M","R","?","E","T","M","?","?","R","M","R","BOSS"],"build_version":"2019-01-23","purchased_purges":4,"victory":false,"max_hp_per_floor":[70,70,70,70,70,70,70,70,70,70,70,70,70,70,70,70,70,70,70,70,70,70,70,70,70,70,70,70,75,75,75,75,75,75,75,75,75,75,75,75,75,75,75,75,75,75,75,75,75,80],"card_choices":[{"not_picked":["Underhanded Strike","Slice"],"picked":"Dodge and Roll","floor":1.0},{"not_picked":["Prepared","Finisher"],"picked":"Flying Knee","floor":5.0},{"not_picked":["Outmaneuver","Choke"],"picked":"Endless Agony","floor":7.0},{"not_picked":["Backflip","Predator"],"picked":"Bullet Time","floor":11.0},{"not_picked":["Quick Slash","Blade Dance"],"picked":"Deadly Poison","floor":12.0},{"not_picked":["Infinite Blades","Blade Dance"],"picked":"Crippling Poison","floor":14.0},{"not_picked":["After Image","Tools of the Trade"],"picked":"Envenom","floor":16.0},{"not_picked":["Finisher","Flying Knee"],"picked":"Acrobatics","floor":17.0},{"not_picked":["Finisher","Quick Slash"],"picked":"Dagger Spray","floor":17.0},{"not_picked":["Masterful Stab","Heel Hook"],"picked":"Dagger Spray","floor":17.0},{"not_picked":["Concentrate","Bane"],"picked":"Noxious Fumes","floor":17.0},{"not_picked":["Blade Dance","Outmaneuver"],"picked":"PiercingWail","floor":18.0},{"not_picked":["Terror","Heel Hook","Dodge and Roll"],"picked":"SKIP","floor":19.0},{"not_picked":["Dodge and Roll","Concentrate"],"picked":"Phantasmal Killer","floor":22.0},{"not_picked":["Dagger Throw","Finisher"],"picked":"Footwork","floor":24.0},{"not_picked":["Infinite Blades+1","Unload"],"picked":"Backflip+1","floor":27.0},{"not_picked":["Tools of the Trade","Envenom"],"picked":"Night Terror","floor":33.0},{"not_picked":["Riddle With Holes+1","Prepared"],"picked":"Caltrops+1","floor":35.0},{"not_picked":["Dagger Throw+1","Sucker Punch+1"],"picked":"PiercingWail+1","floor":36.0},{"not_picked":["Quick Slash","Terror+1"],"picked":"Flying Knee+1","floor":39.0},{"not_picked":["Flying Knee+1","PiercingWail"],"picked":"Burst","floor":41},{"not_picked":["Slice+1","Flechettes+1"],"picked":"Backflip","floor":42},{"not_picked":["Blade Dance","Tactician"],"picked":"Deflect+1","floor":44},{"not_picked":["Deflect","Outmaneuver"],"picked":"Endless Agony","floor":48}],"player_experience":929109,"relics_obtained":[{"floor":9.0,"key":"Gambling Chip"},{"floor":14.0,"key":"Ice Cream"},{"floor":24.0,"key":"Centennial Puzzle"},{"floor":26.0,"key":"War Paint"},{"floor":27.0,"key":"Bottled Lightning"},{"floor":36.0,"key":"Girya"},{"floor":42,"key":"Ornamental Fan"}],"event_choices":[{"damage_healed":0.0,"max_hp_gain":0.0,"max_hp_loss":0.0,"gold_gain":0.0,"event_name":"FaceTrader","player_choice":"Trade","floor":3.0,"gold_loss":0.0,"damage_taken":0.0,"relics_obtained":["CultistMask"]},{"damage_healed":0.0,"max_hp_gain":0.0,"max_hp_loss":0.0,"gold_gain":0.0,"event_name":"Back to Basics","player_choice":"Simplicity","floor":21.0,"gold_loss":0.0,"damage_taken":0.0,"cards_upgraded":["Defend_G","Defend_G","Defend_G","Defend_G","Defend_G","Strike_G","Strike_G","Strike_G","Strike_G"]},{"damage_healed":0.0,"max_hp_gain":5.0,"max_hp_loss":0.0,"gold_gain":0.0,"event_name":"Forgotten Altar","player_choice":"Shed Blood","floor":29.0,"gold_loss":0.0,"damage_taken":18.0},{"damage_healed":0.0,"max_hp_gain":0.0,"max_hp_loss":0.0,"gold_gain":99.0,"event_name":"Nest","player_choice":"Stole From Cult","floor":31.0,"gold_loss":0.0,"damage_taken":0.0},{"damage_healed":0.0,"max_hp_gain":0.0,"max_hp_loss":0.0,"gold_gain":0.0,"event_name":"MindBloom","player_choice":"Fight","floor":36.0,"gold_loss":0.0,"damage_taken":0.0},{"damage_healed":0.0,"max_hp_gain":0.0,"max_hp_loss":0.0,"gold_gain":0.0,"event_name":"Wheel of Change","player_choice":"Cursed","floor":37.0,"gold_loss":0.0,"damage_taken":0.0,"cards_obtained":["Decay"]},{"cards_removed":["Flying Knee"],"damage_healed":0,"gold_gain":0,"player_choice":"Removed Attack","damage_taken":0,"max_hp_gain":0,"max_hp_loss":0,"event_name":"Falling","floor":46,"gold_loss":0}],"is_beta":false,"boss_relics":[{"not_picked":["Velvet Choker","White Beast Statue"],"picked":"Orrery"},{"not_picked":["Astrolabe","WristBlade"],"picked":"Fusion Hammer"}],"items_purged_floors":[2,30,38,45],"is_endless":false,"potions_floor_spawned":[5,16,22,24,28,39,42,48],"killed_by":"Time Eater","ascension_level":1}