{"gold_per_floor":[110,126,51,61,61,86,86,86,86,113,126,136,136,162,162,265,265,277,251,263,274,39,67,67,67,67,67,147,165,184,216,216,315,315,332,432,432,444,27,59,0,11,35,47,47,47,47,59,59,59],"floor_reached":51,"playtime":4420,"items_purged":["Strike_G","Underhanded Strike"],"score":710,"play_id":"8224cad9-0c2c-4779-8933-9f505b599a6f","local_time":"20190719092530","is_ascension_mode":false,"campfire_choices":[{"floor":8,"key":"REST"},{"data":"Footwork","floor":13,"key":"SMITH"},{"floor":15,"key":"REST"},{"data":"Adrenaline","floor":25,"key":"SMITH"},{"data":"Secret Technique","floor":27,"key":"SMITH"},{"floor":32,"key":"REST"},{"floor":47,"key":"REST"},{"floor":49,"key":"REST"}],"neow_cost":"TEN_PERCENT_HP_LOSS","seed_source_timestamp":205706666661944,"circlet_count":0,"master_deck":["Survivor","Dark Shackles","Secret Technique+1","Backstab","Footwork+1","Infinite Blades","Infinite Blades+1","Escape Plan","Venomology","Cloak And Dagger","Adrenaline+1","Noxious Fumes+1","Dodge and Roll","PiercingWail","Well Laid Plans+1","Envenom+1","Leg Sweep","Bane","Venomology","Deflect","Leg Sweep","Predator","Noxious Fumes+1","Panache+1","Noxious Fumes+1","Blade Dance","Blade Dance+1","Escape Plan"],"relics":["Ring of the Snake","Frozen Egg 2","Ninja Scroll","Letter Opener","Tough Bandages","Lantern","Empty Cage","Lee\u0027s Waffle","Centennial Puzzle","Nilry\u0027s Codex","Pantograph","Kunai","Ornamental Fan","Pandora\u0027s Box","StoneCalendar","Dream Catcher","Red Mask","Ancient Tea Set"],"potions_floor_usage":[10,14,16,16,16,21,23,30,31,31,33,33,35,38,40,40,40,42,44,48,48,48,50,50,50],"damage_taken":[{"damage":3,"enemies":"2 Louse","floor":1,"turns":5},{"damage":1,"enemies":"Cultist","floor":2,"turns":3},{"damage":0,"enemies":"Small Slimes","floor":4,"turns":4},{"damage":23,"enemies":"3 Sentries","floor":6,"turns":11},{"damage":21,"enemies":"Lagavulin","floor":10,"turns":10},{"damage":0,"enemies":"Exordium Wildlife","floor":11,"turns":3},{"damage":1,"enemies":"Exordium Thugs","floor":12,"turns":4},{"damage":10,"enemies":"3 Sentries","floor":14,"turns":6},{"damage":4,"enemies":"Hexaghost","floor":16,"turns":9},{"damage":10,"enemies":"Shell Parasite","floor":18,"turns":6},{"damage":4,"enemies":"Spheric Guardian","floor":20,"turns":5},{"damage":1,"enemies":"Cultist and Chosen","floor":21,"turns":6},{"damage":3,"enemies":"Gremlin Leader","floor":23,"turns":8},{"damage":4,"enemies":"Sentry and Sphere","floor":29,"turns":6},{"damage":7,"enemies":"Centurion and Healer","floor":30,"turns":6},{"damage":20,"enemies":"Slavers","floor":31,"turns":5},{"damage":10,"enemies":"Collector","floor":33,"turns":12},{"damage":9,"enemies":"3 Darklings","floor":35,"turns":5},{"damage":1,"enemies":"Mind Bloom Boss Battle","floor":36,"turns":6},{"damage":32,"enemies":"Orb Walker","floor":38,"turns":5},{"damage":0,"enemies":"Reptomancer","floor":40,"turns":6},{"damage":15,"enemies":"Transient","floor":42,"turns":5},{"damage":9,"enemies":"Sphere and 2 Shapes","floor":44,"turns":4},{"damage":5,"enemies":"Writhing Mass","floor":48,"turns":5},{"damage":62,"enemies":"Awakened One","floor":50,"turns":9}],"seed_played":"-8439398240459308130","potions_obtained":[{"floor":1,"key":"Swift Potion"},{"floor":2,"key":"Regen Potion"},{"floor":12,"key":"Block Potion"},{"floor":14,"key":"LiquidBronze"},{"floor":21,"key":"PowerPotion"},{"floor":31,"key":"PowerPotion"},{"floor":33,"key":"Energy Potion"},{"floor":38,"key":"Energy Potion"},{"floor":40,"key":"GamblersBrew"},{"floor":42,"key":"PowerPotion"},{"floor":44,"key":"PowerPotion"},{"floor":48,"key":"PowerPotion"}],"is_trial":false,"path_per_floor":["M","M","$","M","?","E","?","R","T","E","M","M","R","E","R","B",null,"M","$","M","M","$","E","?","R","T","R","T","M","M","E","R","B",null,"M","?","?","M","$","E","?","M","T","M","?","$","R","M","R","B",null],"character_chosen":"THE_SILENT","items_purchased":["Dodge and Roll","Lee\u0027s Waffle","Well Laid Plans+1","Panache+1","Noxious Fumes+1","GamblersBrew"],"campfire_rested":5,"item_purchase_floors":[19,22,22,39,39,39],"current_hp_per_floor":[60,59,59,59,59,36,36,54,54,33,33,32,32,22,40,36,63,53,53,49,48,70,67,51,51,51,51,51,47,40,32,53,60,70,61,69,66,34,34,34,34,19,19,10,10,10,29,24,43,4],"gold":59,"neow_bonus":"RANDOM_COLORLESS_2","is_prod":false,"is_daily":false,"chose_seed":false,"campfire_upgraded":3,"win_rate":0,"timestamp":1563553530,"path_taken":["M","M","$","M","?","E","?","R","T","E","?","?","R","E","R","BOSS","M","$","M","M","$","E","?","R","T","R","?","M","M","E","R","BOSS","M","?","?","M","$","E","?","M","T","M","?","$","R","M","R","BOSS"],"build_version":"2019-07-18","purchased_purges":2,"victory":true,"max_hp_per_floor":[63,63,63,63,63,63,63,63,63,63,63,63,63,63,63,63,63,63,63,63,63,70,70,70,70,70,70,70,70,70,70,70,70,70,70,70,66,66,66,66,66,66,66,66,66,66,66,66,66,66],"card_choices":[{"not_picked":["Endless Agony","Acrobatics"],"picked":"Backstab","floor":1},{"not_picked":["Skewer","Acrobatics"],"picked":"Footwork","floor":2},{"not_picked":["Tactician","Concentrate"],"picked":"Infinite Blades","floor":4},{"not_picked":["Prepared","Masterful Stab","Bane"],"picked":"SKIP","floor":6},{"not_picked":["Acrobatics","PiercingWail"],"picked":"Infinite Blades+1","floor":10},{"not_picked":["Dagger Throw","Acrobatics"],"picked":"Escape Plan","floor":11},{"not_picked":["Distraction","Quick Slash"],"picked":"Venomology","floor":12},{"not_picked":["Flying Knee","Unload"],"picked":"Cloak And Dagger","floor":14},{"not_picked":["Die Die Die","Grand Finale"],"picked":"Adrenaline","floor":16},{"not_picked":["Prepared+1","Bane"],"picked":"Noxious Fumes+1","floor":18},{"not_picked":["Dagger Throw","Outmaneuver"],"picked":"PiercingWail","floor":20},{"not_picked":["Reflex","Endless Agony","Dagger Throw"],"picked":"SKIP","floor":21},{"not_picked":["Predator","Slice","Bane"],"picked":"SKIP","floor":23},{"not_picked":["Bouncing Flask+1","PiercingWail","Poisoned Stab+1"],"picked":"SKIP","floor":29},{"not_picked":["Blade Dance","Slice","Dodge and Roll"],"picked":"SKIP","floor":30},{"not_picked":["Quick Slash+1","Prepared+1","Bane"],"picked":"SKIP","floor":31},{"not_picked":["Venomology","After Image+1"],"picked":"Envenom+1","floor":33},{"not_picked":["Deadly Poison","Quick Slash+1","Caltrops+1"],"picked":"SKIP","floor":35},{"not_picked":["Cloak And Dagger","Prepared+1"],"picked":"Noxious Fumes+1","floor":36},{"not_picked":["Distraction","Flying Knee+1","Underhanded Strike"],"picked":"SKIP","floor":38},{"not_picked":["Reflex+1","Tools of the Trade+1","Dagger Throw+1"],"picked":"SKIP","floor":40},{"not_picked":["Finisher","Poisoned Stab"],"picked":"Blade Dance","floor":42},{"not_picked":["Acrobatics+1","Endless Agony","Slice+1"],"picked":"SKIP","floor":44},{"not_picked":["Prepared","All Out Attack+1"],"picked":"Blade Dance+1","floor":47},{"not_picked":["Acrobatics","Heel Hook","Riddle With Holes"],"picked":"SKIP","floor":48},{"not_picked":["Crippling Poison+1","Underhanded Strike"],"picked":"Escape Plan","floor":49}],"player_experience":1145072,"relics_obtained":[{"floor":6,"key":"Ninja Scroll"},{"floor":9,"key":"Letter Opener"},{"floor":10,"key":"Tough Bandages"},{"floor":14,"key":"Lantern"},{"floor":23,"key":"Centennial Puzzle"},{"floor":24,"key":"Nilry\u0027s Codex"},{"floor":26,"key":"Pantograph"},{"floor":28,"key":"Kunai"},{"floor":31,"key":"Ornamental Fan"},{"floor":36,"key":"StoneCalendar"},{"floor":40,"key":"Dream Catcher"},{"floor":43,"key":"Ancient Tea Set"}],"event_choices":[{"damage_healed":0,"gold_gain":0,"player_choice":"Box","damage_taken":0,"relics_obtained":["Frozen Egg 2"],"max_hp_gain":0,"max_hp_loss":0,"event_name":"Big Fish","floor":5,"gold_loss":0,"cards_obtained":["Regret"]},{"cards_removed":["Regret"],"damage_healed":0,"gold_gain":0,"player_choice":"Removed Curses","damage_taken":0,"max_hp_gain":0,"max_hp_loss":0,"event_name":"Fountain of Cleansing","floor":7,"gold_loss":0},{"damage_healed":0,"gold_gain":0,"player_choice":"Obtained Book","damage_taken":16,"max_hp_gain":0,"max_hp_loss":0,"event_name":"Cursed Tome","floor":24,"gold_loss":0},{"damage_healed":0,"gold_gain":0,"player_choice":"Fight","damage_taken":0,"max_hp_gain":0,"max_hp_loss":0,"event_name":"MindBloom","floor":36,"gold_loss":0},{"damage_healed":0,"gold_gain":0,"player_choice":"Max HP","damage_taken":0,"max_hp_gain":0,"max_hp_loss":4,"event_name":"Winding Halls","floor":37,"gold_loss":0},{"damage_healed":0,"gold_gain":0,"player_choice":"Paid","damage_taken":0,"relics_obtained":["Red Mask"],"max_hp_gain":0,"max_hp_loss":0,"event_name":"Tomb of Lord Red Mask","floor":41,"gold_loss":59},{"cards_removed":["Neutralize"],"damage_healed":0,"gold_gain":0,"player_choice":"Removed Attack","damage_taken":0,"max_hp_gain":0,"max_hp_loss":0,"event_name":"Falling","floor":45,"gold_loss":0}],"is_beta":true,"boss_relics":[{"not_picked":["Busted Crown","Runic Pyramid"],"picked":"Empty Cage"},{"not_picked":["Ring of the Serpent","Cursed Key"],"picked":"Pandora\u0027s Box"}],"items_purged_floors":[3,39],"is_endless":false,"potions_floor_spawned":[1,2,12,14,21,29,31,33,38,40,42,44,48],"ascension_level":0}