{"gold_per_floor":[115,65,65,65,85,95,95,126,197,207,223,235,258,290,290,385,385,401,421,421,42,62,62,94,94,142,322,322,332,367,381,381,485,485,500,500,600,259,270,270,50,82,82,82,82,96,96,51,51,51],"floor_reached":51,"playtime":6172,"items_purged":["Defend_G","Reflex"],"score":834,"play_id":"58cb9e31-7fa4-4680-91bb-ed308750d8eb","local_time":"20190327114338","is_ascension_mode":true,"campfire_choices":[{"data":"Noxious Fumes","floor":7,"key":"SMITH"},{"floor":15,"key":"REST"},{"data":"Catalyst","floor":23,"key":"SMITH"},{"data":"Leg Sweep","floor":25,"key":"SMITH"},{"floor":28,"key":"REST"},{"data":"Noxious Fumes","floor":32,"key":"SMITH"},{"data":"1","floor":40,"key":"LIFT"},{"data":"2","floor":44,"key":"LIFT"},{"floor":49,"key":"REST"}],"neow_cost":"NONE","seed_source_timestamp":4969242431986,"circlet_count":0,"master_deck":["Survivor","Neutralize+1","Backflip","Noxious Fumes+1","Backflip","Bane","Corpse Explosion","Leg Sweep+1","Poisoned Stab","Dodge and Roll","Venomology","Doppelganger+1","Glass Knife+1","Heel Hook+1","Deflect+1","PiercingWail","Catalyst+1","Noxious Fumes+1","Good Instincts","Adrenaline","Infinite Blades","Backflip","Bane","Deadly Poison+1","Backflip","Footwork","Doppelganger","Trip","Deflect+1","PiercingWail"],"relics":["Ring of the Snake","Anchor","Strawberry","Bottled Tornado","Odd Mushroom","Sundial","Astrolabe","Mercury Hourglass","Art of War","Lantern","Mango","Pandora\u0027s Box","Girya","Kunai","Snake Skull","Ninja Scroll","Molten Egg 2"],"potions_floor_usage":[14,18,18,22,24,30,30,31,33,33,37,37,39,42,42,42,50,50],"damage_taken":[{"damage":1,"enemies":"2 Louse","floor":1,"turns":3},{"damage":1,"enemies":"Cultist","floor":5,"turns":5},{"damage":0,"enemies":"Small Slimes","floor":6,"turns":3},{"damage":12,"enemies":"3 Sentries","floor":8,"turns":9},{"damage":2,"enemies":"Exordium Thugs","floor":10,"turns":4},{"damage":0,"enemies":"Blue Slaver","floor":11,"turns":4},{"damage":0,"enemies":"Red Slaver","floor":12,"turns":4},{"damage":0,"enemies":"The Mushroom Lair","floor":13,"turns":3},{"damage":6,"enemies":"Lagavulin","floor":14,"turns":6},{"damage":27,"enemies":"Slime Boss","floor":16,"turns":11},{"damage":0,"enemies":"3 Byrds","floor":18,"turns":2},{"damage":0,"enemies":"Shell Parasite","floor":19,"turns":6},{"damage":0,"enemies":"Snake Plant","floor":22,"turns":5},{"damage":0,"enemies":"Gremlin Leader","floor":24,"turns":5},{"damage":0,"enemies":"Snecko","floor":29,"turns":5},{"damage":6,"enemies":"Slavers","floor":30,"turns":4},{"damage":1,"enemies":"Centurion and Healer","floor":31,"turns":4},{"damage":36,"enemies":"Champ","floor":33,"turns":10},{"damage":0,"enemies":"3 Shapes","floor":35,"turns":5},{"damage":0,"enemies":"Mind Bloom Boss Battle","floor":37,"turns":4},{"damage":0,"enemies":"Orb Walker","floor":39,"turns":4},{"damage":32,"enemies":"Nemesis","floor":42,"turns":7},{"damage":0,"enemies":"Maw","floor":46,"turns":7},{"damage":25,"enemies":"Time Eater","floor":50,"turns":10}],"seed_played":"-735900888739631629","potions_obtained":[{"floor":1,"key":"SteroidPotion"},{"floor":8,"key":"Energy Potion"},{"floor":12,"key":"Block Potion"},{"floor":14,"key":"PowerPotion"},{"floor":16,"key":"PowerPotion"},{"floor":31,"key":"Ancient Potion"},{"floor":37,"key":"LiquidBronze"}],"is_trial":false,"path_per_floor":["?","?","?","M","?","?","$","?","M","?","?","$","?","?"],"character_chosen":"THE_SILENT","items_purchased":["PiercingWail","Mercury Hourglass","Kunai","Snake Skull","Footwork","PiercingWail"],"campfire_rested":3,"item_purchase_floors":[21,21,38,41,41,48],"current_hp_per_floor":[69,69,62,62,61,61,61,56,56,54,54,54,54,48,71,44,77,77,77,77,77,77,77,77,77,77,49,72,72,80,79,79,43,91,91,91,91,91,91,91,91,59,59,59,54,54,54,54,81,56],"gold":51,"neow_bonus":"RANDOM_COMMON_RELIC","is_prod":false,"is_daily":false,"chose_seed":false,"campfire_upgraded":4,"win_rate":0,"timestamp":1553683418,"path_taken":["M","?","?","?","M","M","R","E","T","?","M","M","?","E","R","BOSS","M","M","?","?","M","R","E","R","T","?","R","?","E","M","R","BOSS","M","?","?","?","M","R","$","E","T","R","?","M","?","$","R","BOSS"],"build_version":"2019-01-23","purchased_purges":2,"victory":true,"max_hp_per_floor":[70,70,70,70,70,70,70,77,77,77,77,77,77,77,77,77,77,77,77,77,77,77,77,77,77,77,77,77,77,91,91,91,91,91,91,91,91,91,91,91,91,91,91,91,91,91,91,91,91,91],"card_choices":[{"not_picked":["Eviscerate","Dagger Throw"],"picked":"Backflip","floor":1},{"not_picked":["Dagger Throw","PiercingWail"],"picked":"Noxious Fumes","floor":5},{"not_picked":["Masterful Stab","Prepared"],"picked":"Backflip","floor":6},{"not_picked":["Accuracy","Reflex"],"picked":"Bane","floor":8},{"not_picked":["Blade Dance","Leg Sweep"],"picked":"Corpse Explosion","floor":10},{"not_picked":["Sucker Punch","Quick Slash","Blade Dance"],"picked":"SKIP","floor":11},{"not_picked":["PiercingWail","Riddle With Holes"],"picked":"Leg Sweep","floor":12},{"not_picked":["All Out Attack","Quick Slash"],"picked":"Poisoned Stab","floor":13},{"not_picked":["Heel Hook","Underhanded Strike"],"picked":"Dodge and Roll","floor":14},{"not_picked":["Corpse Explosion","Storm of Steel"],"picked":"Venomology","floor":16},{"not_picked":["Flechettes","Escape Plan"],"picked":"Deflect+1","floor":18},{"not_picked":["Masterful Stab+1","Poisoned Stab","Deflect"],"picked":"SKIP","floor":19},{"not_picked":["Quick Slash+1","Calculated Gamble"],"picked":"Catalyst","floor":22},{"not_picked":["Outmaneuver","Dodge and Roll"],"picked":"Noxious Fumes","floor":24},{"not_picked":["Blade Dance","Distraction","Setup+1"],"picked":"SKIP","floor":29},{"not_picked":["Bane","Eviscerate+1"],"picked":"Skewer","floor":30},{"not_picked":["Eviscerate","Bane","Reflex"],"picked":"SKIP","floor":31},{"not_picked":["Die Die Die","Bullet Time"],"picked":"Adrenaline","floor":33},{"not_picked":["Sucker Punch","Slice+1"],"picked":"Deadly Poison+1","floor":35},{"not_picked":["Slice","Underhanded Strike"],"picked":"Backflip","floor":37},{"not_picked":["Heel Hook+1","Flying Knee","Poisoned Stab"],"picked":"SKIP","floor":39},{"not_picked":["Flying Knee","Setup+1"],"picked":"Doppelganger","floor":42},{"not_picked":["Enlightenment","Flash of Steel+1"],"picked":"Trip","floor":45},{"not_picked":["Setup+1","Dodge and Roll"],"picked":"Deflect+1","floor":46}],"player_experience":284329,"relics_obtained":[{"floor":8,"key":"Strawberry"},{"floor":9,"key":"Bottled Tornado"},{"floor":13,"key":"Odd Mushroom"},{"floor":14,"key":"Sundial"},{"floor":24,"key":"Art of War"},{"floor":26,"key":"Lantern"},{"floor":30,"key":"Mango"},{"floor":37,"key":"Girya"},{"floor":42,"key":"Ninja Scroll"},{"floor":43,"key":"Molten Egg 2"}],"event_choices":[{"cards_removed":["Strike_G"],"damage_healed":0,"gold_gain":0,"player_choice":"Card Removal","damage_taken":0,"max_hp_gain":0,"max_hp_loss":0,"event_name":"The Cleric","floor":2,"gold_loss":50},{"cards_removed":["Strike_G"],"damage_healed":0,"gold_gain":0,"player_choice":"Card Removal","damage_taken":7,"max_hp_gain":0,"max_hp_loss":0,"event_name":"Golden Wing","floor":3,"gold_loss":0},{"damage_healed":0,"gold_gain":0,"player_choice":"Upgraded","damage_taken":0,"max_hp_gain":0,"max_hp_loss":0,"event_name":"Upgrade Shrine","floor":4,"gold_loss":0,"cards_upgraded":["Neutralize"]},{"damage_healed":0,"gold_gain":0,"player_choice":"Fought Mushrooms","damage_taken":0,"max_hp_gain":0,"max_hp_loss":0,"event_name":"Mushrooms","floor":13,"gold_loss":0},{"damage_healed":0,"gold_gain":0,"player_choice":"Bought 0 Potions","damage_taken":0,"max_hp_gain":0,"max_hp_loss":0,"event_name":"The Woman in Blue","floor":20,"gold_loss":0},{"damage_healed":0,"gold_gain":180,"player_choice":"CARD GOLD GOLD ","damage_taken":28,"max_hp_gain":0,"max_hp_loss":0,"event_name":"Knowing Skull","floor":27,"potions_obtained":[],"gold_loss":0,"cards_obtained":["Good Instincts"]},{"damage_healed":0,"gold_gain":0,"player_choice":"Ignored","damage_taken":0,"max_hp_gain":0,"max_hp_loss":0,"event_name":"Tomb of Lord Red Mask","floor":36,"gold_loss":0},{"damage_healed":0,"gold_gain":0,"player_choice":"Fight","damage_taken":0,"max_hp_gain":0,"max_hp_loss":0,"event_name":"MindBloom","floor":37,"gold_loss":0},{"damage_healed":0,"gold_gain":0,"player_choice":"Memory 2","damage_taken":5,"max_hp_gain":0,"max_hp_loss":0,"event_name":"SensoryStone","floor":45,"gold_loss":0},{"cards_removed":["Skewer"],"damage_healed":0,"gold_gain":0,"player_choice":"Removed Attack","damage_taken":0,"max_hp_gain":0,"max_hp_loss":0,"event_name":"Falling","floor":47,"gold_loss":0}],"is_beta":false,"boss_relics":[{"not_picked":["Ectoplasm","Coffee Dripper"],"picked":"Astrolabe"},{"not_picked":["Tiny House","Snecko Eye"],"picked":"Pandora\u0027s Box"}],"items_purged_floors":[21,38],"is_endless":false,"potions_floor_spawned":[1,8,12,13,14,16,19,31,37],"ascension_level":1}