{"gold_per_floor":[117,192,49,61,88,100,126,154,189,217,240,252,279,320,332,446,488,516,554,585,597],"floor_reached":21,"playtime":1523,"items_purged":[],"score":220,"play_id":"6bcc7197-e976-4d45-a3f7-b42d7f9cf503","local_time":"20180805114018","is_ascension_mode":true,"campfire_choices":[{"floor":6.0,"key":"REST"},{"floor":15,"key":"REST"}],"neow_cost":"TEN_PERCENT_HP_LOSS","seed_source_timestamp":0,"circlet_count":0,"master_deck":["Strike_B+1","Strike_B+1","Strike_B+1","Strike_B","Defend_B","Defend_B","Defend_B","Defend_B","Zap","Dualcast","Leap","Glacier","Beam Cell+1","Go for the Eyes","Self Repair","Turbo","Coolheaded","Scrape","Buffer","Normality","Clumsy","Pain","Double Energy","Beam Cell+1"],"special_seed":0,"relics":["Cracked Core","Calipers","MawBank","Bronze Scales","Whetstone","Calling Bell","Tiny Chest","Letter Opener","Ginger","Lantern"],"potions_floor_usage":[13,14,14,16,16,20],"damage_taken":[{"damage":2.0,"enemies":"Small Slimes","floor":1.0,"turns":5.0},{"damage":2.0,"enemies":"Jaw Worm","floor":5.0,"turns":3.0},{"damage":0.0,"enemies":"2 Louse","floor":7.0,"turns":2.0},{"damage":2.0,"enemies":"Red Slaver","floor":8.0,"turns":3.0},{"damage":14.0,"enemies":"Lots of Slimes","floor":10.0,"turns":4.0},{"damage":14.0,"enemies":"3 Louse","floor":11.0,"turns":2.0},{"damage":0,"enemies":"Exordium Wildlife","floor":13,"turns":3},{"damage":14,"enemies":"3 Sentries","floor":14,"turns":8},{"damage":32,"enemies":"Hexaghost","floor":16,"turns":11},{"damage":47,"enemies":"Shell Parasite","floor":18,"turns":8},{"damage":27,"enemies":"Chosen","floor":20,"turns":5},{"damage":15,"enemies":"Slaver and Parasite","floor":21,"turns":1}],"seed_played":"1549119095512088298","potions_obtained":[{"floor":7.0,"key":"SpeedPotion"},{"floor":8.0,"key":"SkillPotion"},{"floor":10.0,"key":"SkillPotion"},{"floor":13,"key":"SkillPotion"},{"floor":14,"key":"SkillPotion"},{"floor":18,"key":"Swift Potion"},{"floor":20,"key":"EntropicBrew"}],"is_trial":false,"path_per_floor":["M","?","$","?","M","R","M","M","T","M","M","?","M","E","R","B",null,"M","T","M"],"character_chosen":"DEFECT","items_purchased":["MawBank"],"campfire_rested":2,"item_purchase_floors":[3],"current_hp_per_floor":[66,55,55,41,39,59,59,57,57,43,29,51,51,44,64,32,68,28,28,8,0],"gold":597,"neow_bonus":"ONE_RARE_RELIC","is_prod":false,"is_daily":false,"chose_seed":false,"campfire_upgraded":0,"win_rate":0,"timestamp":1533440418,"path_taken":["M","?","$","?","?","R","M","M","T","M","M","?","M","E","R","BOSS","M","?","?","M"],"build_version":"2018-08-02","purchased_purges":0,"victory":false,"max_hp_per_floor":[68,68,68,68,68,68,68,68,68,68,68,68,68,68,68,68,68,68,68,68,68],"card_choices":[{"not_picked":["Barrage","Skim"],"picked":"Leap","floor":1.0},{"not_picked":["Melter","Coolheaded"],"picked":"Glacier","floor":5.0},{"not_picked":["Heatsinks","Aggregate"],"picked":"Beam Cell","floor":7.0},{"not_picked":["Hologram","Steam"],"picked":"Go for the Eyes","floor":8.0},{"not_picked":["Conserve Battery","Sweeping Beam"],"picked":"Self Repair","floor":10.0},{"not_picked":["Cold Snap","Redo"],"picked":"Turbo","floor":11.0},{"not_picked":["Rip and Tear","Reinforced Body"],"picked":"Coolheaded","floor":13},{"not_picked":["Chill","Streamline"],"picked":"Scrape","floor":14},{"not_picked":["Fission","Rainbow"],"picked":"Buffer","floor":16},{"not_picked":["Ball Lightning","Fusion"],"picked":"Double Energy","floor":18},{"not_picked":["Storm","Compile Driver"],"picked":"Beam Cell+1","floor":20}],"player_experience":858070,"relics_obtained":[{"floor":9.0,"key":"Bronze Scales"},{"floor":14,"key":"Whetstone"},{"floor":17,"key":"Tiny Chest"},{"floor":17,"key":"Letter Opener"},{"floor":17,"key":"Ginger"},{"floor":19,"key":"Lantern"}],"event_choices":[{"event_name":"World of Goop","player_choice":"Gather Gold","floor":2.0,"damage_taken":0.0},{"event_name":"Shining Light","player_choice":"Entered Light","floor":4.0,"damage_taken":0.0},{"event_name":"Big Fish","player_choice":"Banana","floor":12,"damage_taken":0}],"is_beta":false,"boss_relics":[{"not_picked":["Astrolabe","Snecko Eye"],"picked":"Calling Bell"}],"items_purged_floors":[],"is_endless":false,"potions_floor_spawned":[7,8,10,11,13,14,18,20],"killed_by":"Slaver and Parasite","ascension_level":4}