{"gold_per_floor":[109,109,120,139,153,153,153,170,241,241,273,286,286,301,301,400,400,412,422,422,19,39,70,70,82,109,126,138,138,138,152,152,152],"floor_reached":33,"playtime":1027,"items_purged":["Strike_R"],"score":273,"play_id":"9ee3e860-b0bc-4b61-ad50-351a575bda82","local_time":"20180811163803","is_ascension_mode":false,"campfire_choices":[{"data":"Clash","floor":6,"key":"SMITH"},{"data":"Clash","floor":10,"key":"SMITH"},{"data":"Anger","floor":13,"key":"SMITH"},{"floor":15,"key":"REST"},{"floor":24,"key":"REST"},{"data":"Bludgeon","floor":30,"key":"SMITH"},{"data":"Apotheosis","floor":32,"key":"SMITH"}],"neow_cost":"NONE","seed_source_timestamp":417699547827666,"circlet_count":0,"master_deck":["Strike_R","Strike_R","Strike_R","Strike_R","Defend_R","Defend_R","Defend_R","Defend_R","Bash","Shrug It Off","Clash+1","Heavy Blade","Clash+1","Anger+1","Battle Trance","Flex","Bludgeon+1","Carnage","Apotheosis+1","Inflame","Flame Barrier+1"],"relics":["Black Blood","Red Skull","Sundial","Mercury Hourglass","Nloth\u0027s Gift","Anchor","Regal Pillow","Omamori"],"potions_floor_usage":[33,33,33],"damage_taken":[{"damage":6,"enemies":"Jaw Worm","floor":1,"turns":4},{"damage":8,"enemies":"2 Louse","floor":3,"turns":3},{"damage":0,"enemies":"Small Slimes","floor":4,"turns":3},{"damage":12,"enemies":"Blue Slaver","floor":5,"turns":3},{"damage":16,"enemies":"Gremlin Gang","floor":8,"turns":7},{"damage":23,"enemies":"Gremlin Nob","floor":11,"turns":4},{"damage":8,"enemies":"Large Slime","floor":12,"turns":3},{"damage":0,"enemies":"Exordium Thugs","floor":14,"turns":3},{"damage":55,"enemies":"The Guardian","floor":16,"turns":9},{"damage":19,"enemies":"Shell Parasite","floor":18,"turns":3},{"damage":10,"enemies":"Spheric Guardian","floor":19,"turns":3},{"damage":27,"enemies":"Snake Plant","floor":22,"turns":3},{"damage":31,"enemies":"Gremlin Leader","floor":23,"turns":5},{"damage":29,"enemies":"Centurion and Healer","floor":25,"turns":4},{"damage":25,"enemies":"Snecko","floor":27,"turns":4},{"damage":27,"enemies":"Cultist and Chosen","floor":28,"turns":5},{"damage":24,"enemies":"Snake Plant","floor":31,"turns":3},{"damage":79,"enemies":"Collector","floor":33,"turns":7}],"seed_played":"3544578372234947278","potions_obtained":[{"floor":1,"key":"LiquidBronze"},{"floor":3,"key":"LiquidBronze"},{"floor":4,"key":"BloodPotion"},{"floor":11,"key":"AttackPotion"},{"floor":14,"key":"SpeedPotion"},{"floor":23,"key":"Block Potion"}],"is_trial":false,"path_per_floor":["M","?","M","M","M","R","?","M","T","R","E","M","R","M","R","B",null,"M","M","?","$","M","E","R","M","T","M","M","?","R","M","R"],"character_chosen":"IRONCLAD","items_purchased":["Apotheosis","Anchor"],"campfire_rested":2,"item_purchase_floors":[21,21],"current_hp_per_floor":[80,85,83,85,79,79,79,69,69,69,52,50,50,56,81,32,85,76,76,76,76,59,38,78,59,59,44,27,85,85,71,71,0],"gold":152,"neow_bonus":"RANDOM_COMMON_RELIC","is_prod":false,"is_daily":false,"chose_seed":false,"campfire_upgraded":5,"win_rate":0,"timestamp":1534019883,"path_taken":["M","?","M","M","M","R","?","M","T","R","E","M","R","M","R","BOSS","M","?","?","$","M","E","R","M","T","?","M","?","R","?","R","BOSS"],"build_version":"2018-08-09","purchased_purges":1,"victory":false,"max_hp_per_floor":[80,85,85,85,85,85,85,85,85,85,85,85,85,85,85,85,85,85,85,85,85,85,85,85,85,85,85,85,85,85,85,85,85],"card_choices":[{"not_picked":["Sentinel","Perfected Strike"],"picked":"Shrug It Off","floor":1},{"not_picked":["Iron Wave","Warcry"],"picked":"Rupture","floor":3},{"not_picked":["Dual Wield","Armaments"],"picked":"Clash","floor":4},{"not_picked":["Wild Strike","Blood for Blood"],"picked":"Heavy Blade","floor":5},{"not_picked":["Body Slam","Pommel Strike"],"picked":"Clash","floor":8},{"not_picked":["Exhume","Headbutt"],"picked":"Anger","floor":11},{"not_picked":["Blood for Blood","Sword Boomerang"],"picked":"Battle Trance","floor":12},{"not_picked":["Infernal Blade","Cleave"],"picked":"Flex","floor":14},{"not_picked":["Juggernaut","Demon Form"],"picked":"Bludgeon","floor":16},{"not_picked":["Twin Strike","Thunderclap","Shockwave+1"],"picked":"SKIP","floor":18},{"not_picked":["Heavy Blade+1","Anger"],"picked":"Carnage","floor":19},{"not_picked":["Headbutt","Clash","Flex"],"picked":"SKIP","floor":22},{"not_picked":["Double Tap","Clothesline"],"picked":"Inflame","floor":23},{"not_picked":["Dropkick","Clothesline+1","Cleave"],"picked":"SKIP","floor":25},{"not_picked":["Sword Boomerang","Armaments"],"picked":"Flame Barrier+1","floor":27},{"not_picked":["Cleave","Sword Boomerang+1","Iron Wave"],"picked":"SKIP","floor":28},{"not_picked":["Evolve","Dark Embrace","Reaper"],"picked":"SKIP","floor":31}],"player_experience":116682,"relics_obtained":[{"floor":9,"key":"Mercury Hourglass"},{"floor":11,"key":"Bag of Marbles"},{"floor":23,"key":"Regal Pillow"},{"floor":26,"key":"Omamori"}],"event_choices":[{"event_name":"Big Fish","player_choice":"Donut","floor":2,"damage_taken":0},{"event_name":"WeMeetAgain","player_choice":"Card","floor":7,"damage_taken":0},{"event_name":"N\u0027loth","player_choice":"Traded a Bag of Marbles","floor":20,"damage_taken":0},{"event_name":"Wheel of Change","player_choice":"Full Heal","floor":29,"damage_taken":0}],"is_beta":false,"boss_relics":[{"not_picked":["Velvet Choker","Runic Dome"],"picked":"Black Blood"}],"items_purged_floors":[21],"is_endless":false,"potions_floor_spawned":[1,3,4,11,14,22,23,25],"killed_by":"Collector","ascension_level":0}