{"gold_per_floor":[139,155,173,183,183,183,222,222,271,271,315,342,354,400,412,517,529,564,560,572,252,271,305,305,305],"floor_reached":25,"playtime":4112,"items_purged":["Strike_G"],"score":439,"play_id":"bbdf2193-c812-40d1-978a-6870da6ec88c","local_time":"20181008230108","is_ascension_mode":true,"campfire_choices":[{"data":"Neutralize","floor":6.0,"key":"SMITH"},{"data":"Dash","floor":8.0,"key":"SMITH"},{"floor":13.0,"key":"REST"},{"floor":15.0,"key":"REST"},{"data":"Footwork","floor":24.0,"key":"SMITH"}],"neow_cost":"NONE","seed_source_timestamp":0,"circlet_count":0,"master_deck":["Defend_G","Defend_G","Defend_G","Defend_G","Strike_G","Strike_G","Strike_G","Strike_G","Survivor","Neutralize+1","AscendersBane","Dodge and Roll","Flying Knee","Dash+1","Well Laid Plans","Flying Knee","Leg Sweep","Crippling Poison","PiercingWail","Burst","Footwork+1","Adrenaline","Deflect","Escape Plan+1","Bouncing Flask"],"special_seed":0,"relics":["Ring of the Snake","Tiny Chest","Golden Idol","Question Card","Dream Catcher","MawBank","Pen Nib","Runic Dome","Paper Crane","Bottled Tornado"],"potions_floor_usage":[25],"damage_taken":[{"damage":2.0,"enemies":"2 Louse","floor":1.0,"turns":5.0},{"damage":4.0,"enemies":"Small Slimes","floor":2.0,"turns":6.0},{"damage":1.0,"enemies":"Jaw Worm","floor":3.0,"turns":5.0},{"damage":1.0,"enemies":"Looter","floor":4.0,"turns":4.0},{"damage":13.0,"enemies":"Lagavulin","floor":7.0,"turns":9.0},{"damage":0.0,"enemies":"Gremlin Nob","floor":11.0,"turns":5.0},{"damage":0.0,"enemies":"2 Fungi Beasts","floor":12.0,"turns":4.0},{"damage":5.0,"enemies":"Lagavulin","floor":14.0,"turns":9.0},{"damage":16.0,"enemies":"Slime Boss","floor":16.0,"turns":13.0},{"damage":0.0,"enemies":"3 Byrds","floor":18.0,"turns":5.0},{"damage":4.0,"enemies":"2 Thieves","floor":19.0,"turns":4.0},{"damage":11.0,"enemies":"Colosseum Slavers","floor":20.0,"turns":6.0},{"damage":0.0,"enemies":"Snake Plant","floor":22.0,"turns":9.0},{"damage":29.0,"enemies":"Book of Stabbing","floor":23.0,"turns":6.0},{"damage":21,"enemies":"Gremlin Leader","floor":25,"turns":2}],"seed_played":"-2995789499384887759","potions_obtained":[{"floor":1.0,"key":"SpeedPotion"},{"floor":2.0,"key":"Fire Potion"},{"floor":7.0,"key":"Fire Potion"},{"floor":16.0,"key":"AttackPotion"},{"floor":22.0,"key":"Energy Potion"},{"floor":23.0,"key":"AttackPotion"}],"is_trial":false,"path_per_floor":["M","M","M","M","?","R","E","R","T","?","E","M","R","E","R","B",null,"M","M","?","$","M","E","R"],"character_chosen":"THE_SILENT","items_purchased":["Paper Crane"],"campfire_rested":2,"item_purchase_floors":[21],"current_hp_per_floor":[61,57,56,55,38,38,25,25,25,18,18,18,39,34,55,39,62,62,58,47,47,47,18,18,0],"gold":305,"neow_bonus":"RANDOM_COMMON_RELIC","is_prod":false,"is_daily":false,"chose_seed":false,"campfire_upgraded":3,"win_rate":0,"timestamp":1539032468,"path_taken":["M","M","M","M","?","R","E","R","T","?","E","?","R","E","R","BOSS","M","M","?","$","M","E","R","E"],"build_version":"2018-10-04v2","purchased_purges":1,"victory":false,"max_hp_per_floor":[70,70,70,70,70,70,70,70,70,70,70,70,70,70,70,70,70,70,70,70,70,70,70,70,70],"card_choices":[{"not_picked":["Accuracy","Bane"],"picked":"Dodge and Roll","floor":1.0},{"not_picked":["Slice","PiercingWail"],"picked":"Flying Knee","floor":2.0},{"not_picked":["Eviscerate","PiercingWail"],"picked":"Dash","floor":3.0},{"not_picked":["Sucker Punch","Acrobatics"],"picked":"Well Laid Plans","floor":4.0},{"not_picked":["Deadly Poison","Flechettes"],"picked":"Flying Knee","floor":7.0},{"not_picked":["Skewer","Bullet Time","Predator"],"picked":"Leg Sweep","floor":11.0},{"not_picked":["Dagger Throw","Slice","Quick Slash"],"picked":"Crippling Poison","floor":12.0},{"not_picked":["Outmaneuver","Cloak And Dagger","Bouncing Flask"],"picked":"PiercingWail","floor":13.0},{"not_picked":["Setup","Quick Slash","Terror"],"picked":"Burst","floor":14.0},{"not_picked":["Underhanded Strike","Blade Dance","Cloak And Dagger"],"picked":"Footwork","floor":15.0},{"not_picked":["Storm of Steel","Wraith Form v2","Phantasmal Killer"],"picked":"Adrenaline","floor":16.0},{"not_picked":["Outmaneuver+1","Deadly Poison","Underhanded Strike+1"],"picked":"Deflect","floor":18.0},{"not_picked":["Blade Dance","Choke","PiercingWail"],"picked":"Escape Plan+1","floor":19.0},{"not_picked":["Dodge and Roll","Poisoned Stab","PiercingWail"],"picked":"Bouncing Flask","floor":22.0},{"not_picked":["Deflect","Crippling Poison","Bouncing Flask","Reflex"],"picked":"SKIP","floor":23.0}],"player_experience":231150,"relics_obtained":[{"floor":7.0,"key":"Question Card"},{"floor":9.0,"key":"Dream Catcher"},{"floor":11.0,"key":"MawBank"},{"floor":14.0,"key":"Pen Nib"},{"floor":23.0,"key":"Bottled Tornado"}],"event_choices":[{"event_name":"Golden Idol","player_choice":"Take Damage","floor":5.0,"damage_taken":0.0},{"event_name":"Golden Wing","player_choice":"Card Removal","floor":10.0,"damage_taken":0.0},{"event_name":"Colosseum","player_choice":"Fight","floor":20.0,"damage_taken":0.0},{"event_name":"Colosseum","player_choice":"Fled From Nobs","floor":20.0,"damage_taken":0.0}],"is_beta":false,"boss_relics":[{"not_picked":["HoveringKite","Orrery"],"picked":"Runic Dome"}],"items_purged_floors":[21],"is_endless":false,"potions_floor_spawned":[1,2,7,16,22,23],"killed_by":"Gremlin Leader","ascension_level":13}