{"gold_per_floor":[213,363,373,19,30,30,41,41,66,66,84,114,79,40,40,111,111,125,125,141,157,4,4,18,36,36,70,117,117],"floor_reached":29,"playtime":1589,"items_purged":["Doubt"],"score":500,"play_id":"fb40167a-4e6e-4982-87c6-e6e274c8c617","local_time":"20190905171834","is_ascension_mode":true,"campfire_choices":[{"data":"Neutralize","floor":6,"key":"SMITH"},{"data":"Dagger Throw","floor":10,"key":"SMITH"},{"data":"A Thousand Cuts","floor":15,"key":"SMITH"},{"floor":23,"key":"REST"}],"neow_cost":"NONE","seed_source_timestamp":77041930418600,"circlet_count":0,"master_deck":["AscendersBane","Survivor","Neutralize+1","Quick Slash","PiercingWail","Bane","Dagger Throw+1","Masterful Stab","Poisoned Stab","A Thousand Cuts+1","Catalyst","Bullet Time","Distraction","Burst","Footwork","Crippling Poison","Eviscerate","Night Terror","Corpse Explosion","Noxious Fumes","Phantasmal Killer","Blade Dance","Ghostly","Ghostly","Ghostly","PiercingWail","Acrobatics","Dash","Well Laid Plans","Malaise","Catalyst+1"],"relics":["Ring of the Snake","Strange Spoon","Bronze Scales","Anchor","Pandora\u0027s Box","Molten Egg 2","Pantograph","Oddly Smooth Stone"],"potions_floor_usage":[12,21,21,22],"damage_taken":[{"damage":0,"enemies":"Jaw Worm","floor":1,"turns":6},{"damage":0,"enemies":"2 Louse","floor":3,"turns":4},{"damage":0,"enemies":"Small Slimes","floor":5,"turns":4},{"damage":5,"enemies":"2 Fungi Beasts","floor":7,"turns":4},{"damage":6,"enemies":"Exordium Wildlife","floor":11,"turns":3},{"damage":16,"enemies":"Lagavulin","floor":12,"turns":4},{"damage":35,"enemies":"Hexaghost","floor":16,"turns":9},{"damage":8,"enemies":"2 Thieves","floor":18,"turns":2},{"damage":2,"enemies":"3 Byrds","floor":20,"turns":2},{"damage":29,"enemies":"Cultist and Chosen","floor":21,"turns":5},{"damage":3,"enemies":"Snake Plant","floor":24,"turns":3},{"damage":6,"enemies":"3 Cultists","floor":25,"turns":4},{"damage":4,"enemies":"Gremlin Leader","floor":27,"turns":7},{"damage":14,"enemies":"Snecko","floor":29,"turns":3}],"seed_played":"-3089388991678109408","potions_obtained":[{"floor":3,"key":"AttackPotion"},{"floor":7,"key":"GhostInAJar"},{"floor":16,"key":"EssenceOfSteel"},{"floor":21,"key":"Dexterity Potion"}],"is_trial":false,"path_per_floor":["M","?","M","$","M","R","M","?","T","R","M","E","?","$","R","B",null,"M","?","M","M","$","R","M","M","T","E","T","M"],"character_chosen":"THE_SILENT","items_purchased":["Strange Spoon","Strength Potion","Catalyst","Dash","Fruit Juice"],"campfire_rested":1,"item_purchase_floors":[4,4,14,22,22],"current_hp_per_floor":[59,59,59,59,59,59,54,54,54,54,48,32,48,48,48,13,53,45,33,31,2,7,18,15,9,9,5,5,0],"gold":117,"neow_bonus":"HUNDRED_GOLD","is_prod":false,"is_daily":false,"chose_seed":false,"campfire_upgraded":3,"win_rate":0,"timestamp":1567729114,"path_taken":["M","?","M","$","M","R","M","?","T","R","M","E","?","$","R","BOSS","M","?","M","M","$","R","M","M","T","E","?","?"],"build_version":"2019-07-17","purchased_purges":1,"victory":false,"max_hp_per_floor":[66,66,66,66,66,66,66,66,66,66,66,66,66,66,66,66,66,66,33,33,33,38,38,38,38,38,38,38,38],"card_choices":[{"not_picked":["PiercingWail","Distraction"],"picked":"Quick Slash","floor":1},{"not_picked":["Dodge and Roll","Acrobatics"],"picked":"PiercingWail","floor":3},{"not_picked":["Accuracy","Outmaneuver"],"picked":"Bane","floor":5},{"not_picked":["Concentrate","PiercingWail"],"picked":"Dagger Throw","floor":7},{"not_picked":["Dagger Throw","Dagger Spray"],"picked":"Poisoned Stab","floor":11},{"not_picked":["Blade Dance","Dagger Throw"],"picked":"A Thousand Cuts","floor":12},{"not_picked":["Tools of the Trade","A Thousand Cuts"],"picked":"Bullet Time","floor":16},{"not_picked":["Dagger Throw","Calculated Gamble+1"],"picked":"Blade Dance","floor":18},{"not_picked":["Dagger Throw","Calculated Gamble"],"picked":"PiercingWail","floor":20},{"not_picked":["Reflex","Endless Agony"],"picked":"Acrobatics","floor":21},{"not_picked":["Backstab","Prepared"],"picked":"Well Laid Plans","floor":24},{"not_picked":["Poisoned Stab+1","Noxious Fumes"],"picked":"Malaise","floor":25},{"not_picked":["Expertise","Bane+1"],"picked":"Catalyst+1","floor":27}],"player_experience":828410,"relics_obtained":[{"floor":9,"key":"Bronze Scales"},{"floor":12,"key":"Anchor"},{"floor":26,"key":"Molten Egg 2"},{"floor":27,"key":"Pantograph"},{"floor":28,"key":"Oddly Smooth Stone"}],"event_choices":[{"damage_healed":0,"gold_gain":150,"player_choice":"AGREE","damage_taken":0,"max_hp_gain":0,"max_hp_loss":0,"event_name":"Liars Game","floor":2,"gold_loss":0,"cards_obtained":["Doubt"]},{"damage_healed":0,"gold_gain":0,"cards_transformed":["Strike_G"],"player_choice":"Change","damage_taken":0,"max_hp_gain":0,"max_hp_loss":0,"event_name":"Living Wall","floor":8,"gold_loss":0,"cards_obtained":["Masterful Stab"]},{"damage_healed":16,"gold_gain":0,"player_choice":"Healed","damage_taken":0,"max_hp_gain":0,"max_hp_loss":0,"event_name":"The Cleric","floor":13,"gold_loss":35},{"damage_healed":0,"gold_gain":0,"player_choice":"Became a Ghost","damage_taken":0,"max_hp_gain":0,"max_hp_loss":33,"event_name":"Ghosts","floor":19,"gold_loss":0,"cards_obtained":["Ghostly","Ghostly","Ghostly"]}],"is_beta":false,"boss_relics":[{"not_picked":["Lizard Tail","HoveringKite"],"picked":"Pandora\u0027s Box"}],"items_purged_floors":[4],"is_endless":false,"potions_floor_spawned":[3,7,16,18,21],"killed_by":"Snecko","ascension_level":17}