{"path_per_floor":["M","M","M","?","M","E","R","M","T","R","$","?","R","M","R","B",null,"M","M","$","M","M","R","$","R","T","?","R","M","R","M","R","B",null,"M","M","M"],"character_chosen":"IRONCLAD","items_purchased":["Happy Flower","Pommel Strike"],"gold_per_floor":[111,125,139,139,158,192,192,205,205,205,130,130,130,148,148,244,244,261,280,34,46,60,60,10,10,79,79,79,95,95,110,110,211,211,223,241,253],"floor_reached":38,"campfire_rested":3,"playtime":7565,"current_hp_per_floor":[38,44,43,43,44,36,36,41,41,41,41,41,41,47,71,58,80,57,45,45,58,57,57,57,57,57,57,57,47,71,71,80,14,80,47,24,13],"items_purged":["Strike_R","Strike_R"],"gold":253,"play_id":"db805a71-70c3-41df-bf48-b58debffcbbe","is_prod":false,"is_daily":false,"is_ascension_mode":false,"campfire_upgraded":6,"path_taken":["M","M","?","?","M","E","R","M","T","R","$","?","R","M","R","BOSS","M","M","$","?","M","R","$","R","T","?","R","?","R","?","R","BOSS","M","M","?","M"],"build_version":"2018-02-01-PROD3","purchased_purges":2,"victory":false,"master_deck":["Strike_R+1","Defend_R+1","Iron Wave+1","Metallicize+1","Juggernaut+1","Cleave+1","Second Wind+1","Hemokinesis+1","Bloodletting+1","Sentinel+1","Pommel Strike+1","Shrug It Off+1","Exhume","Intimidate","Flex+1"],"max_hp_per_floor":[80,80,80,80,80,80,80,80,80,80,80,80,80,80,80,80,80,80,80,80,80,80,80,80,80,80,80,80,80,80,80,80,80,80,80,80,80],"relics":["Burning Blood","Mercury Hourglass","Du-Vu Doll","Astrolabe","Happy Flower","Paper Frog","Velvet Choker"],"card_choices":[{"not_picked":["Warcry","Heavy Blade"],"picked":"Iron Wave"},{"not_picked":["Clothesline","Flex"],"picked":"Juggernaut"},{"not_picked":["Anger","Corruption"],"picked":"Cleave"},{"not_picked":["Shockwave","Havoc"],"picked":"Sentinel"},{"not_picked":["Headbutt","Anger"],"picked":"Shrug It Off"},{"not_picked":["Fiend Fire","Berserk"],"picked":"Exhume"},{"not_picked":["Sentinel","Iron Wave"],"picked":"Intimidate"},{"not_picked":["Headbutt","Anger"],"picked":"Flex"}],"player_experience":204705,"potions_floor_usage":[6,21,22,22,29,38,38],"damage_taken":[{"damage":8,"enemies":"Blue Slaver","floor":1,"turns":10},{"damage":0,"enemies":"Small Slimes","floor":2,"turns":3},{"damage":7,"enemies":"2 Louse","floor":3,"turns":2},{"damage":5,"enemies":"Large Slime","floor":5,"turns":11},{"damage":14,"enemies":"3 Sentries","floor":6,"turns":7},{"damage":1,"enemies":"3 Louse","floor":8,"turns":3},{"damage":0,"enemies":"2 Fungi Beasts","floor":14,"turns":2},{"damage":19,"enemies":"Slime Boss","floor":16,"turns":7},{"damage":29,"enemies":"2 Thieves","floor":18,"turns":3},{"damage":18,"enemies":"3 Byrds","floor":19,"turns":3},{"damage":2,"enemies":"Snecko","floor":21,"turns":4},{"damage":16,"enemies":"Slaver and Parasite","floor":22,"turns":4},{"damage":16,"enemies":"Chosen and Byrds","floor":29,"turns":4},{"damage":6,"enemies":"Centurion and Healer","floor":31,"turns":6},{"damage":72,"enemies":"Collector","floor":33,"turns":9},{"damage":39,"enemies":"3 Darklings","floor":35,"turns":5},{"damage":29,"enemies":"3 Shapes","floor":36,"turns":4},{"damage":17,"enemies":"3 Darklings","floor":37,"turns":5},{"damage":14,"enemies":"4 Shapes","floor":38,"turns":3}],"event_choices":[{"event_name":"Transmorgrifier","player_choice":"Transform","floor":4,"damage_taken":0},{"event_name":"Living Wall","player_choice":"Grow","floor":12,"damage_taken":0},{"event_name":"Drug Dealer","player_choice":"Ignored","floor":27,"damage_taken":0}],"boss_relics":[{"not_picked":["Eternal Feather","Ectoplasm"],"picked":"Astrolabe"},{"not_picked":["Black Star","Lizard Tail"],"picked":"Velvet Choker"}],"potions_floor_spawned":[5,14,18,21,22,36,37],"seed_played":"-5999145837418691973","killed_by":"4 Shapes","ascension_level":0,"is_trial":false}