{"gold_per_floor":[360,360,375,9,19,45,62,62,62,82,82,147,147,214,214,214],"floor_reached":16,"playtime":778,"items_purged":["Clumsy"],"score":172,"play_id":"d9d1d2d8-e712-47be-ae9c-446c38c811a5","local_time":"20190610002634","is_ascension_mode":true,"campfire_choices":[{"floor":8,"key":"REST"},{"data":"Reaper","floor":13,"key":"SMITH"},{"floor":15,"key":"REST"}],"neow_cost":"CURSE","seed_source_timestamp":117078734872177,"circlet_count":0,"master_deck":["AscendersBane","Strike_R","Strike_R","Strike_R","Strike_R","Strike_R","Defend_R","Defend_R","Defend_R","Defend_R","Bash","Shrug It Off","Reaper+1","Flex"],"relics":["Burning Blood","Oddly Smooth Stone","Dodecahedron","Magic Flower","SsserpentHead"],"potions_floor_usage":[6,16,16],"damage_taken":[{"damage":17,"enemies":"Jaw Worm","floor":1,"turns":3},{"damage":1,"enemies":"Cultist","floor":3,"turns":3},{"damage":16,"enemies":"Small Slimes","floor":5,"turns":4},{"damage":60,"enemies":"Lagavulin","floor":6,"turns":7},{"damage":15,"enemies":"3 Louse","floor":7,"turns":4},{"damage":15,"enemies":"Looter","floor":10,"turns":5},{"damage":12,"enemies":"2 Fungi Beasts","floor":12,"turns":5},{"damage":22,"enemies":"Red Slaver","floor":14,"turns":5},{"damage":84,"enemies":"Hexaghost","floor":16,"turns":11}],"seed_played":"8449195505523393166","potions_obtained":[{"floor":3,"key":"Swift Potion"},{"floor":5,"key":"Fire Potion"},{"floor":12,"key":"GamblersBrew"}],"is_trial":false,"path_per_floor":["M","?","M","$","M","E","M","R","T","M","?","M","R","M","R","B"],"character_chosen":"IRONCLAD","items_purchased":["Reaper","Oddly Smooth Stone"],"campfire_rested":2,"item_purchase_floors":[4,4],"current_hp_per_floor":[61,61,66,66,62,14,17,41,41,41,41,53,53,48,72,0],"gold":214,"neow_bonus":"TWO_FIFTY_GOLD","is_prod":false,"is_daily":false,"chose_seed":false,"campfire_upgraded":1,"win_rate":0,"timestamp":1560140794,"path_taken":["M","?","M","$","M","E","M","R","T","?","?","?","R","?","R","BOSS"],"build_version":"2019-01-23","purchased_purges":1,"victory":false,"max_hp_per_floor":[80,80,80,80,80,80,80,80,80,80,80,80,80,80,80,80],"card_choices":[{"not_picked":["Searing Blow","Power Through","Thunderclap"],"picked":"SKIP","floor":1},{"not_picked":["Clothesline","Armaments"],"picked":"Shrug It Off","floor":3},{"not_picked":["Heavy Blade","Headbutt","Uppercut"],"picked":"SKIP","floor":5},{"not_picked":["Armaments","Flex","Feel No Pain"],"picked":"SKIP","floor":6},{"not_picked":["Spot Weakness","True Grit","Body Slam"],"picked":"SKIP","floor":7},{"not_picked":["True Grit","Shrug It Off","Fiend Fire"],"picked":"SKIP","floor":10},{"not_picked":["Cleave","Sword Boomerang","Heavy Blade"],"picked":"SKIP","floor":12},{"not_picked":["Intimidate","Headbutt"],"picked":"Flex","floor":14}],"player_experience":353830,"relics_obtained":[{"floor":6,"key":"Dodecahedron"},{"floor":9,"key":"Magic Flower"}],"event_choices":[{"damage_healed":0,"gold_gain":0,"cards_transformed":["Pain"],"player_choice":"Transformed","damage_taken":0,"max_hp_gain":0,"max_hp_loss":0,"event_name":"Transmorgrifier","floor":2,"gold_loss":0,"cards_obtained":["Clumsy"]},{"damage_healed":0,"gold_gain":0,"player_choice":"Trade","damage_taken":0,"relics_obtained":["SsserpentHead"],"max_hp_gain":0,"max_hp_loss":0,"event_name":"FaceTrader","floor":11,"gold_loss":0}],"is_beta":false,"boss_relics":[],"items_purged_floors":[4],"is_endless":false,"potions_floor_spawned":[3,5,12,14],"killed_by":"Hexaghost","ascension_level":13}