{"gold_per_floor":[119,119,34,52,52,52,82,82,82,99,99,99,130,147,147,221,221,231,249,249,267,6,37,87,87,165,498,498,498,498,513,513,587,587,602,616,70,89,140,140,140],"floor_reached":41,"playtime":2343,"items_purged":[],"score":951,"play_id":"b63782e5-ba00-4046-85e8-bf986cfae165","local_time":"20190905234048","is_ascension_mode":true,"campfire_choices":[{"data":"Uppercut","floor":6,"key":"SMITH"},{"data":"Cleave","floor":8,"key":"SMITH"},{"data":"Headbutt","floor":11,"key":"SMITH"},{"floor":15,"key":"REST"},{"floor":25,"key":"REST"},{"floor":28,"key":"REST"},{"floor":32,"key":"REST"},{"floor":40,"key":"REST"}],"neow_cost":"NONE","seed_source_timestamp":13063927989600,"circlet_count":0,"master_deck":["AscendersBane","Strike_R","Strike_R","Strike_R","Strike_R","Strike_R","Defend_R","Defend_R","Defend_R+1","Defend_R","Bash+1","Cleave+1","Uppercut+1","Metallicize","Headbutt+1","Offering","Spot Weakness","Feed","Whirlwind+1","Feel No Pain+1","Infernal Blade","Shrug It Off","Limit Break","Heavy Blade","Barricade+1","Combust+1","Dark Embrace+1","Shrug It Off","Flame Barrier","Feel No Pain+1","Rupture+1","Battle Trance","Impervious","Disarm","Thunderclap"],"relics":["Burning Blood","Anchor","Orichalcum","Frozen Egg 2","Sundial","Regal Pillow","Fusion Hammer","Mummified Hand","The Courier","Old Coin","Cursed Key","OrangePellets","Torii"],"potions_floor_usage":[13,16,16,23,23,31,33,33,38],"damage_taken":[{"damage":1,"enemies":"Cultist","floor":1,"turns":3},{"damage":0,"enemies":"2 Louse","floor":4,"turns":3},{"damage":24,"enemies":"Gremlin Nob","floor":7,"turns":4},{"damage":1,"enemies":"Small Slimes","floor":10,"turns":3},{"damage":8,"enemies":"Lagavulin","floor":13,"turns":7},{"damage":0,"enemies":"Looter","floor":14,"turns":3},{"damage":46,"enemies":"Slime Boss","floor":16,"turns":11},{"damage":12,"enemies":"3 Byrds","floor":18,"turns":5},{"damage":21,"enemies":"Spheric Guardian","floor":19,"turns":4},{"damage":12,"enemies":"3 Cultists","floor":21,"turns":4},{"damage":46,"enemies":"Book of Stabbing","floor":23,"turns":5},{"damage":42,"enemies":"Slavers","floor":27,"turns":5},{"damage":8,"enemies":"Centurion and Healer","floor":31,"turns":5},{"damage":58,"enemies":"Automaton","floor":33,"turns":8},{"damage":16,"enemies":"Orb Walker","floor":35,"turns":4},{"damage":3,"enemies":"3 Shapes","floor":36,"turns":4},{"damage":25,"enemies":"Transient","floor":38,"turns":6},{"damage":20,"enemies":"2 Orb Walkers","floor":39,"turns":5},{"damage":91,"enemies":"Giant Head","floor":41,"turns":7}],"seed_played":"55171906789576012","potions_obtained":[{"floor":7,"key":"Fire Potion"},{"floor":10,"key":"EssenceOfSteel"},{"floor":14,"key":"SpeedPotion"},{"floor":19,"key":"SpeedPotion"},{"floor":23,"key":"Weak Potion"},{"floor":27,"key":"Energy Potion"},{"floor":31,"key":"FearPotion"},{"floor":38,"key":"Fire Potion"}],"is_trial":false,"path_per_floor":["M","?","$","M","?","R","E","R","T","M","R","T","E","M","R","B",null,"M","M","?","M","$","E","?","R","T","E","R","?","?","M","R","B",null,"M","M","$","M","?","R","E"],"character_chosen":"IRONCLAD","items_purchased":["Uppercut","Limit Break","BloodPotion","Feel No Pain+1","Rupture+1","Battle Trance","Impervious","OrangePellets","PowerPotion"],"campfire_rested":5,"item_purchase_floors":[3,22,22,37,37,37,37,37,37],"current_hp_per_floor":[73,50,50,56,45,45,27,27,27,32,32,32,30,36,73,33,65,62,50,50,47,47,28,28,68,68,32,72,48,43,44,86,37,81,74,77,77,58,44,88,0],"gold":140,"neow_bonus":"RANDOM_COMMON_RELIC","is_prod":false,"is_daily":false,"chose_seed":false,"campfire_upgraded":3,"win_rate":0,"timestamp":1567752048,"path_taken":["M","?","$","M","?","R","E","R","T","?","R","?","E","M","R","BOSS","M","M","?","M","$","E","?","R","T","E","R","?","?","?","R","BOSS","M","M","$","M","?","R","E"],"build_version":"2019-07-17","purchased_purges":0,"victory":false,"max_hp_per_floor":[75,75,75,75,75,75,75,75,75,75,75,75,75,75,75,75,75,78,81,81,84,84,84,84,84,84,84,84,89,89,92,92,95,95,98,98,98,98,98,98,98],"card_choices":[{"not_picked":["Wild Strike","Heavy Blade"],"picked":"Cleave","floor":1},{"not_picked":["Armaments","Havoc"],"picked":"Metallicize","floor":4},{"not_picked":["Pummel","Burning Pact"],"picked":"Headbutt","floor":7},{"not_picked":["Sever Soul","Sword Boomerang"],"picked":"Offering","floor":10},{"not_picked":["True Grit","Clash"],"picked":"Spot Weakness","floor":13},{"not_picked":["Perfected Strike","Warcry","Pommel Strike"],"picked":"SKIP","floor":14},{"not_picked":["Bludgeon","Dark Embrace+1"],"picked":"Feed","floor":16},{"not_picked":["Iron Wave","Hemokinesis+1"],"picked":"Whirlwind+1","floor":18},{"not_picked":["Havoc","Pommel Strike"],"picked":"Feel No Pain+1","floor":19},{"not_picked":["Cleave","Armaments"],"picked":"Shrug It Off","floor":21},{"not_picked":["Intimidate","Clothesline"],"picked":"Heavy Blade","floor":23},{"not_picked":["Shrug It Off","Carnage"],"picked":"Barricade+1","floor":27},{"not_picked":["Uppercut","Flex"],"picked":"Combust+1","floor":31},{"not_picked":["Bludgeon","Barricade+1"],"picked":"Dark Embrace+1","floor":33},{"not_picked":["Twin Strike","Clothesline+1"],"picked":"Shrug It Off","floor":35},{"not_picked":["Iron Wave+1","Rampage"],"picked":"Flame Barrier","floor":36},{"not_picked":["Body Slam","Havoc"],"picked":"Disarm","floor":38},{"not_picked":["Shrug It Off","Combust+1"],"picked":"Thunderclap","floor":39}],"player_experience":839365,"relics_obtained":[{"floor":7,"key":"Orichalcum"},{"floor":9,"key":"Frozen Egg 2"},{"floor":12,"key":"Sundial"},{"floor":13,"key":"Regal Pillow"},{"floor":23,"key":"Mummified Hand"},{"floor":26,"key":"The Courier"},{"floor":27,"key":"Old Coin"},{"floor":39,"key":"Torii"}],"event_choices":[{"damage_healed":0,"gold_gain":0,"player_choice":"Entered Light","damage_taken":23,"max_hp_gain":0,"max_hp_loss":0,"event_name":"Shining Light","floor":2,"gold_loss":0,"cards_upgraded":["Bash","Defend_R"]},{"damage_healed":0,"gold_gain":0,"player_choice":"Damaged","damage_taken":11,"max_hp_gain":0,"max_hp_loss":0,"event_name":"Wheel of Change","floor":5,"gold_loss":0},{"damage_healed":0,"gold_gain":0,"player_choice":"Read","damage_taken":0,"max_hp_gain":0,"max_hp_loss":0,"event_name":"The Library","floor":20,"gold_loss":0,"cards_obtained":["Infernal Blade"]},{"damage_healed":0,"gold_gain":50,"player_choice":"Stole From Cult","damage_taken":0,"max_hp_gain":0,"max_hp_loss":0,"event_name":"Nest","floor":24,"gold_loss":0},{"damage_healed":0,"gold_gain":0,"player_choice":"Shed Blood","damage_taken":29,"max_hp_gain":5,"max_hp_loss":0,"event_name":"Forgotten Altar","floor":29,"gold_loss":0},{"damage_healed":0,"gold_gain":0,"player_choice":"Bought 0 Potions","damage_taken":0,"max_hp_gain":0,"max_hp_loss":0,"event_name":"The Woman in Blue","floor":30,"gold_loss":0},{"damage_healed":0,"gold_gain":0,"player_choice":"Fight","damage_taken":0,"max_hp_gain":0,"max_hp_loss":0,"event_name":"Mysterious Sphere","floor":39,"gold_loss":0}],"is_beta":false,"boss_relics":[{"not_picked":["White Beast Statue","Tiny House"],"picked":"Fusion Hammer"},{"not_picked":["Philosopher\u0027s Stone","Sozu"],"picked":"Cursed Key"}],"items_purged_floors":[],"is_endless":false,"potions_floor_spawned":[7,10,14,19,23,27,31,38],"killed_by":"Giant Head","ascension_level":19}