{"gold_per_floor":[114,114,128,144,164,192,192,220,272,300,300,320,320,345,345,464,464,479,494,419,519,540,576,576,614,664,77,77,77,91,110,110,110],"floor_reached":33,"playtime":2863,"items_purged":["Normality","Normality"],"score":393,"play_id":"844acdd5-b5c7-4433-ae41-9bf685db1915","local_time":"20190522190516","is_ascension_mode":true,"campfire_choices":[{"floor":7.0,"key":"REST"},{"floor":13.0,"key":"REST"},{"data":"Accuracy","floor":15.0,"key":"SMITH"},{"floor":24.0,"key":"REST"},{"floor":29.0,"key":"REST"},{"floor":32.0,"key":"REST"}],"neow_cost":"NONE","seed_source_timestamp":637805712243335,"circlet_count":0,"master_deck":["Defend_G","Defend_G","Defend_G","Defend_G","Defend_G","Strike_G+1","Strike_G","Strike_G","Strike_G","Strike_G+1","Survivor","Neutralize+1","Heel Hook","Tactician","Cloak And Dagger","Acrobatics","Backstab","Cloak And Dagger","Footwork","Injury","Blade Dance","Accuracy+1","Phantasmal Killer","Writhe","Finisher+1","Prepared","Flying Knee","Deflect+1","Footwork","Finisher","Blade Dance","Master of Strategy","Flying Knee","Tactician"],"special_seed":0,"relics":["Ring of the Snake","Darkstone Periapt","Ninja Scroll","Centennial Puzzle","Juzu Bracelet","Golden Idol","Calling Bell","Oddly Smooth Stone","Matryoshka","Tingsha","Potion Belt","Whetstone","Orichalcum","MawBank","ClockworkSouvenir","Ancient Tea Set","Ornamental Fan"],"potions_floor_usage":[33],"damage_taken":[{"damage":1.0,"enemies":"Jaw Worm","floor":1.0,"turns":6.0},{"damage":0.0,"enemies":"Cultist","floor":3.0,"turns":5.0},{"damage":0.0,"enemies":"Small Slimes","floor":4.0,"turns":4.0},{"damage":10.0,"enemies":"3 Louse","floor":5.0,"turns":5.0},{"damage":21.0,"enemies":"Lagavulin","floor":6.0,"turns":8.0},{"damage":5.0,"enemies":"3 Sentries","floor":8.0,"turns":12.0},{"damage":27.0,"enemies":"Lagavulin","floor":10.0,"turns":9.0},{"damage":0.0,"enemies":"Exordium Thugs","floor":12.0,"turns":4.0},{"damage":0.0,"enemies":"2 Fungi Beasts","floor":14.0,"turns":4.0},{"damage":16.0,"enemies":"Hexaghost","floor":16.0,"turns":10.0},{"damage":20.0,"enemies":"Chosen","floor":18.0,"turns":8.0},{"damage":0.0,"enemies":"3 Byrds","floor":19.0,"turns":4.0},{"damage":0.0,"enemies":"Snake Plant","floor":22.0,"turns":2.0},{"damage":35.0,"enemies":"Gremlin Leader","floor":23.0,"turns":10.0},{"damage":65.0,"enemies":"Book of Stabbing","floor":25.0,"turns":8.0},{"damage":0.0,"enemies":"Chosen and Byrds","floor":30.0,"turns":1.0},{"damage":6.0,"enemies":"Shelled Parasite and Fungi","floor":31.0,"turns":4.0},{"damage":77,"enemies":"Automaton","floor":33,"turns":6}],"seed_played":"1805172612620777934","potions_obtained":[{"floor":0.0,"key":"Weak Potion"},{"floor":0.0,"key":"AttackPotion"},{"floor":0.0,"key":"AttackPotion"},{"floor":10.0,"key":"SteroidPotion"},{"floor":14.0,"key":"Poison Potion"},{"floor":16.0,"key":"Fire Potion"},{"floor":22.0,"key":"Energy Potion"},{"floor":23.0,"key":"Energy Potion"},{"floor":25.0,"key":"Weak Potion"},{"floor":30.0,"key":"Energy Potion"}],"is_trial":false,"path_per_floor":["M","?","M","M","M","E","R","E","T","E","?","M","R","M","R","B",null,"M","M","$","?","M","E","R","E","T","$","T","R","M","M","R","B"],"character_chosen":"THE_SILENT","items_purchased":["ClockworkSouvenir","Finisher","Blade Dance","Master of Strategy"],"campfire_rested":5,"item_purchase_floors":[27,27,27,27],"current_hp_per_floor":[69,69,69,69,59,38,59,54,54,27,33,33,55,55,55,39,94,74,74,74,74,74,39,67,2,2,2,2,30,30,24,52,0],"gold":110,"neow_bonus":"THREE_SMALL_POTIONS","is_prod":false,"is_daily":false,"chose_seed":false,"campfire_upgraded":1,"win_rate":0,"timestamp":1558566316,"path_taken":["M","?","?","M","M","E","R","E","T","E","?","M","R","M","R","BOSS","M","M","$","?","M","E","R","E","T","$","?","R","M","M","R","BOSS"],"build_version":"2019-01-23","purchased_purges":2,"victory":false,"max_hp_per_floor":[70,70,70,70,70,70,70,70,70,70,76,76,76,76,76,76,94,94,94,94,94,94,94,94,94,94,94,94,94,94,94,94,94],"card_choices":[{"not_picked":["Blade Dance","Outmaneuver"],"picked":"Heel Hook","floor":1.0},{"not_picked":["Noxious Fumes","Deflect"],"picked":"Tactician","floor":3.0},{"not_picked":["Deflect","Wraith Form v2"],"picked":"Cloak And Dagger","floor":4.0},{"not_picked":["Dagger Throw","Deflect"],"picked":"Acrobatics","floor":5.0},{"not_picked":["Endless Agony","Well Laid Plans"],"picked":"Backstab","floor":6.0},{"not_picked":["Distraction","Burst"],"picked":"Cloak And Dagger","floor":8.0},{"not_picked":["Underhanded Strike","Cloak And Dagger"],"picked":"Footwork","floor":10.0},{"not_picked":["Setup","Dash"],"picked":"Blade Dance","floor":12.0},{"not_picked":["Cloak And Dagger","Calculated Gamble"],"picked":"Accuracy","floor":14.0},{"not_picked":["Malaise","Burst"],"picked":"Phantasmal Killer","floor":16.0},{"not_picked":["Infinite Blades","Outmaneuver"],"picked":"Finisher+1","floor":18.0},{"not_picked":["Poisoned Stab+1","Skewer"],"picked":"Prepared","floor":19.0},{"not_picked":["Quick Slash","Bane"],"picked":"Flying Knee","floor":22.0},{"not_picked":["Heel Hook","Choke"],"picked":"Deflect+1","floor":23.0},{"not_picked":["Cloak And Dagger","Blade Dance"],"picked":"Footwork","floor":25.0},{"not_picked":["Crippling Poison+1","Riddle With Holes"],"picked":"Flying Knee","floor":30.0},{"not_picked":["Flying Knee","Dagger Throw"],"picked":"Tactician","floor":31.0}],"player_experience":260641,"relics_obtained":[{"floor":6.0,"key":"Darkstone Periapt"},{"floor":8.0,"key":"Ninja Scroll"},{"floor":9.0,"key":"Centennial Puzzle"},{"floor":10.0,"key":"Juzu Bracelet"},{"floor":17.0,"key":"Oddly Smooth Stone"},{"floor":17.0,"key":"Matryoshka"},{"floor":17.0,"key":"Tingsha"},{"floor":23.0,"key":"Potion Belt"},{"floor":25.0,"key":"Whetstone"},{"floor":26.0,"key":"Orichalcum"},{"floor":26.0,"key":"MawBank"},{"floor":28.0,"key":"Ancient Tea Set"},{"floor":28.0,"key":"Ornamental Fan"}],"event_choices":[{"damage_healed":0.0,"max_hp_gain":0.0,"max_hp_loss":0.0,"gold_gain":0.0,"event_name":"Upgrade Shrine","player_choice":"Upgraded","floor":2.0,"gold_loss":0.0,"damage_taken":0.0,"cards_upgraded":["Neutralize"]},{"damage_healed":0.0,"max_hp_gain":0.0,"max_hp_loss":0.0,"gold_gain":0.0,"event_name":"Golden Idol","player_choice":"Take Wound","floor":11.0,"gold_loss":0.0,"damage_taken":0.0,"relics_obtained":["Golden Idol"],"cards_obtained":["Injury"]},{"damage_healed":0.0,"max_hp_gain":0.0,"max_hp_loss":0.0,"gold_gain":100.0,"event_name":"Golden Shrine","player_choice":"Pray","floor":21.0,"gold_loss":0.0,"damage_taken":0.0}],"is_beta":false,"boss_relics":[{"not_picked":["Empty Cage","Velvet Choker"],"picked":"Calling Bell"}],"items_purged_floors":[20,27],"is_endless":false,"potions_floor_spawned":[3,4,10,14,16,22,23,25,30],"killed_by":"Automaton","ascension_level":4}