{"gold_per_floor":[144,16,191,236,281,281,371,416,416,461,10,10,59,108,108,433,433,482,531,580,629,678,678,776,776,776,89,138,187,187,236,236,561,561,610,659,708,757,757,855,855,904,904,26,33,33,82,131,131,131],"floor_reached":51,"playtime":5808,"items_purged":["Doubt","Writhe"],"score":761,"play_id":"c01bb530-3f37-485a-82f0-651ad3919b48","local_time":"20180725001736","daily_mods":["Diverse","Midas","Uncertain Future"],"is_ascension_mode":false,"campfire_choices":[{"floor":6,"key":"REST"},{"floor":15,"key":"REST"},{"floor":23,"key":"REST"},{"floor":32,"key":"REST"},{"floor":46,"key":"REST"},{"floor":49,"key":"REST"}],"neow_cost":"","seed_source_timestamp":0,"circlet_count":0,"master_deck":["Defend_R","Defend_R","Defend_R","Defend_R","Bash","Warcry","Streamline","Metallicize","Static Discharge","Beam Cell","Offering","Combust","Self Repair","Leap","Sweeping Beam","Seek","Conserve Battery+1","Endless Agony+1","Anger","Backstab+1","Blur+1","Scrape+1","Beam Cell+1","Turbo","Caltrops","Slice+1","Uppercut+1","Bite+1","Bite+1","Bite+1","Bite+1","Bite+1","Shrug It Off","Core Surge+1","Warcry+1","Disarm+1","Swift Strike+1","Apotheosis","Bandage Up","Steam Power","Anger+1","Noxious Fumes","Go for the Eyes+1","Clothesline+1","Inflame+1","Prepared+1"],"special_seed":17736,"relics":["Burning Blood","Potion Belt","Nunchaku","Bag of Preparation","Omamori","Golden Idol","Runic Cube","Shuriken","Necronomicon","Molten Egg 2","Bag of Marbles","Cursed Key","Red Skull","Dodecahedron","HandDrill","Gambling Chip","Magic Flower"],"potions_floor_usage":[8,8,14,18,18,18,18,20,22,24,24,28,28,28,31,35,41,50,50,50],"damage_taken":[{"damage":7,"enemies":"2 Louse","floor":1,"turns":3},{"damage":5,"enemies":"Jaw Worm","floor":4,"turns":4},{"damage":5,"enemies":"Cultist","floor":5,"turns":4},{"damage":18,"enemies":"3 Sentries","floor":7,"turns":8},{"damage":25,"enemies":"Exordium Thugs","floor":8,"turns":2},{"damage":0,"enemies":"Large Slime","floor":10,"turns":7},{"damage":21,"enemies":"Looter","floor":13,"turns":3},{"damage":6,"enemies":"3 Louse","floor":14,"turns":3},{"damage":68,"enemies":"Hexaghost","floor":16,"turns":9},{"damage":5,"enemies":"3 Byrds","floor":18,"turns":4},{"damage":42,"enemies":"2 Thieves","floor":19,"turns":4},{"damage":24,"enemies":"Snake Plant","floor":20,"turns":3},{"damage":18,"enemies":"Centurion and Healer","floor":21,"turns":7},{"damage":22,"enemies":"Sentry and Sphere","floor":22,"turns":5},{"damage":32,"enemies":"Gremlin Leader","floor":24,"turns":7},{"damage":10,"enemies":"Slaver and Parasite","floor":28,"turns":4},{"damage":5,"enemies":"Cultist and Chosen","floor":29,"turns":4},{"damage":10,"enemies":"Snake Plant","floor":31,"turns":2},{"damage":44,"enemies":"Champ","floor":33,"turns":8},{"damage":0,"enemies":"3 Darklings","floor":35,"turns":2},{"damage":8,"enemies":"3 Shapes","floor":36,"turns":3},{"damage":2,"enemies":"Maw","floor":37,"turns":6},{"damage":5,"enemies":"Spire Growth","floor":38,"turns":3},{"damage":12,"enemies":"2 Orb Walkers","floor":40,"turns":2},{"damage":0,"enemies":"Transient","floor":41,"turns":1},{"damage":5,"enemies":"Flame Bruiser 2 Orb","floor":42,"turns":2},{"damage":18,"floor":45,"turns":3},{"damage":2,"enemies":"Sphere and 2 Shapes","floor":47,"turns":4},{"damage":2,"enemies":"3 Darklings","floor":48,"turns":4},{"damage":54,"enemies":"Time Eater","floor":50,"turns":8}],"seed_played":"-218002140433653239","potions_obtained":[{"floor":4,"key":"SteroidPotion"},{"floor":7,"key":"PowerPotion"},{"floor":8,"key":"Block Potion"},{"floor":16,"key":"EntropicBrew"},{"floor":18,"key":"SteroidPotion"},{"floor":21,"key":"Fire Potion"},{"floor":28,"key":"Weak Potion"},{"floor":33,"key":"Strength Potion"},{"floor":36,"key":"Weak Potion"},{"floor":37,"key":"SmokeBomb"},{"floor":38,"key":"GamblersBrew"}],"is_trial":false,"path_per_floor":["M","$","?","M","M","R","E","M","T","M","$","?","M","M","R","B",null,"M","M","M","M","M","R","E","?","T","$","M","M","?","M","R","B",null,"M","M","M","M","?","E","M","M","T","$","?","R","M","M","R","B"],"character_chosen":"IRONCLAD","items_purchased":["Streamline","Metallicize","Self Repair","Bag of Preparation","Omamori","Blood Vial","BloodPotion","Bag of Marbles","Scrape+1","Beam Cell+1","Turbo","Caltrops","Explosive Potion","PowerPotion","Noxious Fumes","Go for the Eyes+1","HandDrill","Gambling Chip","SteroidPotion","FearPotion","GamblersBrew"],"campfire_rested":6,"item_purchase_floors":[2,2,11,11,11,27,27,27,27,27,27,27,27,27,44,44,44,44,44,44,44],"current_hp_per_floor":[79,79,79,80,80,80,68,49,49,55,55,55,47,54,78,23,80,80,44,33,28,19,43,24,8,8,8,21,24,24,26,50,33,80,80,80,80,80,70,70,76,80,80,80,80,80,80,80,80,54],"gold":131,"neow_bonus":"","is_prod":false,"is_daily":true,"chose_seed":false,"campfire_upgraded":0,"win_rate":0,"timestamp":1532449056,"path_taken":["M","$","?","M","M","R","E","M","T","M","?","?","M","M","R","BOSS","M","M","M","M","M","R","E","?","T","$","M","?","?","M","R","BOSS","M","M","M","M","?","E","M","M","T","$","?","R","?","M","R","BOSS"],"build_version":"2018-07-19v2","purchased_purges":2,"victory":true,"max_hp_per_floor":[80,80,80,80,80,80,80,80,80,80,80,80,80,80,80,80,80,80,80,80,80,80,80,80,80,80,80,80,80,80,80,80,80,80,80,80,80,80,80,80,80,80,80,80,80,80,80,80,80,80],"card_choices":[{"not_picked":["Underhanded Strike","Body Slam"],"picked":"Warcry","floor":1},{"not_picked":["Expertise","Disarm"],"picked":"Static Discharge","floor":4},{"not_picked":["Lockon","Dodge and Roll"],"picked":"Beam Cell","floor":5},{"not_picked":["Calculated Gamble","All For One"],"picked":"Offering","floor":7},{"not_picked":["True Grit","Concentrate","Blizzard"],"picked":"SKIP","floor":8},{"not_picked":["Deflect","Poisoned Stab"],"picked":"Combust","floor":10},{"not_picked":["Cold Snap","Stack"],"picked":"Leap","floor":13},{"not_picked":["Outmaneuver","Clash"],"picked":"Sweeping Beam","floor":14},{"not_picked":["Barricade","Biased Cognition"],"picked":"Seek","floor":16},{"not_picked":["Havoc","Armaments"],"picked":"Conserve Battery+1","floor":18},{"not_picked":["Body Slam+1","Outmaneuver"],"picked":"Endless Agony+1","floor":19},{"not_picked":["Quick Slash","Leap+1"],"picked":"Anger","floor":20},{"not_picked":["Catalyst","Clash","Barrage+1"],"picked":"SKIP","floor":21},{"not_picked":["Finisher","Blizzard"],"picked":"Backstab+1","floor":22},{"not_picked":["Phantasmal Killer","Carnage+1"],"picked":"Blur+1","floor":24},{"not_picked":["Streamline+1","Accuracy"],"picked":"Slice+1","floor":28},{"not_picked":["Feel No Pain","Sucker Punch+1"],"picked":"Uppercut+1","floor":29},{"not_picked":["Redo","Underhanded Strike+1"],"picked":"Shrug It Off","floor":31},{"not_picked":["Multi-Cast","Grand Finale+1"],"picked":"Core Surge+1","floor":33},{"not_picked":["Capacitor","Reflex","Second Wind+1"],"picked":"SKIP","floor":35},{"not_picked":["Blur","Auto Shields"],"picked":"Warcry+1","floor":36},{"not_picked":["Infernal Blade","Cold Snap+1","Blizzard+1"],"picked":"SKIP","floor":37},{"not_picked":["Accuracy","Flying Knee+1"],"picked":"Disarm+1","floor":38},{"not_picked":["Madness","Deep Breath"],"picked":"Swift Strike+1","floor":39},{"not_picked":["Panacea","Blind"],"picked":"Apotheosis","floor":39},{"not_picked":["Trip","Panache"],"picked":"Bandage Up","floor":39},{"not_picked":["Deflect+1","Metallicize"],"picked":"Steam Power","floor":40},{"not_picked":["Dagger Throw+1","Tempest"],"picked":"Anger+1","floor":42},{"not_picked":["Shockwave+1","Cloak And Dagger"],"picked":"Clothesline+1","floor":45},{"not_picked":["Poisoned Stab+1","Whirlwind+1"],"picked":"Inflame+1","floor":47},{"not_picked":["Outmaneuver","Chaos+1"],"picked":"Prepared+1","floor":48}],"player_experience":809454,"relics_obtained":[{"floor":7,"key":"Potion Belt"},{"floor":9,"key":"Nunchaku"},{"floor":24,"key":"Shuriken"},{"floor":25,"key":"Necronomicon"},{"floor":26,"key":"Molten Egg 2"},{"floor":40,"key":"Red Skull"},{"floor":43,"key":"Dodecahedron"},{"floor":45,"key":"Magic Flower"}],"event_choices":[{"event_name":"Liars Game","player_choice":"agreed","floor":3,"damage_taken":0},{"event_name":"Golden Idol","player_choice":"Take Wound","floor":12,"damage_taken":0},{"event_name":"Cursed Tome","player_choice":"Obtained Book","floor":25,"damage_taken":0},{"event_name":"Vampires","player_choice":"Became a vampire (Vial)","floor":30,"damage_taken":0},{"event_name":"SensoryStone","player_choice":"Memory 3","floor":39,"damage_taken":0},{"event_name":"Mysterious Sphere","player_choice":"Fight","floor":45,"damage_taken":0}],"is_beta":false,"boss_relics":[{"not_picked":["Sozu","Eternal Feather"],"picked":"Runic Cube"},{"not_picked":["Lizard Tail","Black Star"],"picked":"Cursed Key"}],"items_purged_floors":[11,44],"is_endless":false,"potions_floor_spawned":[4,7,8,16,18,21,28,33,36,37,38,41],"ascension_level":0}