{"gold_per_floor":[111,121,133,16,35,70,70,70,145,177,189,222,242,269,269,365,365,377,396,396,407,23,23,57,70,116,147,162,162,191,209,209,311,311,325,139,139,153,163,163,188,188,214,244,244,244,72,72,72,72,72,72,72,105,105],"floor_reached":56,"playtime":6824,"items_purged":["Strike_B","Thunder Strike"],"score":1531,"play_id":"8aca859f-954c-4867-a7ee-48e68b45d82c","local_time":"20190915202515","is_ascension_mode":true,"campfire_choices":[{"data":"Biased Cognition","floor":7.0,"key":"SMITH"},{"data":"Dualcast","floor":15.0,"key":"SMITH"},{"data":"Panacea","floor":23.0,"key":"SMITH"},{"data":"Defragment","floor":32.0,"key":"SMITH"},{"data":"Echo Form","floor":40.0,"key":"SMITH"},{"data":"Enlightenment","floor":42.0,"key":"SMITH"},{"floor":49.0,"key":"RECALL"},{"data":"1","floor":52.0,"key":"LIFT"}],"neow_cost":"NONE","seed_source_timestamp":99613063421700,"circlet_count":0,"master_deck":["Strike_B+1","Defend_B+1","Defend_B+1","Defend_B+1","Defend_B+1","Zap+1","Dualcast+1","Cold Snap+1","Beam Cell+1","Biased Cognition+1","Panacea+1","Leap+1","Coolheaded+1","Rebound+1","Doom and Gloom+1","Steam+1","Defragment+1","Glacier+1","Redo+1","Reboot+1","FTL+1","Auto Shields+1","Barrage+1","Hologram+1","Reprogram+1","Buffer+1","Echo Form+1","Enlightenment+1","Flash of Steel+1","Madness+1","Violence+1","Biased Cognition+1","Redo+1","Thinking Ahead+1","Blizzard"],"special_seed":0,"relics":["Cracked Core","Girya","Symbiotic Virus","Anchor","Bronze Scales","Pear","SlaversCollar","Emotion Chip","Centennial Puzzle","Lantern","TungstenRod","Nuclear Battery","Mercury Hourglass","Toy Ornithopter","Happy Flower","Mark of the Bloom","Turnip"],"potions_floor_usage":[55],"damage_taken":[{"damage":0.0,"enemies":"Small Slimes","floor":1.0,"turns":2.0},{"damage":0.0,"enemies":"Cultist","floor":2.0,"turns":3.0},{"damage":0.0,"enemies":"2 Louse","floor":3.0,"turns":1.0},{"damage":13.0,"enemies":"Large Slime","floor":5.0,"turns":3.0},{"damage":11.0,"enemies":"3 Sentries","floor":6.0,"turns":9.0},{"damage":13.0,"enemies":"Gremlin Nob","floor":10.0,"turns":3.0},{"damage":1.0,"enemies":"2 Fungi Beasts","floor":11.0,"turns":4.0},{"damage":14.0,"enemies":"3 Sentries","floor":12.0,"turns":6.0},{"damage":1.0,"enemies":"Lots of Slimes","floor":13.0,"turns":4.0},{"damage":0.0,"enemies":"Gremlin Nob","floor":14.0,"turns":4.0},{"damage":23.0,"enemies":"Hexaghost","floor":16.0,"turns":7.0},{"damage":0.0,"enemies":"Chosen","floor":18.0,"turns":4.0},{"damage":0.0,"enemies":"Spheric Guardian","floor":19.0,"turns":3.0},{"damage":19.0,"enemies":"Centurion and Healer","floor":21.0,"turns":5.0},{"damage":11.0,"enemies":"Slavers","floor":24.0,"turns":6.0},{"damage":4.0,"enemies":"Snake Plant","floor":25.0,"turns":3.0},{"damage":6.0,"enemies":"Book of Stabbing","floor":27.0,"turns":4.0},{"damage":0.0,"enemies":"Chosen and Byrds","floor":28.0,"turns":4.0},{"damage":6.0,"enemies":"Slavers","floor":30.0,"turns":8.0},{"damage":0.0,"enemies":"Centurion and Healer","floor":31.0,"turns":10.0},{"damage":24.0,"enemies":"Automaton","floor":33.0,"turns":10.0},{"damage":8.0,"enemies":"Orb Walker","floor":35.0,"turns":3.0},{"damage":0.0,"enemies":"3 Shapes","floor":38.0,"turns":2.0},{"damage":17.0,"enemies":"Transient","floor":39.0,"turns":5.0},{"damage":19.0,"enemies":"Reptomancer","floor":41.0,"turns":9.0},{"damage":0.0,"enemies":"Giant Head","floor":44.0,"turns":10.0},{"damage":0.0,"enemies":"Awakened One","floor":50.0,"turns":9.0},{"damage":9.0,"enemies":"Shield and Spear","floor":54.0,"turns":6.0},{"damage":11,"enemies":"The Heart","floor":55,"turns":15}],"seed_played":"-3506609099270033315","potions_obtained":[{"floor":2.0,"key":"FocusPotion"},{"floor":5.0,"key":"EssenceOfSteel"},{"floor":6.0,"key":"Regen Potion"},{"floor":10.0,"key":"SpeedPotion"},{"floor":16.0,"key":"Weak Potion"},{"floor":21.0,"key":"Poison Potion"},{"floor":27.0,"key":"DuplicationPotion"},{"floor":33.0,"key":"EssenceOfSteel"},{"floor":39.0,"key":"Energy Potion"}],"is_trial":false,"path_per_floor":["M","M","M","$","M","E","R","?","T","E","M","E","M","E","R","B",null,"M","M","?","M","$","R","E","M","T","E","M","?","E","M","R","B",null,"M","$","?","M","M","R","E","R","T","E","?","?","$","?","R","B",null,"R","$","E","B",null],"character_chosen":"DEFECT","items_purchased":["Panacea","Leap","Emotion Chip","Enlightenment","Thinking Ahead"],"campfire_rested":0,"item_purchase_floors":[4,4,22,36,47],"current_hp_per_floor":[82,82,82,82,69,58,58,58,58,54,53,39,38,48,48,25,92,92,92,92,73,73,73,62,58,58,52,52,52,46,46,46,22,92,84,84,75,75,58,58,39,39,39,39,39,39,39,39,39,39,39,39,39,30,19],"gold":105,"neow_bonus":"TEN_PERCENT_HP_BONUS","is_prod":false,"is_daily":false,"chose_seed":false,"campfire_upgraded":6,"win_rate":0,"timestamp":1568571915,"path_taken":["M","M","M","$","M","E","R","?","T","E","M","E","M","E","R","BOSS","M","?","?","M","$","R","E","M","T","E","?","?","E","M","R","BOSS","M","$","?","M","M","R","E","R","T","E","?","?","$","?","R","BOSS","R","$","E","BOSS"],"build_version":"2019-09-12","purchased_purges":2,"victory":true,"max_hp_per_floor":[82,82,82,82,82,82,82,82,82,82,82,82,82,92,92,92,92,92,92,92,92,92,92,92,92,92,92,92,92,92,92,92,92,92,92,92,92,92,92,92,92,92,92,92,92,92,92,92,92,92,92,92,92,92,92],"card_choices":[{"not_picked":["Turbo","Hologram"],"picked":"Cold Snap","floor":1.0},{"not_picked":["Coolheaded","Rebound"],"picked":"Beam Cell","floor":2.0},{"not_picked":["Compile Driver","Streamline"],"picked":"Biased Cognition","floor":3.0},{"not_picked":["Steam","Chaos"],"picked":"Coolheaded","floor":5.0},{"not_picked":["Gash","Go for the Eyes"],"picked":"Rebound","floor":6.0},{"not_picked":["Gash","Consume"],"picked":"Doom and Gloom","floor":10.0},{"not_picked":["Hello World","Sweeping Beam"],"picked":"Steam","floor":11.0},{"not_picked":["Redo","Rebound"],"picked":"Defragment","floor":12.0},{"not_picked":["Auto Shields","Sweeping Beam"],"picked":"Glacier","floor":13.0},{"not_picked":["Rainbow","Turbo"],"picked":"Redo","floor":14.0},{"not_picked":["Meteor Strike","Thunder Strike"],"picked":"Reboot","floor":16.0},{"not_picked":["Barrage","Genetic Algorithm+1"],"picked":"FTL+1","floor":18.0},{"not_picked":["Doom and Gloom","Blizzard"],"picked":"Auto Shields","floor":19.0},{"not_picked":["Compile Driver","Ball Lightning+1"],"picked":"Barrage+1","floor":21.0},{"not_picked":["Coolheaded","Leap+1"],"picked":"Hologram+1","floor":24.0},{"not_picked":["Compile Driver","Gash","Consume"],"picked":"SKIP","floor":25.0},{"not_picked":["Tempest+1","Skim"],"picked":"Reprogram+1","floor":27.0},{"not_picked":["Turbo","Genetic Algorithm"],"picked":"Buffer","floor":28.0},{"not_picked":["FTL+1","Hologram","Chill"],"picked":"SKIP","floor":30.0},{"not_picked":["Gash","Beam Cell","Steam+1"],"picked":"SKIP","floor":31.0},{"not_picked":["Meteor Strike","Rainbow"],"picked":"Echo Form","floor":33.0},{"not_picked":["Redo","Streamline","Rebound+1"],"picked":"SKIP","floor":35.0},{"not_picked":["Blind","Trip"],"picked":"Flash of Steel","floor":37.0},{"not_picked":["Bandage Up","Purity"],"picked":"Madness","floor":37.0},{"not_picked":["Panacea","Impatience"],"picked":"Violence","floor":37.0},{"not_picked":["Consume","Double Energy+1","Ball Lightning+1"],"picked":"SKIP","floor":38.0},{"not_picked":["Stack+1","Auto Shields+1","Hologram"],"picked":"SKIP","floor":39.0},{"not_picked":["Hyperbeam","Chaos+1"],"picked":"Biased Cognition","floor":41.0},{"not_picked":["Reprogram","Compile Driver"],"picked":"Redo+1","floor":44.0},{"not_picked":["Sunder+1","Steam"],"picked":"Blizzard","floor":54.0}],"player_experience":237053,"relics_obtained":[{"floor":6.0,"key":"Girya"},{"floor":9.0,"key":"Symbiotic Virus"},{"floor":10.0,"key":"Anchor"},{"floor":12.0,"key":"Bronze Scales"},{"floor":14.0,"key":"Pear"},{"floor":24.0,"key":"Centennial Puzzle"},{"floor":27.0,"key":"Lantern"},{"floor":30.0,"key":"TungstenRod"},{"floor":41.0,"key":"Mercury Hourglass"},{"floor":43.0,"key":"Toy Ornithopter"},{"floor":44.0,"key":"Happy Flower"},{"floor":54.0,"key":"Turnip"}],"event_choices":[{"damage_healed":0.0,"max_hp_gain":0.0,"max_hp_loss":0.0,"gold_gain":0.0,"cards_transformed":["Strike_B"],"event_name":"Transmorgrifier","player_choice":"Transformed","floor":8.0,"gold_loss":0.0,"damage_taken":0.0,"cards_obtained":["Thunder Strike"]},{"cards_removed":["Strike_B"],"damage_healed":0.0,"max_hp_gain":0.0,"max_hp_loss":0.0,"gold_gain":0.0,"event_name":"Purifier","player_choice":"Purged","floor":20.0,"gold_loss":0.0,"damage_taken":0.0},{"damage_healed":0.0,"max_hp_gain":0.0,"max_hp_loss":0.0,"gold_gain":0.0,"event_name":"Vampires","player_choice":"Ignored","floor":29.0,"gold_loss":0.0,"damage_taken":0.0},{"damage_healed":0.0,"max_hp_gain":0.0,"max_hp_loss":0.0,"gold_gain":0.0,"event_name":"SensoryStone","player_choice":"Memory 3","floor":37.0,"gold_loss":0.0,"damage_taken":10.0},{"damage_healed":0.0,"max_hp_gain":0.0,"max_hp_loss":0.0,"gold_gain":0.0,"event_name":"Tomb of Lord Red Mask","player_choice":"Ignored","floor":45.0,"gold_loss":0.0,"damage_taken":0.0},{"damage_healed":0.0,"max_hp_gain":0.0,"max_hp_loss":0.0,"gold_gain":0.0,"event_name":"The Moai Head","player_choice":"Ignored","floor":46.0,"gold_loss":0.0,"damage_taken":0.0},{"damage_healed":0.0,"max_hp_gain":0.0,"max_hp_loss":0.0,"gold_gain":0.0,"event_name":"MindBloom","player_choice":"Upgrade","floor":48.0,"gold_loss":0.0,"damage_taken":0.0,"cards_upgraded":["Strike_B","Defend_B","Defend_B","Defend_B","Defend_B","Zap","Cold Snap","Beam Cell","Leap","Coolheaded","Rebound","Doom and Gloom","Steam","Glacier","Redo","Reboot","Auto Shields","Buffer","Flash of Steel","Madness","Violence","Biased Cognition","Thinking Ahead"],"relics_obtained":["Mark of the Bloom"]}],"is_beta":true,"boss_relics":[{"not_picked":["Cursed Key","Snecko Eye"],"picked":"SlaversCollar"},{"not_picked":["Astrolabe","Runic Dome"],"picked":"Nuclear Battery"}],"items_purged_floors":[22,36],"is_endless":false,"potions_floor_spawned":[2,5,6,10,16,18,21,27,33,39],"ascension_level":3}