{"gold_per_floor":[111,111,111,130,153,153,177,177,177,197,197,238,238,259,259,383,383,404,319,12,12,27,27,60,60,108,108,133,133,152,152,152,277,340,364,289,0,0,15,15,55,55,55,75,75,88,88,112,112,112],"floor_reached":51,"playtime":1903,"items_purged":["Strike_R"],"score":768,"play_id":"2ad29621-515a-4c7a-8e29-8878195e2072","local_time":"20180806215140","is_ascension_mode":false,"campfire_choices":[{"data":"Thunderclap","floor":6,"key":"SMITH"},{"data":"Clash","floor":8,"key":"SMITH"},{"data":"Whirlwind","floor":13,"key":"SMITH"},{"data":"Anger","floor":15,"key":"SMITH"},{"data":"Flex","floor":23,"key":"SMITH"},{"floor":25,"key":"REST"},{"data":"Seeing Red","floor":27,"key":"SMITH"},{"data":"Dropkick","floor":29,"key":"SMITH"},{"data":"Bash","floor":32,"key":"SMITH"},{"data":"Panache","floor":40,"key":"SMITH"},{"data":"Defend_R","floor":47,"key":"SMITH"},{"data":"Strike_R","floor":49,"key":"SMITH"}],"neow_cost":"NONE","seed_source_timestamp":3619235306381,"circlet_count":0,"master_deck":["Strike_R","Strike_R","Strike_R+1","Defend_R","Defend_R","Defend_R+1","Defend_R+1","Bash+1","Thunderclap+1","Dropkick+1","Clash+1","Whirlwind+1","Anger+1","Seeing Red+1","Flex+1","Rampage+1","Sword Boomerang+1","Pommel Strike+1","Twin Strike+1","Immolate+1","Twin Strike+1","Iron Wave+1","Purity","Panache+1","Infernal Blade+1","Anger+1","Anger+1","Writhe","Clash+1","Battle Trance+1"],"relics":["Burning Blood","Bag of Preparation","Golden Idol","Red Skull","Mango","Vajra","Du-Vu Doll","Sozu","Molten Egg 2","Paper Frog","Letter Opener","Orichalcum","Tiny House","Red Mask","Unceasing Top","Pen Nib","Bottled Lightning"],"potions_floor_usage":[4,24],"damage_taken":[{"damage":5,"enemies":"Small Slimes","floor":1,"turns":3},{"damage":7,"enemies":"2 Louse","floor":4,"turns":3},{"damage":6,"enemies":"Cultist","floor":7,"turns":3},{"damage":0,"enemies":"Gremlin Gang","floor":10,"turns":3},{"damage":17,"enemies":"3 Sentries","floor":12,"turns":5},{"damage":7,"enemies":"Blue Slaver","floor":14,"turns":2},{"damage":0,"enemies":"Slime Boss","floor":16,"turns":6},{"damage":5,"enemies":"Spheric Guardian","floor":18,"turns":3},{"damage":20,"enemies":"2 Thieves","floor":22,"turns":2},{"damage":45,"enemies":"Book of Stabbing","floor":24,"turns":5},{"damage":11,"enemies":"Centurion and Healer","floor":28,"turns":4},{"damage":5,"enemies":"Sentry and Sphere","floor":30,"turns":3},{"damage":88,"enemies":"Champ","floor":33,"turns":8},{"damage":4,"enemies":"Orb Walker","floor":35,"turns":2},{"damage":0,"enemies":"3 Darklings","floor":39,"turns":3},{"damage":39,"enemies":"Giant Head","floor":41,"turns":6},{"damage":0,"enemies":"Sphere and 2 Shapes","floor":44,"turns":1},{"damage":0,"enemies":"4 Shapes","floor":46,"turns":2},{"damage":6,"enemies":"Flame Bruiser 2 Orb","floor":48,"turns":2},{"damage":100,"enemies":"Donu and Deca","floor":50,"turns":8}],"seed_played":"4193016007930217534","potions_obtained":[{"floor":3,"key":"Fruit Juice"},{"floor":3,"key":"Block Potion"},{"floor":4,"key":"SteroidPotion"}],"is_trial":false,"path_per_floor":["M","?","?","M","T","R","M","R","T","M","?","E","R","M","R","B",null,"M","?","$","?","M","R","E","R","T","R","M","R","M","?","R","B",null,"M","$","?","?","M","R","E","T","T","M","?","M","R","M","R","B"],"character_chosen":"IRONCLAD","items_purchased":["Paper Frog","Flex"],"campfire_rested":1,"item_purchase_floors":[20,20],"current_hp_per_floor":[80,60,60,64,64,64,64,64,78,84,66,55,55,54,54,60,99,99,99,99,99,85,85,46,75,75,75,70,70,71,99,99,17,104,104,104,104,99,104,104,71,71,71,77,103,104,104,104,104,10],"gold":112,"neow_bonus":"RANDOM_COMMON_RELIC","is_prod":false,"is_daily":false,"chose_seed":false,"campfire_upgraded":11,"win_rate":0,"timestamp":1533606700,"path_taken":["M","?","?","M","?","R","M","R","T","M","?","E","R","M","R","BOSS","M","?","$","?","M","R","E","R","T","R","?","R","M","?","R","BOSS","M","$","?","?","?","R","E","?","T","?","?","M","R","M","R","BOSS"],"build_version":"2018-08-02","purchased_purges":1,"victory":true,"max_hp_per_floor":[80,80,80,85,85,85,85,85,99,99,99,99,99,99,99,99,99,99,99,99,99,99,99,99,99,99,99,99,99,99,99,99,99,104,104,104,104,104,104,104,104,104,104,104,104,104,104,104,104,104],"card_choices":[{"not_picked":["Cleave","Ghostly Armor"],"picked":"Thunderclap","floor":1},{"not_picked":["Perfected Strike","Wild Strike"],"picked":"Dropkick","floor":4},{"not_picked":["Second Wind","Sentinel"],"picked":"Clash","floor":7},{"not_picked":["Body Slam","Rage","Havoc"],"picked":"SKIP","floor":10},{"not_picked":["Reaper","Cleave"],"picked":"Whirlwind","floor":12},{"not_picked":["Sword Boomerang","Dropkick"],"picked":"Anger","floor":14},{"not_picked":["Reckless Charge+1","Body Slam"],"picked":"Seeing Red","floor":18},{"not_picked":["Flex","Headbutt+1"],"picked":"Rampage+1","floor":22},{"not_picked":["Demon Form","Rupture"],"picked":"Sword Boomerang+1","floor":24},{"not_picked":["Shrug It Off","Sword Boomerang+1"],"picked":"Pommel Strike+1","floor":28},{"not_picked":["Thunderclap+1","Demon Form"],"picked":"Twin Strike+1","floor":30},{"not_picked":["Impervious","Double Tap"],"picked":"Immolate+1","floor":33},{"not_picked":["Cleave+1","Battle Trance"],"picked":"Twin Strike+1","floor":34},{"not_picked":["Body Slam+1","Second Wind"],"picked":"Iron Wave+1","floor":35},{"not_picked":["Secret Weapon","Jack Of All Trades"],"picked":"Purity","floor":38},{"not_picked":["Sadistic Nature","Secret Technique"],"picked":"Panache","floor":38},{"not_picked":["Corruption","Body Slam+1"],"picked":"Infernal Blade+1","floor":39},{"not_picked":["Sever Soul+1","Body Slam+1"],"picked":"Anger+1","floor":41},{"not_picked":["Thunderclap+1","Reckless Charge+1"],"picked":"Anger+1","floor":44},{"not_picked":["Intimidate","Impervious"],"picked":"Clash+1","floor":46},{"not_picked":["Havoc+1","Sentinel"],"picked":"Battle Trance+1","floor":48}],"player_experience":107385,"relics_obtained":[{"floor":5,"key":"Red Skull"},{"floor":9,"key":"Mango"},{"floor":12,"key":"Du-Vu Doll"},{"floor":24,"key":"Letter Opener"},{"floor":26,"key":"Orichalcum"},{"floor":41,"key":"Unceasing Top"},{"floor":42,"key":"Pen Nib"},{"floor":43,"key":"Bottled Lightning"}],"event_choices":[{"event_name":"Golden Idol","player_choice":"Take Damage","floor":2,"damage_taken":0},{"event_name":"The Lab","player_choice":"Got Potions","floor":3,"damage_taken":0},{"event_name":"Scrap Ooze","player_choice":"success","floor":11,"damage_taken":18},{"event_name":"Addict","player_choice":"Obtained Relic","floor":19,"damage_taken":0},{"event_name":"Transmorgrifier","player_choice":"Transform","floor":21,"damage_taken":0},{"event_name":"Bonfire Elementals","player_choice":"UNCOMMON","floor":31,"damage_taken":0},{"event_name":"Tomb of Lord Red Mask","player_choice":"Paid","floor":37,"damage_taken":0},{"event_name":"SensoryStone","player_choice":"Memory 2","floor":38,"damage_taken":0},{"event_name":"Winding Halls","player_choice":"Writhe","floor":45,"damage_taken":0}],"is_beta":false,"boss_relics":[{"not_picked":["Runic Dome","Velvet Choker"],"picked":"Sozu"},{"not_picked":["Orrery","Snecko Eye"],"picked":"Tiny House"}],"items_purged_floors":[36],"is_endless":false,"potions_floor_spawned":[4,16,22,28,30,39,44,46],"ascension_level":0}