{"path_per_floor":["M","?","M","?","?","E","M","M","T","R","M","?","?","E","R","B",null,"M","?","?","M","M","E"],"character_chosen":"IRONCLAD","items_purchased":[],"gold_per_floor":[109,109,124,124,124,152,170,189,237,237,255,355,355,381,381,478,478,444,444,444,457,467,502],"floor_reached":24,"campfire_rested":2,"playtime":2575,"current_hp_per_floor":[78,62,68,68,73,23,23,21,28,55,58,58,63,39,66,27,92,79,79,64,70,55,7],"items_purged":[],"gold":502,"play_id":"a4895c8c-42c7-4c16-99d6-57794932f808","is_prod":false,"is_daily":false,"is_ascension_mode":false,"campfire_upgraded":0,"path_taken":["M","?","M","?","?","E","M","?","T","R","M","?","?","E","R","BOSS","M","?","?","?","M","E","M"],"build_version":"2018-01-25-PROD3","purchased_purges":0,"victory":false,"master_deck":["Strike_R","Strike_R","Strike_R","Strike_R","Strike_R+1","Defend_R","Defend_R","Defend_R","Defend_R","Bash+1","Shrug It Off","Flame Barrier+1","Pommel Strike","Blood for Blood","Perfected Strike","Impervious","Metallicize","Barricade","Perfected Strike+1","Writhe","Sever Soul","Dual Wield","Whirlwind"],"max_hp_per_floor":[80,80,80,80,85,85,85,85,92,92,92,92,92,92,92,92,92,92,92,97,97,97,97],"relics":["Burning Blood","Centennial Puzzle","Strawberry","Matryoshka","Velvet Choker","Dream Catcher","Regal Pillow"],"card_choices":[{"not_picked":["Wild Strike","Seeing Red"],"picked":"Shrug It Off"},{"not_picked":["Flex","Combust"],"picked":"Flame Barrier"},{"not_picked":["Clash","Sword Boomerang"],"picked":"Pommel Strike"},{"not_picked":["Headbutt","Flame Barrier"],"picked":"Body Slam"},{"not_picked":["Disarm","Sever Soul"],"picked":"Blood for Blood"},{"not_picked":["Shrug It Off","Anger"],"picked":"Perfected Strike"},{"not_picked":["Hemokinesis","Wild Strike"],"picked":"Impervious"},{"not_picked":["Cleave","Disarm"],"picked":"Metallicize"},{"not_picked":["Brutality","Impervious"],"picked":"Barricade"},{"not_picked":["Metallicize","Searing Blow"],"picked":"Perfected Strike"},{"not_picked":["Clothesline","Wild Strike"],"picked":"Sever Soul"},{"not_picked":["Uppercut","Thunderclap"],"picked":"Dual Wield"},{"not_picked":["Shrug It Off","Headbutt"],"picked":"Whirlwind"}],"player_experience":47857,"potions_floor_usage":[],"damage_taken":[{"damage":8.0,"enemies":"Jaw Worm","floor":1.0,"turns":5.0},{"damage":0.0,"enemies":"Small Slimes","floor":3.0,"turns":4.0},{"damage":56.0,"enemies":"Gremlin Nob","floor":6.0,"turns":6.0},{"damage":6.0,"enemies":"Cultist","floor":7.0,"turns":3.0},{"damage":8.0,"enemies":"2 Fungi Beasts","floor":8.0,"turns":3.0},{"damage":3.0,"enemies":"Red Slaver","floor":11.0,"turns":5.0},{"damage":30.0,"enemies":"3 Sentries","floor":14.0,"turns":9.0},{"damage":45.0,"enemies":"Slime Boss","floor":16.0,"turns":17.0},{"damage":19,"enemies":"2 Thieves","floor":18,"turns":5},{"damage":0,"enemies":"3 Byrds","floor":21,"turns":1},{"damage":21,"enemies":"Snake Plant","floor":22,"turns":4},{"damage":54,"enemies":"Slavers","floor":23,"turns":8},{"damage":15,"enemies":"Slaver and Parasite","floor":24,"turns":2}],"event_choices":[{"event_name":"Shining Light","player_choice":"Entered Light","floor":2.0,"damage_taken":0.0},{"event_name":"Living Wall","player_choice":"Grow","floor":4.0,"damage_taken":0.0},{"event_name":"Big Fish","player_choice":"Donut","floor":5.0,"damage_taken":0.0},{"event_name":"Golden Shrine","player_choice":"Pray","floor":12.0,"damage_taken":0.0},{"event_name":"Bonfire Elementals","player_choice":"COMMON","floor":13.0,"damage_taken":0.0},{"event_name":"The Mausoleum","player_choice":"Yes","floor":19,"damage_taken":0},{"event_name":"Forgotten Altar","player_choice":"Shed Blood","floor":20,"damage_taken":0}],"boss_relics":[],"potions_floor_spawned":[3,7,11,16,18],"seed_played":"1445057565132243395","killed_by":"Slaver and Parasite","ascension_level":0,"is_trial":false}