{"path_per_floor":["M","M","M","?","T","E","M","$","T","$","M","R","M","M","R","B",null,"M","M","M","$","?","R","M","R","T"],"character_chosen":"IRONCLAD","items_purchased":["Rampage","Shrug It Off","Bag of Marbles","Toolbox"],"gold_per_floor":[109,119,132,232,232,260,275,50,50,50,63,63,80,95,95,193,223,235,251,271,33,33,33,49,49,75],"floor_reached":27,"campfire_rested":1,"playtime":6330,"current_hp_per_floor":[70,67,70,70,70,49,55,55,55,55,54,54,59,63,63,47,85,69,59,62,62,46,73,51,51,51],"items_purged":[],"gold":75,"play_id":"86637eec-6559-49e0-b4a9-23b285ebc5c2","is_prod":false,"is_daily":false,"is_ascension_mode":false,"campfire_upgraded":3,"path_taken":["M","?","M","?","?","E","M","$","T","?","?","R","M","M","R","BOSS","M","M","M","$","?","R","M","R","T","M"],"build_version":"2018-02-01-PROD3","purchased_purges":0,"victory":false,"master_deck":["Strike_R","Strike_R","Strike_R","Strike_R","Strike_R","Defend_R","Defend_R","Defend_R","Defend_R","Bash","Double Tap","Anger","Pommel Strike","Heavy Blade","Flame Barrier","Inflame","Rampage+1","Shrug It Off+1","Shrug It Off","Feed","Inflame","Armaments+1","Metallicize","Warcry","Body Slam+1"],"max_hp_per_floor":[80,80,80,80,80,80,80,80,80,80,80,80,80,80,80,80,85,88,91,91,91,91,91,94,94,94],"relics":["Burning Blood","Meat on the Bone","Orichalcum","Bag of Marbles","Ice Cream","Tiny House","Toolbox","Nilry\u0027s Codex","Oddly Smooth Stone"],"card_choices":[{"not_picked":["Cleave","Armaments"],"picked":"Anger"},{"not_picked":["Spot Weakness","Sever Soul"],"picked":"Pommel Strike"},{"not_picked":["Armaments","Pommel Strike"],"picked":"Heavy Blade"},{"not_picked":["Offering","Sever Soul"],"picked":"Flame Barrier"},{"not_picked":["Shockwave","Wild Strike"],"picked":"Inflame"},{"not_picked":["Thunderclap","Armaments"],"picked":"Shrug It Off"},{"not_picked":["Double Tap","Offering"],"picked":"Feed"},{"not_picked":["Uppercut","Body Slam"],"picked":"Inflame"},{"not_picked":["Inflame","Searing Blow"],"picked":"Armaments"},{"not_picked":["Heavy Blade","Thunderclap"],"picked":"Metallicize"},{"not_picked":["Feel No Pain","Reckless Charge"],"picked":"Warcry"},{"not_picked":["Anger","Blood for Blood"],"picked":"Body Slam"}],"player_experience":117134,"potions_floor_usage":[6,13,16,19,19],"damage_taken":[{"damage":16,"enemies":"Blue Slaver","floor":1,"turns":4},{"damage":9,"enemies":"Cultist","floor":2,"turns":4},{"damage":3,"enemies":"Jaw Worm","floor":3,"turns":3},{"damage":27,"enemies":"3 Sentries","floor":6,"turns":6},{"damage":0,"enemies":"Exordium Wildlife","floor":7,"turns":3},{"damage":7,"enemies":"Exordium Thugs","floor":11,"turns":4},{"damage":1,"enemies":"Lots of Slimes","floor":13,"turns":5},{"damage":2,"enemies":"Large Slime","floor":14,"turns":6},{"damage":34,"enemies":"Hexaghost","floor":16,"turns":9},{"damage":25,"enemies":"3 Byrds","floor":18,"turns":5},{"damage":19,"enemies":"Spheric Guardian","floor":19,"turns":6},{"damage":15,"enemies":"Centurion and Healer","floor":20,"turns":7},{"damage":43,"enemies":"Chosen and Byrds","floor":24,"turns":8},{"damage":53,"enemies":"Cultist and Chosen","floor":27,"turns":7}],"event_choices":[{"event_name":"Golden Shrine","player_choice":"Pray","floor":4,"damage_taken":0},{"event_name":"Cursed Tome","player_choice":"Obtained Book","floor":22,"damage_taken":0}],"boss_relics":[{"not_picked":["Snecko Eye","Velvet Choker"],"picked":"Tiny House"}],"potions_floor_spawned":[2,6,11,18],"seed_played":"-3048773246620448752","killed_by":"Cultist and Chosen","ascension_level":0,"is_trial":false}