{"gold_per_floor":[113,113,132,57,73,102,102,135,188,188,218,229,229,248,248,322,322,338,348,180,192,192,219,219,94,117,117,152,152,2,2,2,2],"floor_reached":33,"playtime":3926,"items_purged":["Defend_G","Strike_G","Strike_G","Defend_G"],"score":563,"play_id":"04ea430e-debf-4170-a1ad-7791485eeae2","local_time":"20181009211637","is_ascension_mode":true,"campfire_choices":[{"data":"Poisoned Stab","floor":7.0,"key":"SMITH"},{"data":"Quick Slash","floor":10.0,"key":"SMITH"},{"data":"Bane","floor":13.0,"key":"SMITH"},{"data":"Corpse Explosion","floor":15.0,"key":"SMITH"},{"data":"Footwork","floor":24.0,"key":"SMITH"},{"floor":29.0,"key":"REST"},{"data":"1","floor":32.0,"key":"LIFT"}],"neow_cost":"NONE","seed_source_timestamp":0,"circlet_count":0,"master_deck":["Defend_G","Defend_G","Defend_G","Strike_G","Strike_G","Strike_G","Survivor","Neutralize+1","AscendersBane","Choke","Poisoned Stab+1","Predator","Quick Slash+1","Leg Sweep","Bane+1","Escape Plan","Corpse Explosion+1","Burst","Dodge and Roll","Footwork+1","Ghostly","Ghostly","Ghostly","Ghostly","Ghostly"],"special_seed":0,"relics":["Ring of the Snake","Singing Bowl","Strawberry","Vajra","Sozu","Bottled Tornado","Art of War","Girya","Nloth\u0027s Gift"],"potions_floor_usage":[33,33],"damage_taken":[{"damage":0.0,"enemies":"2 Louse","floor":1.0,"turns":3.0},{"damage":0.0,"enemies":"Cultist","floor":3.0,"turns":3.0},{"damage":0.0,"enemies":"Jaw Worm","floor":5.0,"turns":4.0},{"damage":22.0,"enemies":"Gremlin Nob","floor":6.0,"turns":4.0},{"damage":22.0,"enemies":"Lagavulin","floor":8.0,"turns":6.0},{"damage":3.0,"enemies":"3 Sentries","floor":11.0,"turns":8.0},{"damage":0.0,"enemies":"3 Louse","floor":12.0,"turns":3.0},{"damage":0.0,"enemies":"Large Slime","floor":14.0,"turns":4.0},{"damage":26.0,"enemies":"The Guardian","floor":16.0,"turns":9.0},{"damage":9.0,"enemies":"2 Thieves","floor":18.0,"turns":4.0},{"damage":0.0,"enemies":"3 Byrds","floor":19.0,"turns":2.0},{"damage":4.0,"enemies":"Snecko","floor":21.0,"turns":6.0},{"damage":20.0,"enemies":"Book of Stabbing","floor":23.0,"turns":6.0},{"damage":4.0,"enemies":"Slavers","floor":28.0,"turns":4.0},{"damage":34,"enemies":"Champ","floor":33,"turns":11}],"seed_played":"2513731463631285785","potions_obtained":[{"floor":6.0,"key":"PowerPotion"},{"floor":8.0,"key":"EntropicBrew"},{"floor":16.0,"key":"Explosive Potion"}],"is_trial":false,"path_per_floor":["M","?","M","$","M","E","R","E","T","R","E","M","R","M","R","B",null,"M","M","$","M","?","E","R","$","T","?","E","R","$","?","R"],"character_chosen":"THE_SILENT","items_purchased":["Footwork"],"campfire_rested":1,"item_purchase_floors":[20],"current_hp_per_floor":[63,68,68,68,68,46,46,31,31,31,28,28,28,28,28,2,62,55,55,55,51,35,15,15,15,15,15,13,26,26,26,26,0],"gold":2,"neow_bonus":"UPGRADE_CARD","is_prod":false,"is_daily":false,"chose_seed":false,"campfire_upgraded":5,"win_rate":0,"timestamp":1539112597,"path_taken":["M","?","M","$","M","E","R","E","T","R","E","?","R","M","R","BOSS","M","M","$","M","?","E","R","$","T","?","E","R","$","?","R","BOSS"],"build_version":"2018-10-04v2","purchased_purges":4,"victory":false,"max_hp_per_floor":[70,75,75,75,75,75,75,82,82,82,82,82,82,82,82,82,82,84,84,84,84,89,89,89,89,89,44,46,46,46,46,46,46],"card_choices":[{"not_picked":["Sucker Punch","Deflect"],"picked":"Choke","floor":1.0},{"not_picked":["Dodge and Roll","Sucker Punch"],"picked":"Poisoned Stab","floor":3.0},{"not_picked":["Grand Finale","Underhanded Strike"],"picked":"Predator","floor":5.0},{"not_picked":["Dagger Throw","Eviscerate"],"picked":"Quick Slash","floor":6.0},{"not_picked":["Slice","Poisoned Stab"],"picked":"Leg Sweep","floor":8.0},{"not_picked":["Heel Hook","Poisoned Stab"],"picked":"Bane","floor":11.0},{"not_picked":["Acrobatics","Dagger Spray"],"picked":"Escape Plan","floor":12.0},{"not_picked":["Reflex","Heel Hook"],"picked":"Corpse Explosion","floor":14.0},{"not_picked":["Phantasmal Killer","Envenom"],"picked":"Burst","floor":16.0},{"not_picked":["Underhanded Strike","Quick Slash","PiercingWail"],"picked":"Singing Bowl","floor":18.0},{"not_picked":["Endless Agony","Bane"],"picked":"Dodge and Roll","floor":19.0},{"not_picked":["Blade Dance","Dagger Throw","Concentrate"],"picked":"SKIP","floor":21.0},{"not_picked":["Slice","Underhanded Strike","Dagger Spray"],"picked":"SKIP","floor":23.0},{"not_picked":["Dodge and Roll","Blade Dance","Predator"],"picked":"Singing Bowl","floor":28.0}],"player_experience":235262,"relics_obtained":[{"floor":6.0,"key":"Singing Bowl"},{"floor":8.0,"key":"Strawberry"},{"floor":9.0,"key":"Vajra"},{"floor":11.0,"key":"Gremlin Horn"},{"floor":23.0,"key":"Bottled Tornado"},{"floor":26.0,"key":"Art of War"},{"floor":28.0,"key":"Girya"}],"event_choices":[{"event_name":"Big Fish","player_choice":"Donut","floor":2.0,"damage_taken":0.0},{"event_name":"Forgotten Altar","player_choice":"Shed Blood","floor":22.0,"damage_taken":0.0},{"event_name":"Ghosts","player_choice":"Became a Ghost","floor":27.0,"damage_taken":0.0},{"event_name":"N\u0027loth","player_choice":"Traded a Gremlin Horn","floor":31.0,"damage_taken":0.0}],"is_beta":false,"boss_relics":[{"not_picked":["Eternal Feather","Orrery"],"picked":"Sozu"}],"items_purged_floors":[4,20,25,30],"is_endless":false,"potions_floor_spawned":[6,8,16,19,21,23,28],"killed_by":"Champ","ascension_level":13}