{"gold_per_floor":[114,114,114,34,44,44,60,60,60,78,178,194,225,243,243,338,338,355,355,355,13,13,13,13],"floor_reached":24,"playtime":1559,"items_purged":[],"score":204,"play_id":"14f304be-c7ca-4556-bbe0-15eb12048e36","local_time":"20180703005158","is_ascension_mode":true,"campfire_choices":[{"data":"Zap","floor":6,"key":"SMITH"},{"data":"Sunder","floor":8,"key":"SMITH"},{"floor":15,"key":"REST"},{"data":"Seek","floor":23,"key":"SMITH"}],"neow_cost":"NONE","seed_source_timestamp":108459698308079,"circlet_count":0,"master_deck":["Strike_B","Strike_B","Strike_B","Defend_B","Defend_B","Defend_B","Defend_B","Zap+1","Dualcast","Core Surge","Sunder+1","Doom and Gloom","Static Discharge","Self Repair","Seek+1","Conserve Battery","Biased Cognition","Streamline","Darkness+1","Melter","Writhe"],"relics":["Cracked Core","Singing Bowl","Bag of Marbles","Orrery","Ice Cream","Ancient Tea Set"],"potions_floor_usage":[13,14,16,16],"damage_taken":[{"damage":7,"enemies":"Small Slimes","floor":1,"turns":3},{"damage":1,"enemies":"Cultist","floor":5,"turns":3},{"damage":0,"enemies":"2 Louse","floor":7,"turns":2},{"damage":6,"enemies":"Exordium Thugs","floor":10,"turns":3},{"damage":0,"enemies":"Gremlin Gang","floor":12,"turns":3},{"damage":12,"enemies":"3 Sentries","floor":13,"turns":4},{"damage":9,"enemies":"Blue Slaver","floor":14,"turns":4},{"damage":10,"enemies":"Slime Boss","floor":16,"turns":7},{"damage":3,"enemies":"Chosen","floor":18,"turns":5},{"damage":68,"enemies":"Gremlin Leader","floor":24,"turns":5}],"seed_played":"3244406432647212266","potions_obtained":[{"floor":1,"key":"Poison Potion"},{"floor":5,"key":"FearPotion"},{"floor":10,"key":"Swift Potion"},{"floor":13,"key":"FocusPotion"}],"is_trial":false,"path_per_floor":["M","?","$","$","M","R","M","R","T","M","?","M","E","M","R","B",null,"M","?","?","$","?","R"],"character_chosen":"DEFECT","items_purchased":["Doom and Gloom","Melter","Ice Cream"],"campfire_rested":1,"item_purchase_floors":[4,21,21],"current_hp_per_floor":[68,68,68,68,67,67,67,67,67,61,61,61,49,47,69,59,83,83,67,67,67,67,67,0],"gold":13,"neow_bonus":"ONE_RANDOM_RARE_CARD","is_prod":false,"is_daily":false,"chose_seed":false,"campfire_upgraded":3,"win_rate":0,"timestamp":1530550318,"path_taken":["M","?","?","$","M","R","?","R","T","M","?","?","E","M","R","BOSS","M","?","?","$","?","R","E"],"build_version":"2018-06-28","purchased_purges":0,"victory":false,"max_hp_per_floor":[75,75,75,75,75,75,75,75,75,75,75,75,75,75,75,75,83,83,88,88,88,88,88,88],"card_choices":[{"not_picked":["Steam Power","Redo"],"picked":"Sunder","floor":1},{"not_picked":["Rebound","Coolheaded","Ball Lightning"],"picked":"SKIP","floor":5},{"not_picked":["Beam Cell","Stack","Skim"],"picked":"SKIP","floor":7},{"not_picked":["Scrape","Barrage"],"picked":"Static Discharge","floor":10},{"not_picked":["Heatsinks","Barrage"],"picked":"Self Repair","floor":12},{"not_picked":["Streamline","Compile Driver"],"picked":"Seek","floor":13},{"not_picked":["White Noise","Ball Lightning"],"picked":"Conserve Battery","floor":14},{"not_picked":["All For One","Meteor Strike"],"picked":"Biased Cognition","floor":16},{"not_picked":["Sweeping Beam","Rebound","Go for the Eyes"],"picked":"Singing Bowl","floor":17},{"not_picked":["Cold Snap","Rebound","Chaos"],"picked":"Singing Bowl","floor":17},{"not_picked":["Gash","Chaos"],"picked":"Streamline","floor":17},{"not_picked":["Beam Cell","Gash","Reprogram"],"picked":"Singing Bowl","floor":17},{"not_picked":["Turbo","Skim","Coolheaded"],"picked":"Singing Bowl","floor":17},{"not_picked":["Barrage","Beam Cell"],"picked":"Darkness+1","floor":18}],"player_experience":581531,"relics_obtained":[{"floor":9,"key":"Singing Bowl"},{"floor":13,"key":"Bag of Marbles"}],"event_choices":[{"event_name":"Bonfire Elementals","player_choice":"BASIC","floor":2,"damage_taken":0},{"event_name":"Wheel of Change","player_choice":"Gold","floor":11,"damage_taken":0},{"event_name":"Forgotten Altar","player_choice":"Shed Blood","floor":19,"damage_taken":0},{"event_name":"The Woman in Blue","player_choice":"Bought 0 Potions","floor":20,"damage_taken":0},{"event_name":"The Mausoleum","player_choice":"Yes","floor":22,"damage_taken":0}],"boss_relics":[{"not_picked":["Snecko Eye","Calling Bell"],"picked":"Orrery"}],"items_purged_floors":[],"is_endless":false,"potions_floor_spawned":[1,5,10,13],"killed_by":"Gremlin Leader","ascension_level":1}