{"gold_per_floor":[111,130,147,18,93,93,124,2,2,14,45,45,45,77,77,77],"floor_reached":16,"playtime":663,"items_purged":["Strike_R"],"score":230,"play_id":"cf38ef04-2953-4ecb-8b97-4179a41cdf04","local_time":"20190905202802","is_ascension_mode":true,"campfire_choices":[{"data":"Anger","floor":6,"key":"SMITH"},{"floor":12,"key":"REST"},{"floor":15,"key":"REST"}],"neow_cost":"PERCENT_DAMAGE","seed_source_timestamp":3182187719600,"circlet_count":0,"master_deck":["AscendersBane","Strike_R","Strike_R","Strike_R","Strike_R","Defend_R","Defend_R","Defend_R","Defend_R","Bash","Sever Soul","Evolve","Anger+1","Shrug It Off","Ghostly Armor","Sword Boomerang","Panacea","Iron Wave","Limit Break","Heavy Blade"],"relics":["Burning Blood","Ginger","Bottled Lightning","Blue Candle","Darkstone Periapt","Bottled Tornado"],"potions_floor_usage":[7,11,11],"damage_taken":[{"damage":14,"enemies":"Jaw Worm","floor":1,"turns":4},{"damage":15,"enemies":"2 Louse","floor":2,"turns":2},{"damage":2,"enemies":"Cultist","floor":3,"turns":4},{"damage":17,"enemies":"Lagavulin","floor":7,"turns":6},{"damage":10,"enemies":"Large Slime","floor":10,"turns":5},{"damage":3,"enemies":"Gremlin Nob","floor":11,"turns":3},{"damage":34,"enemies":"Lagavulin","floor":14,"turns":11},{"damage":32,"enemies":"Hexaghost","floor":16,"turns":9}],"seed_played":"-3476166345031452734","potions_obtained":[{"floor":1,"key":"Swift Potion"},{"floor":2,"key":"PowerPotion"},{"floor":10,"key":"PowerPotion"}],"is_trial":false,"path_per_floor":["M","M","M","$","?","R","E","$","T","M","E","R","$","E","R","B"],"character_chosen":"IRONCLAD","items_purchased":["Shrug It Off","Sword Boomerang","Panacea"],"campfire_rested":2,"item_purchase_floors":[4,8,8],"current_hp_per_floor":[42,33,37,37,26,26,15,15,15,11,14,36,36,8,30,0],"gold":77,"neow_bonus":"ONE_RARE_RELIC","is_prod":false,"is_daily":false,"chose_seed":false,"campfire_upgraded":1,"win_rate":0,"timestamp":1567740482,"path_taken":["M","M","M","$","?","R","E","$","T","M","E","R","?","E","R","BOSS"],"build_version":"2019-07-17","purchased_purges":1,"victory":false,"max_hp_per_floor":[75,75,75,75,75,75,75,75,75,75,75,75,75,75,75,75],"card_choices":[{"not_picked":["Entrench","Pommel Strike"],"picked":"Sever Soul","floor":1},{"not_picked":["Dropkick","Anger"],"picked":"Evolve","floor":2},{"not_picked":["Twin Strike","Sever Soul"],"picked":"Anger","floor":3},{"not_picked":["Sword Boomerang","Entrench"],"picked":"Ghostly Armor","floor":7},{"not_picked":["Evolve","Shrug It Off"],"picked":"Iron Wave","floor":10},{"not_picked":["Clash","Wild Strike"],"picked":"Limit Break","floor":11},{"not_picked":["Warcry","Second Wind"],"picked":"Heavy Blade","floor":14}],"player_experience":837192,"relics_obtained":[{"floor":7,"key":"Bottled Lightning"},{"floor":9,"key":"Blue Candle"},{"floor":11,"key":"Darkstone Periapt"},{"floor":14,"key":"Bottled Tornado"}],"event_choices":[{"damage_healed":0,"gold_gain":75,"player_choice":"Gather Gold","damage_taken":11,"max_hp_gain":0,"max_hp_loss":0,"event_name":"World of Goop","floor":5,"gold_loss":0}],"is_beta":false,"boss_relics":[],"items_purged_floors":[4],"is_endless":false,"potions_floor_spawned":[1,2,10],"killed_by":"Hexaghost","ascension_level":19}