{"gold_per_floor":[19,19,39,39,39,82,82,95,95,133,156,106,106,119,119,247,247,261,23,36,36,36,36,51,87,87,87,127,42,42,55,55,175,175,188,188,202,223,238,238,252,252,252,275,275,40,54,69,69,69,69,69,69,112,112],"floor_reached":56,"playtime":2603,"items_purged":[],"score":1249,"play_id":"68386b74-61fe-4bbb-b705-c9af24de4e51","local_time":"20190822150648","is_ascension_mode":false,"campfire_choices":[{"data":"Carnage","floor":7.0,"key":"SMITH"},{"data":"Shockwave","floor":13.0,"key":"SMITH"},{"data":"Reaper","floor":15.0,"key":"SMITH"},{"data":"Demon Form","floor":23.0,"key":"SMITH"},{"floor":27.0,"key":"REST"},{"data":"Uppercut","floor":32.0,"key":"SMITH"},{"data":"Heavy Blade","floor":40.0,"key":"SMITH"},{"data":"Impervious","floor":42.0,"key":"SMITH"},{"floor":45.0,"key":"RECALL"},{"data":"Spot Weakness","floor":49.0,"key":"SMITH"},{"data":"Panacea","floor":52.0,"key":"SMITH"}],"neow_cost":"NO_GOLD","seed_source_timestamp":443353535596200,"circlet_count":0,"master_deck":["Strike_R","Strike_R","Strike_R","Strike_R","Strike_R","Defend_R","Defend_R","Defend_R","Defend_R","Bash","Whirlwind+1","Carnage+1","Shockwave+1","Shrug It Off","Reaper+1","Uppercut+1","Demon Form+1","Battle Trance","Writhe","Impervious+1","Regret","Decay","Heavy Blade+1","Seeing Red+1","Heavy Blade+1","Parasite","Panacea+1","Spot Weakness+1"],"special_seed":0,"relics":["Burning Blood","Golden Idol","Dodecahedron","Lantern","Orichalcum","Letter Opener","Mark of Pain","Matryoshka","Nilry\u0027s Codex","Art of War","Pen Nib","Darkstone Periapt","Calipers","Strawberry","Calling Bell","Mango","Blue Candle","Oddly Smooth Stone","PreservedInsect","Pocketwatch","Vajra","Ice Cream"],"potions_floor_usage":[55,55,55],"damage_taken":[{"damage":1.0,"enemies":"Cultist","floor":1.0,"turns":3.0},{"damage":0.0,"enemies":"2 Louse","floor":3.0,"turns":3.0},{"damage":43.0,"enemies":"Lagavulin","floor":6.0,"turns":4.0},{"damage":0.0,"enemies":"Small Slimes","floor":8.0,"turns":3.0},{"damage":6.0,"enemies":"Gremlin Nob","floor":10.0,"turns":4.0},{"damage":4.0,"enemies":"Blue Slaver","floor":11.0,"turns":2.0},{"damage":0.0,"enemies":"Exordium Wildlife","floor":14.0,"turns":2.0},{"damage":20.0,"enemies":"Slime Boss","floor":16.0,"turns":8.0},{"damage":4.0,"enemies":"Spheric Guardian","floor":18.0,"turns":3.0},{"damage":10.0,"enemies":"Shell Parasite","floor":20.0,"turns":4.0},{"damage":30.0,"enemies":"Shelled Parasite and Fungi","floor":24.0,"turns":8.0},{"damage":42.0,"enemies":"Book of Stabbing","floor":25.0,"turns":7.0},{"damage":22.0,"enemies":"Gremlin Leader","floor":28.0,"turns":5.0},{"damage":0.0,"enemies":"Snecko","floor":31.0,"turns":2.0},{"damage":33.0,"enemies":"Champ","floor":33.0,"turns":7.0},{"damage":21.0,"enemies":"3 Darklings","floor":35.0,"turns":3.0},{"damage":5.0,"enemies":"Orb Walker","floor":37.0,"turns":2.0},{"damage":25.0,"enemies":"Sphere and 2 Shapes","floor":38.0,"turns":5.0},{"damage":31.0,"enemies":"Jaw Worm Horde","floor":39.0,"turns":3.0},{"damage":44.0,"enemies":"Spire Growth","floor":41.0,"turns":10.0},{"damage":40.0,"enemies":"Writhing Mass","floor":44.0,"turns":7.0},{"damage":14.0,"enemies":"3 Darklings","floor":47.0,"turns":8.0},{"damage":8.0,"enemies":"Transient","floor":48.0,"turns":5.0},{"damage":114.0,"enemies":"Donu and Deca","floor":50.0,"turns":8.0},{"damage":26.0,"enemies":"Shield and Spear","floor":54.0,"turns":5.0},{"damage":113,"enemies":"The Heart","floor":55,"turns":8}],"seed_played":"8601133985280293999","potions_obtained":[{"floor":1.0,"key":"GamblersBrew"},{"floor":3.0,"key":"SteroidPotion"},{"floor":14.0,"key":"Swift Potion"},{"floor":16.0,"key":"SpeedPotion"},{"floor":28.0,"key":"SkillPotion"},{"floor":33.0,"key":"BloodPotion"},{"floor":35.0,"key":"LiquidBronze"},{"floor":48.0,"key":"EssenceOfSteel"}],"is_trial":false,"path_per_floor":["M","?","M","?","?","E","R","M","T","E","M","?","R","M","R","B",null,"M","$","M","?","?","R","M","E","T","R","E","?","?","M","R","B",null,"M","?","M","M","M","R","M","R","T","M","R","$","M","M","R","B",null,"R","$","E","B",null],"character_chosen":"IRONCLAD","items_purchased":["Matryoshka","Vajra","Panacea"],"campfire_rested":1,"item_purchase_floors":[19,46,46],"current_hp_per_floor":[96,72,78,78,78,41,41,47,47,47,49,49,49,63,63,56,96,96,96,92,92,76,76,89,53,53,81,65,65,78,84,84,79,141,136,136,141,122,97,97,88,88,88,82,82,82,147,147,147,66,147,147,147,127,69],"gold":112,"neow_bonus":"TWENTY_PERCENT_HP_BONUS","is_prod":false,"is_daily":false,"chose_seed":false,"campfire_upgraded":9,"win_rate":0,"timestamp":1566500808,"path_taken":["M","?","M","?","?","E","R","M","T","E","M","?","R","M","R","BOSS","M","$","M","?","?","R","M","E","T","R","E","?","?","M","R","BOSS","M","?","M","?","M","R","M","R","T","M","R","$","M","M","R","BOSS","R","$","E","BOSS"],"build_version":"2019-07-17","purchased_purges":0,"victory":true,"max_hp_per_floor":[96,96,96,96,96,96,96,96,96,96,96,96,96,96,96,96,96,96,96,96,96,96,96,96,96,96,96,96,96,109,109,109,109,141,141,141,141,141,141,141,141,141,141,147,147,147,147,147,147,147,147,147,147,147,147],"card_choices":[{"not_picked":["Fire Breathing","Cleave"],"picked":"Whirlwind","floor":1.0},{"not_picked":["Havoc","Clothesline"],"picked":"Carnage","floor":3.0},{"not_picked":["Warcry","Thunderclap"],"picked":"Shockwave","floor":6.0},{"not_picked":["Rupture","Clothesline"],"picked":"Shrug It Off","floor":8.0},{"not_picked":["Havoc","Pommel Strike"],"picked":"Reaper","floor":10.0},{"not_picked":["Thunderclap","Wild Strike","Reckless Charge"],"picked":"SKIP","floor":11.0},{"not_picked":["Armaments","Headbutt"],"picked":"Uppercut","floor":14.0},{"not_picked":["Juggernaut","Brutality"],"picked":"Demon Form","floor":16.0},{"not_picked":["Shrug It Off","Cleave","Thunderclap+1"],"picked":"SKIP","floor":18.0},{"not_picked":["Wild Strike+1","Thunderclap","Havoc"],"picked":"SKIP","floor":20.0},{"not_picked":["Armaments","Whirlwind","Wild Strike"],"picked":"SKIP","floor":24.0},{"not_picked":["Armaments","Whirlwind","Wild Strike"],"picked":"SKIP","floor":24.0},{"not_picked":["Double Tap","Bloodletting+1"],"picked":"Battle Trance","floor":25.0},{"not_picked":["Dropkick","Headbutt+1","Second Wind"],"picked":"SKIP","floor":28.0},{"not_picked":["True Grit","Warcry+1","Clothesline+1"],"picked":"SKIP","floor":31.0},{"not_picked":["Reaper","Barricade"],"picked":"Impervious","floor":33.0},{"not_picked":["Warcry+1","Clash+1"],"picked":"Heavy Blade","floor":35.0},{"not_picked":["Wild Strike+1","Feed","Searing Blow+1"],"picked":"SKIP","floor":37.0},{"not_picked":["Cleave","Clothesline+1"],"picked":"Seeing Red+1","floor":38.0},{"not_picked":["True Grit+1","Sword Boomerang","Rampage+1"],"picked":"SKIP","floor":39.0},{"not_picked":["Twin Strike+1","Anger"],"picked":"Heavy Blade+1","floor":41.0},{"not_picked":["Berserk","Wild Strike","Cleave"],"picked":"SKIP","floor":44.0},{"not_picked":["Clothesline","Heavy Blade","Perfected Strike"],"picked":"SKIP","floor":47.0},{"not_picked":["Twin Strike","Hemokinesis"],"picked":"Spot Weakness","floor":48.0},{"not_picked":["Infernal Blade+1","Dual Wield+1","Brutality"],"picked":"SKIP","floor":54.0}],"player_experience":553770,"relics_obtained":[{"floor":6.0,"key":"Lantern"},{"floor":9.0,"key":"Orichalcum"},{"floor":10.0,"key":"Letter Opener"},{"floor":22.0,"key":"Nilry\u0027s Codex"},{"floor":25.0,"key":"Art of War"},{"floor":26.0,"key":"Pen Nib"},{"floor":28.0,"key":"Darkstone Periapt"},{"floor":34.0,"key":"Mango"},{"floor":34.0,"key":"Blue Candle"},{"floor":34.0,"key":"Oddly Smooth Stone"},{"floor":43.0,"key":"PreservedInsect"},{"floor":43.0,"key":"Pocketwatch"},{"floor":54.0,"key":"Ice Cream"}],"event_choices":[{"damage_healed":0.0,"max_hp_gain":0.0,"max_hp_loss":0.0,"gold_gain":0.0,"event_name":"Golden Idol","player_choice":"Take Damage","floor":2.0,"gold_loss":0.0,"damage_taken":24.0,"relics_obtained":["Golden Idol"]},{"damage_healed":0.0,"max_hp_gain":0.0,"max_hp_loss":0.0,"gold_gain":0.0,"event_name":"Living Wall","player_choice":"Grow","floor":4.0,"gold_loss":0.0,"damage_taken":0.0,"cards_upgraded":["Whirlwind"]},{"damage_healed":0.0,"max_hp_gain":0.0,"max_hp_loss":0.0,"gold_gain":0.0,"event_name":"Big Fish","player_choice":"Box","floor":5.0,"gold_loss":0.0,"damage_taken":0.0,"relics_obtained":["Dodecahedron"],"cards_obtained":["Regret"]},{"cards_removed":["Regret"],"damage_healed":0.0,"max_hp_gain":0.0,"max_hp_loss":0.0,"gold_gain":0.0,"event_name":"The Cleric","player_choice":"Card Removal","floor":12.0,"gold_loss":50.0,"damage_taken":0.0},{"damage_healed":0.0,"max_hp_gain":0.0,"max_hp_loss":0.0,"gold_gain":0.0,"event_name":"Ghosts","player_choice":"Ignored","floor":21.0,"gold_loss":0.0,"damage_taken":0.0},{"damage_healed":0.0,"max_hp_gain":0.0,"max_hp_loss":0.0,"gold_gain":0.0,"event_name":"Cursed Tome","player_choice":"Obtained Book","floor":22.0,"gold_loss":0.0,"damage_taken":16.0},{"damage_healed":0.0,"max_hp_gain":0.0,"max_hp_loss":0.0,"gold_gain":0.0,"event_name":"Addict","player_choice":"Obtained Relic","floor":29.0,"gold_loss":85.0,"damage_taken":0.0,"relics_obtained":["Calipers"]},{"damage_healed":0.0,"max_hp_gain":0.0,"max_hp_loss":0.0,"gold_gain":0.0,"event_name":"The Mausoleum","player_choice":"Opened","floor":30.0,"gold_loss":0.0,"damage_taken":0.0,"relics_obtained":["Strawberry"],"cards_obtained":["Writhe"]},{"cards_removed":["Doubt"],"damage_healed":0.0,"max_hp_gain":0.0,"max_hp_loss":0.0,"gold_gain":0.0,"event_name":"Purifier","player_choice":"Purged","floor":36.0,"gold_loss":0.0,"damage_taken":0.0}],"is_beta":false,"boss_relics":[{"not_picked":["Black Blood","Runic Cube"],"picked":"Mark of Pain"},{"not_picked":["Runic Pyramid","White Beast Statue"],"picked":"Calling Bell"}],"items_purged_floors":[],"is_endless":false,"potions_floor_spawned":[1,3,14,16,25,28,33,35,37,38,48],"ascension_level":0}