{"gold_per_floor":[110,185,185,195,209,209,237,301,301,301,301,368,368,385,385,483,483,498,202,221,34,51,79,79,129],"floor_reached":25,"playtime":1440,"items_purged":[],"score":265,"play_id":"11a205e9-f21d-4032-98fd-c9a1f3c1aa2d","local_time":"20190519233949","is_ascension_mode":true,"campfire_choices":[{"data":"Dagger Spray","floor":6.0,"key":"SMITH"},{"floor":10.0,"key":"REST"},{"data":"Crippling Poison","floor":13.0,"key":"SMITH"},{"data":"Deadly Poison","floor":15.0,"key":"SMITH"},{"floor":24,"key":"REST"}],"neow_cost":"NONE","seed_source_timestamp":396748460252310,"circlet_count":0,"master_deck":["Defend_G","Defend_G","Defend_G","Defend_G+1","Defend_G+1","Strike_G","Strike_G","Strike_G","Survivor","Neutralize+1","Blur","Crippling Poison+1","Dagger Spray+1","Outmaneuver","Poisoned Stab","Deadly Poison+1","Leg Sweep+1","Heel Hook","Noxious Fumes+1","Catalyst"],"special_seed":0,"relics":["Ring of the Snake","Kunai","Orichalcum","Letter Opener","SsserpentHead","Empty Cage","Singing Bowl","War Paint","Blood Vial"],"potions_floor_usage":[23,23],"damage_taken":[{"damage":1.0,"enemies":"Small Slimes","floor":1.0,"turns":4.0},{"damage":0.0,"enemies":"2 Louse","floor":4.0,"turns":4.0},{"damage":0.0,"enemies":"Cultist","floor":5.0,"turns":4.0},{"damage":7.0,"enemies":"Lagavulin","floor":7.0,"turns":5.0},{"damage":22.0,"enemies":"Gremlin Nob","floor":8.0,"turns":4.0},{"damage":1.0,"enemies":"Exordium Thugs","floor":12.0,"turns":4.0},{"damage":6.0,"enemies":"Large Slime","floor":14.0,"turns":6.0},{"damage":16.0,"enemies":"Slime Boss","floor":16.0,"turns":12.0},{"damage":9.0,"enemies":"3 Byrds","floor":18.0,"turns":4.0},{"damage":18.0,"enemies":"2 Thieves","floor":20.0,"turns":4.0},{"damage":15.0,"enemies":"Shelled Parasite and Fungi","floor":22.0,"turns":4.0},{"damage":27,"enemies":"Slavers","floor":23,"turns":8},{"damage":36,"enemies":"Masked Bandits","floor":25,"turns":3}],"seed_played":"6930103656847136250","potions_obtained":[{"floor":0.0,"key":"PowerPotion"},{"floor":0.0,"key":"Ancient Potion"},{"floor":0.0,"key":"AttackPotion"},{"floor":7.0,"key":"SkillPotion"},{"floor":8.0,"key":"Fire Potion"},{"floor":16.0,"key":"GhostInAJar"},{"floor":20.0,"key":"SteroidPotion"},{"floor":23,"key":"LiquidBronze"}],"is_trial":false,"path_per_floor":["M","?","?","M","M","R","E","?","T","R","?","M","R","M","R","B",null,"M","$","M","$","M","E","R","?"],"character_chosen":"THE_SILENT","items_purchased":["Heel Hook","Singing Bowl","Catalyst","War Paint"],"campfire_rested":2,"item_purchase_floors":[19,19,21,21],"current_hp_per_floor":[69,58,58,58,58,58,51,29,29,50,50,49,49,43,43,27,70,61,61,43,43,30,5,27,0],"gold":129,"neow_bonus":"THREE_SMALL_POTIONS","is_prod":false,"is_daily":false,"chose_seed":false,"campfire_upgraded":3,"win_rate":0,"timestamp":1558323589,"path_taken":["M","?","?","M","M","R","E","?","T","R","?","?","R","M","R","BOSS","M","$","M","$","M","E","R","?"],"build_version":"2019-01-23","purchased_purges":0,"victory":false,"max_hp_per_floor":[70,70,70,70,70,70,70,70,70,70,70,70,70,70,70,70,70,70,70,70,70,72,74,74,74],"card_choices":[{"not_picked":["Prepared","Acrobatics"],"picked":"Blur","floor":1.0},{"not_picked":["Quick Slash","PiercingWail"],"picked":"Crippling Poison","floor":4.0},{"not_picked":["Underhanded Strike","PiercingWail"],"picked":"Dagger Spray","floor":5.0},{"not_picked":["Deadly Poison","PiercingWail"],"picked":"Outmaneuver","floor":7.0},{"not_picked":["Concentrate","PiercingWail"],"picked":"Poisoned Stab","floor":12.0},{"not_picked":["PiercingWail","Quick Slash"],"picked":"Deadly Poison","floor":14.0},{"not_picked":["Quick Slash","Predator"],"picked":"Leg Sweep+1","floor":18.0},{"not_picked":["Terror","Acrobatics+1"],"picked":"Noxious Fumes+1","floor":20.0},{"not_picked":["Flying Knee","Sucker Punch","Eviscerate+1"],"picked":"Singing Bowl","floor":22.0},{"not_picked":["Die Die Die","Deflect","Riddle With Holes"],"picked":"Singing Bowl","floor":23}],"player_experience":253687,"relics_obtained":[{"floor":7.0,"key":"Kunai"},{"floor":8.0,"key":"Orichalcum"},{"floor":9.0,"key":"Letter Opener"},{"floor":23,"key":"Blood Vial"}],"event_choices":[{"damage_healed":0.0,"max_hp_gain":0.0,"max_hp_loss":0.0,"gold_gain":75.0,"event_name":"World of Goop","player_choice":"Gather Gold","floor":2.0,"gold_loss":0.0,"damage_taken":11.0},{"damage_healed":0.0,"max_hp_gain":0.0,"max_hp_loss":0.0,"gold_gain":0.0,"event_name":"Living Wall","player_choice":"Grow","floor":3.0,"gold_loss":0.0,"damage_taken":0.0,"cards_upgraded":["Neutralize"]},{"damage_healed":0.0,"max_hp_gain":0.0,"max_hp_loss":0.0,"gold_gain":0.0,"event_name":"Dead Adventurer","player_choice":"Searched \u00271\u0027 times","floor":8.0,"gold_loss":0.0,"damage_taken":0.0},{"damage_healed":0.0,"max_hp_gain":0.0,"max_hp_loss":0.0,"gold_gain":0.0,"event_name":"FaceTrader","player_choice":"Trade","floor":11.0,"gold_loss":0.0,"damage_taken":0.0,"relics_obtained":["SsserpentHead"]},{"damage_healed":0,"gold_gain":0,"player_choice":"Fought Bandits","damage_taken":0,"max_hp_gain":0,"max_hp_loss":0,"event_name":"Masked Bandits","floor":25,"gold_loss":0}],"is_beta":false,"boss_relics":[{"not_picked":["Orrery","Fusion Hammer"],"picked":"Empty Cage"}],"items_purged_floors":[],"is_endless":false,"potions_floor_spawned":[1,7,8,16,20,23],"killed_by":"Masked Bandits","ascension_level":4}