{"gold_per_floor":[118,132,207,44,54,66,98,118,118,118,118,135,155,166,166,261,261,271,271,281,291,302,328,328,363,363,113,132,151,151,161,161,259,259,271,284,296,306,306,337,337,357,409,409,429,278,278],"floor_reached":47,"playtime":3251,"items_purged":[],"score":657,"play_id":"66ff2819-db95-448a-ba37-09d304c0fa87","local_time":"20190723220329","daily_mods":["Draft","Heirloom","DeadlyEvents","Uncertain Future"],"is_ascension_mode":false,"campfire_choices":[{"data":"1","floor":10.0,"key":"LIFT"},{"data":"2","floor":15.0,"key":"LIFT"},{"floor":24.0,"key":"REST"},{"floor":30.0,"key":"REST"},{"data":"3","floor":32.0,"key":"LIFT"},{"data":"Barricade","floor":41.0,"key":"SMITH"},{"data":"Impervious","floor":44.0,"key":"SMITH"}],"neow_cost":"","seed_source_timestamp":0,"circlet_count":0,"master_deck":["Flame Barrier","Rage","Shrug It Off","Dual Wield","Armaments","Body Slam","Iron Wave","Carnage","Spot Weakness","Uppercut","Entrench","Dropkick","Flex","Shrug It Off","Whirlwind","Immolate","Heavy Blade","Metallicize","Reaper","Barricade+1","Pummel+1","Flame Barrier","Seeing Red+1","Impervious","Battle Trance+1","Ghostly Armor+1","Impervious+1","Armaments+1","Ghostly Armor+1","Flame Barrier+1","Parasite","Metallicize+1"],"special_seed":0,"relics":["Black Blood","Incense Burner","Girya","Shuriken","Runic Cube","Red Skull","Kunai","Question Card","Gremlin Horn","Bottled Tornado","Anchor","Pen Nib"],"potions_floor_usage":[47,47,47,47,47],"damage_taken":[{"damage":10.0,"enemies":"Small Slimes","floor":1.0,"turns":2.0},{"damage":8.0,"enemies":"Jaw Worm","floor":2.0,"turns":2.0},{"damage":2.0,"enemies":"2 Louse","floor":5.0,"turns":2.0},{"damage":12.0,"enemies":"Blue Slaver","floor":6.0,"turns":3.0},{"damage":10.0,"enemies":"3 Sentries","floor":7.0,"turns":4.0},{"damage":0.0,"enemies":"Lots of Slimes","floor":8.0,"turns":1.0},{"damage":10.0,"enemies":"Exordium Thugs","floor":12.0,"turns":2.0},{"damage":0.0,"enemies":"Gremlin Gang","floor":13.0,"turns":3.0},{"damage":0.0,"enemies":"3 Louse","floor":14.0,"turns":3.0},{"damage":31.0,"enemies":"The Guardian","floor":16.0,"turns":11.0},{"damage":6.0,"enemies":"3 Byrds","floor":18.0,"turns":4.0},{"damage":23.0,"enemies":"Spheric Guardian","floor":20.0,"turns":5.0},{"damage":27.0,"enemies":"Snake Plant","floor":21.0,"turns":4.0},{"damage":25.0,"enemies":"Shelled Parasite and Fungi","floor":22.0,"turns":7.0},{"damage":23.0,"enemies":"Slavers","floor":23.0,"turns":4.0},{"damage":28.0,"enemies":"Book of Stabbing","floor":25.0,"turns":5.0},{"damage":15.0,"enemies":"3 Cultists","floor":28.0,"turns":5.0},{"damage":10.0,"enemies":"Snecko","floor":29.0,"turns":4.0},{"damage":2.0,"enemies":"Shelled Parasite and Fungi","floor":31.0,"turns":4.0},{"damage":69.0,"enemies":"Collector","floor":33.0,"turns":10.0},{"damage":10.0,"enemies":"Orb Walker","floor":35.0,"turns":3.0},{"damage":0.0,"enemies":"3 Darklings","floor":36.0,"turns":4.0},{"damage":33.0,"enemies":"Sphere and 2 Shapes","floor":37.0,"turns":6.0},{"damage":49.0,"enemies":"Spire Growth","floor":38.0,"turns":6.0},{"damage":26.0,"enemies":"Reptomancer","floor":40.0,"turns":7.0},{"damage":5.0,"enemies":"4 Shapes","floor":42.0,"turns":5.0},{"damage":51.0,"enemies":"Writhing Mass","floor":45.0,"turns":7.0},{"damage":86,"enemies":"Giant Head","floor":47,"turns":11}],"seed_played":"-2885838348975002499","potions_obtained":[{"floor":1.0,"key":"BloodPotion"},{"floor":2.0,"key":"Weak Potion"},{"floor":6.0,"key":"Explosive Potion"},{"floor":12.0,"key":"SpeedPotion"},{"floor":21.0,"key":"Swift Potion"},{"floor":23.0,"key":"PowerPotion"},{"floor":33.0,"key":"Poison Potion"},{"floor":36.0,"key":"EntropicBrew"},{"floor":37.0,"key":"BloodPotion"},{"floor":45,"key":"AttackPotion"}],"is_trial":true,"path_per_floor":["M","M","?","$","M","M","E","M","T","R","$","M","M","M","R","B",null,"M","?","M","M","M","E","R","E","T","$","M","M","R","M","R","B",null,"M","M","M","M","?","E","R","M","T","R","M","$","E"],"character_chosen":"IRONCLAD","items_purchased":["Immolate","Gremlin Horn","Pen Nib"],"campfire_rested":2,"item_purchase_floors":[4,27,46],"current_hp_per_floor":[76,74,63,63,67,61,57,63,63,63,63,59,65,71,71,57,80,80,80,80,59,40,23,47,34,34,34,43,39,63,67,67,17,80,80,80,71,36,80,64,64,80,80,80,39,39,0],"gold":278,"neow_bonus":"","is_prod":false,"is_daily":false,"chose_seed":false,"campfire_upgraded":2,"win_rate":0,"timestamp":1563933809,"path_taken":["M","M","?","$","M","?","E","M","T","R","?","M","M","M","R","BOSS","M","?","M","M","M","E","R","?","T","$","?","M","R","M","R","BOSS","M","M","?","M","?","E","R","M","T","R","M","$","?"],"build_version":"2019-07-17","purchased_purges":0,"victory":false,"max_hp_per_floor":[80,80,80,80,80,80,80,80,80,80,80,80,80,80,80,80,80,80,80,80,80,80,80,80,80,80,80,80,80,80,80,80,80,80,80,80,80,80,80,80,80,80,80,80,80,80,80],"card_choices":[{"not_picked":["Thunderclap","Dropkick"],"picked":"Flame Barrier","floor":0.0},{"not_picked":["True Grit","Twin Strike"],"picked":"Rage","floor":0.0},{"not_picked":["Warcry","Rage"],"picked":"Shrug It Off","floor":0.0},{"not_picked":["Combust","Clothesline"],"picked":"Dual Wield","floor":0.0},{"not_picked":["Intimidate","Entrench"],"picked":"Armaments","floor":0.0},{"not_picked":["Warcry","True Grit"],"picked":"Body Slam","floor":0.0},{"not_picked":["Wild Strike","Pommel Strike"],"picked":"Iron Wave","floor":0.0},{"not_picked":["Armaments","Body Slam"],"picked":"Carnage","floor":0.0},{"not_picked":["Warcry","Flex"],"picked":"Spot Weakness","floor":0.0},{"not_picked":["Anger","Wild Strike"],"picked":"Uppercut","floor":0.0},{"not_picked":["Disarm","Spot Weakness"],"picked":"Entrench","floor":0.0},{"not_picked":["Rupture","Thunderclap"],"picked":"Dropkick","floor":0.0},{"not_picked":["Headbutt","Iron Wave"],"picked":"Flex","floor":0.0},{"not_picked":["Wild Strike","Blood for Blood"],"picked":"Shrug It Off","floor":0.0},{"not_picked":["Twin Strike","Sentinel"],"picked":"Whirlwind","floor":0.0},{"not_picked":["Feel No Pain","Fire Breathing","Cleave"],"picked":"SKIP","floor":1.0},{"not_picked":["Cleave","Pommel Strike","Perfected Strike"],"picked":"SKIP","floor":2.0},{"not_picked":["Clothesline","Thunderclap","Cleave"],"picked":"SKIP","floor":5.0},{"not_picked":["Iron Wave","Headbutt"],"picked":"Heavy Blade","floor":6.0},{"not_picked":["Hemokinesis","Pommel Strike"],"picked":"Metallicize","floor":7.0},{"not_picked":["Perfected Strike","Heavy Blade","Warcry"],"picked":"SKIP","floor":8.0},{"not_picked":["Brutality","True Grit","Anger"],"picked":"SKIP","floor":12.0},{"not_picked":["Iron Wave","Sword Boomerang","Shrug It Off"],"picked":"SKIP","floor":13.0},{"not_picked":["Blood for Blood","Second Wind"],"picked":"Reaper","floor":14.0},{"not_picked":["Impervious","Juggernaut"],"picked":"Barricade","floor":16.0},{"not_picked":["Sword Boomerang","Flex+1"],"picked":"Pummel+1","floor":18.0},{"not_picked":["Clothesline","Sword Boomerang","Iron Wave+1"],"picked":"SKIP","floor":20.0},{"not_picked":["Spot Weakness","Wild Strike+1","Clash"],"picked":"SKIP","floor":21.0},{"not_picked":["True Grit","Wild Strike"],"picked":"Seeing Red+1","floor":22.0},{"not_picked":["Warcry","Sentinel+1"],"picked":"Impervious","floor":23.0},{"not_picked":["Shrug It Off","Anger"],"picked":"Battle Trance+1","floor":25.0},{"not_picked":["Anger","Cleave","True Grit","Burning Pact"],"picked":"SKIP","floor":28.0},{"not_picked":["Headbutt+1","Rampage","Iron Wave+1"],"picked":"Ghostly Armor+1","floor":29.0},{"not_picked":["Clash","Juggernaut","Power Through","Reckless Charge"],"picked":"SKIP","floor":31.0},{"not_picked":["Fiend Fire","Dark Embrace","Berserk"],"picked":"Impervious","floor":33.0},{"not_picked":["Iron Wave","Reckless Charge","Wild Strike","Warcry+1"],"picked":"SKIP","floor":35.0},{"not_picked":["Twin Strike","Clothesline+1","Clash+1","Flex"],"picked":"SKIP","floor":36.0},{"not_picked":["Iron Wave","Entrench","Uppercut+1","Battle Trance"],"picked":"SKIP","floor":37.0},{"not_picked":["Feel No Pain","Shrug It Off+1","Warcry"],"picked":"Armaments+1","floor":38.0},{"not_picked":["Clash","Carnage","True Grit+1"],"picked":"Ghostly Armor+1","floor":40.0},{"not_picked":["Thunderclap","Havoc+1","Iron Wave+1"],"picked":"Flame Barrier+1","floor":42.0},{"not_picked":["Wild Strike","Rupture+1","Battle Trance"],"picked":"Metallicize+1","floor":45}],"player_experience":465431,"relics_obtained":[{"floor":7.0,"key":"Girya"},{"floor":9.0,"key":"Shuriken"},{"floor":23.0,"key":"Red Skull"},{"floor":25.0,"key":"Kunai"},{"floor":26.0,"key":"Question Card"},{"floor":40.0,"key":"Bottled Tornado"},{"floor":43.0,"key":"Anchor"}],"event_choices":[{"damage_healed":0.0,"max_hp_gain":0.0,"max_hp_loss":0.0,"gold_gain":75.0,"event_name":"World of Goop","player_choice":"Gather Gold","floor":3.0,"gold_loss":0.0,"damage_taken":11.0},{"damage_healed":0.0,"max_hp_gain":0.0,"max_hp_loss":0.0,"gold_gain":0.0,"event_name":"Duplicator","player_choice":"Copied","floor":19.0,"gold_loss":0.0,"damage_taken":0.0,"cards_obtained":["Flame Barrier"]},{"damage_healed":44.0,"max_hp_gain":0.0,"max_hp_loss":0.0,"gold_gain":0.0,"event_name":"Wheel of Change","player_choice":"Full Heal","floor":39.0,"gold_loss":0.0,"damage_taken":0.0}],"is_beta":false,"boss_relics":[{"not_picked":["Lizard Tail","Snecko Eye"],"picked":"Runic Cube"},{"not_picked":["Eternal Feather","Runic Pyramid"],"picked":"Black Blood"}],"items_purged_floors":[],"is_endless":true,"potions_floor_spawned":[1,2,6,7,12,21,22,23,25,33,36,37,38,45],"killed_by":"Giant Head","ascension_level":0}