{"gold_per_floor":[110,130,130,130,147,182,182,199,199,44,57,57,57,71,71,172,172,190,190,205,216,240,240,250,250,250,250,44,370,370,380,380,380],"floor_reached":33,"playtime":2834,"items_purged":[],"score":345,"play_id":"792ca012-8ff8-4eec-8ed2-0f7de0816d3a","local_time":"20190913010027","is_ascension_mode":true,"campfire_choices":[{"floor":7,"key":"REST"},{"floor":12,"key":"REST"},{"floor":15,"key":"RECALL"},{"floor":23,"key":"REST"},{"floor":25,"key":"REST"},{"data":"Backflip","floor":27,"key":"SMITH"},{"floor":32,"key":"REST"}],"neow_cost":"NONE","seed_source_timestamp":116005365715500,"circlet_count":0,"master_deck":["Defend_G","Defend_G","Defend_G","Defend_G","Survivor","Neutralize","Poisoned Stab","Backflip+1","Calculated Gamble","Noxious Fumes","Predator","Flechettes","Poisoned Stab","Night Terror","Flying Knee","Backflip+1","Skewer+1","Prepared","Poisoned Stab","Backflip+1","Tools of the Trade","Bite","Bite","Bite","Bite","Bite","Dodge and Roll"],"relics":["Ring of the Snake","Shuriken","Busted Crown","Omamori","Ice Cream","DollysMirror","Old Coin"],"potions_floor_usage":[6,16,20,24,29,33],"damage_taken":[{"damage":1,"enemies":"2 Louse","floor":1,"turns":3},{"damage":1,"enemies":"Jaw Worm","floor":2,"turns":4},{"damage":0,"enemies":"Cultist","floor":5,"turns":3},{"damage":41,"enemies":"3 Sentries","floor":6,"turns":14},{"damage":5,"enemies":"Exordium Wildlife","floor":8,"turns":5},{"damage":4,"enemies":"Looter","floor":11,"turns":4},{"damage":5,"enemies":"3 Louse","floor":14,"turns":4},{"damage":19,"enemies":"The Guardian","floor":16,"turns":9},{"damage":18,"enemies":"3 Byrds","floor":18,"turns":5},{"damage":16,"enemies":"Spheric Guardian","floor":20,"turns":4},{"damage":0,"enemies":"Centurion and Healer","floor":21,"turns":5},{"damage":19,"enemies":"Shelled Parasite and Fungi","floor":24,"turns":8},{"damage":40,"enemies":"Book of Stabbing","floor":29,"turns":7},{"damage":16,"enemies":"Snake Plant","floor":31,"turns":5},{"damage":73,"enemies":"Champ","floor":33,"turns":10}],"seed_played":"-326927446708734071","potions_obtained":[{"floor":2,"key":"EssenceOfSteel"},{"floor":5,"key":"Weak Potion"},{"floor":8,"key":"Fire Potion"},{"floor":13,"key":"GhostInAJar"},{"floor":24,"key":"Weak Potion"},{"floor":29,"key":"Explosive Potion"},{"floor":31,"key":"Strength Potion"}],"is_trial":false,"path_per_floor":["M","M","?","?","M","E","R","M","T","$","M","R","?","M","R","B",null,"M","?","M","M","T","R","M","R","T","R","$","E","?","M","R","B"],"character_chosen":"THE_SILENT","items_purchased":["Blood Vial","DollysMirror"],"campfire_rested":5,"item_purchase_floors":[10,28],"current_hp_per_floor":[69,68,68,68,68,27,48,43,43,43,41,62,62,59,59,42,70,52,52,38,40,40,61,44,65,65,65,65,27,27,23,44,0],"gold":380,"neow_bonus":"REMOVE_CARD","is_prod":false,"is_daily":false,"chose_seed":false,"campfire_upgraded":1,"win_rate":0,"timestamp":1568354427,"path_taken":["M","M","?","?","?","E","R","M","T","$","M","R","?","M","R","BOSS","M","?","M","M","?","R","M","R","T","R","$","E","?","M","R","BOSS"],"build_version":"2019-07-17","purchased_purges":0,"victory":false,"max_hp_per_floor":[70,70,70,70,70,70,70,70,70,70,70,70,70,70,70,70,70,70,70,70,70,70,70,70,70,70,70,70,70,70,70,70,70],"card_choices":[{"not_picked":["Quick Slash","Sucker Punch"],"picked":"Poisoned Stab","floor":1},{"not_picked":["Masterful Stab","Underhanded Strike"],"picked":"Backflip","floor":2},{"not_picked":["Slice","Dagger Spray"],"picked":"Calculated Gamble","floor":5},{"not_picked":["Dagger Throw","Endless Agony"],"picked":"Noxious Fumes","floor":6},{"not_picked":["Outmaneuver","Deflect"],"picked":"Predator","floor":8},{"not_picked":["Caltrops","Poisoned Stab"],"picked":"Flechettes","floor":11},{"not_picked":["Distraction","Acrobatics"],"picked":"Poisoned Stab","floor":14},{"not_picked":["Phantasmal Killer","Glass Knife"],"picked":"Night Terror","floor":16},{"not_picked":[],"picked":"Flying Knee","floor":18},{"not_picked":[],"picked":"Skewer+1","floor":20},{"not_picked":[],"picked":"Prepared","floor":21},{"not_picked":[],"picked":"Poisoned Stab","floor":24},{"not_picked":[],"picked":"Tools of the Trade","floor":29},{"not_picked":[],"picked":"Dodge and Roll","floor":31}],"player_experience":377472,"relics_obtained":[{"floor":6,"key":"Shuriken"},{"floor":22,"key":"Omamori"},{"floor":26,"key":"Ice Cream"},{"floor":29,"key":"Old Coin"}],"event_choices":[{"damage_healed":0,"gold_gain":0,"player_choice":"Grow","damage_taken":0,"max_hp_gain":0,"max_hp_loss":0,"event_name":"Living Wall","floor":3,"gold_loss":0,"cards_upgraded":["Backflip"]},{"damage_healed":0,"gold_gain":0,"player_choice":"Ignored","damage_taken":0,"max_hp_gain":0,"max_hp_loss":0,"event_name":"Liars Game","floor":4,"gold_loss":0},{"damage_healed":0,"gold_gain":0,"player_choice":"Got Potions","damage_taken":0,"max_hp_gain":0,"max_hp_loss":0,"event_name":"Lab","floor":13,"gold_loss":0},{"damage_healed":0,"gold_gain":0,"player_choice":"Read","damage_taken":0,"max_hp_gain":0,"max_hp_loss":0,"event_name":"The Library","floor":19,"gold_loss":0,"cards_obtained":["Backflip"]},{"damage_healed":0,"gold_gain":0,"player_choice":"Became a vampire (Vial)","damage_taken":0,"max_hp_gain":0,"max_hp_loss":0,"event_name":"Vampires","floor":30,"relics_lost":["Blood Vial"],"gold_loss":0,"cards_obtained":["Bite","Bite","Bite","Bite","Bite"]}],"is_beta":false,"boss_relics":[{"not_picked":["Ring of the Serpent","Empty Cage"],"picked":"Busted Crown"}],"items_purged_floors":[],"is_endless":false,"potions_floor_spawned":[2,5,8,14,24,29,31],"killed_by":"Champ","ascension_level":4}