{"gold_per_floor":[111,129,145,33,50,50,83,83,135,135,160,195,195,252,252,347,347,358,14,33,52,2,30,30,60,87,87,103,122,122,137,137,239,239,258,272,291,291,304,304,337,351,351,351,31,31,51,69,69,69],"floor_reached":50,"playtime":6088,"items_purged":["Defend_B","Strike_B","Strike_B"],"score":629,"play_id":"a2e08cf8-b08c-462b-ad45-f5e647cb5e4b","local_time":"20190516011319","is_ascension_mode":true,"campfire_choices":[{"data":"White Noise","floor":6.0,"key":"SMITH"},{"data":"Zap","floor":8.0,"key":"SMITH"},{"floor":13.0,"key":"REST"},{"floor":15.0,"key":"REST"},{"data":"Consume","floor":24.0,"key":"SMITH"},{"data":"Double Energy","floor":27.0,"key":"SMITH"},{"data":"Self Repair","floor":30.0,"key":"SMITH"},{"floor":32.0,"key":"REST"},{"floor":40,"key":"REST"},{"floor":46,"key":"REST"},{"floor":49,"key":"REST"}],"neow_cost":"NONE","seed_source_timestamp":0,"circlet_count":0,"master_deck":["Strike_B+1","Strike_B+1","Defend_B+1","Defend_B","Defend_B","Zap+1","Dualcast+1","Melter","White Noise+1","Ball Lightning","Reboot","Sweeping Beam","Storm","Core Surge","Consume+1","Self Repair+1","Coolheaded+1","Coolheaded+1","BootSequence","Double Energy+1","Sunder+1","Glacier","Buffer","Good Instincts","Cold Snap+1","Blizzard+1","Defragment"],"special_seed":0,"relics":["Cracked Core","Symbiotic Virus","DataDisk","Odd Mushroom","Whetstone","Happy Flower","Velvet Choker","Ancient Tea Set","PreservedInsect","Lantern","Regal Pillow","Busted Crown","War Paint","Meat on the Bone","Blood Vial"],"potions_floor_usage":[36,37,41,48,50,50],"damage_taken":[{"damage":0.0,"enemies":"Cultist","floor":1.0,"turns":3.0},{"damage":7.0,"enemies":"Jaw Worm","floor":2.0,"turns":2.0},{"damage":6.0,"enemies":"2 Louse","floor":3.0,"turns":2.0},{"damage":4.0,"enemies":"2 Fungi Beasts","floor":5.0,"turns":2.0},{"damage":15.0,"enemies":"Lagavulin","floor":7.0,"turns":3.0},{"damage":9.0,"enemies":"The Mushroom Lair","floor":11.0,"turns":3.0},{"damage":15.0,"enemies":"Gremlin Nob","floor":12.0,"turns":3.0},{"damage":20.0,"enemies":"Lagavulin Event","floor":14.0,"turns":3.0},{"damage":35.0,"enemies":"Hexaghost","floor":16.0,"turns":6.0},{"damage":0.0,"enemies":"Spheric Guardian","floor":18.0,"turns":1.0},{"damage":6.0,"enemies":"Chosen","floor":20.0,"turns":4.0},{"damage":19.0,"enemies":"Snake Plant","floor":21.0,"turns":3.0},{"damage":10.0,"enemies":"Slavers","floor":23.0,"turns":4.0},{"damage":7.0,"enemies":"Gremlin Leader","floor":25.0,"turns":4.0},{"damage":1.0,"enemies":"Cultist and Chosen","floor":28.0,"turns":4.0},{"damage":5.0,"enemies":"Centurion and Healer","floor":29.0,"turns":3.0},{"damage":11.0,"enemies":"Snake Plant","floor":31.0,"turns":2.0},{"damage":65.0,"enemies":"Collector","floor":33.0,"turns":8.0},{"damage":28,"enemies":"3 Darklings","floor":35,"turns":5},{"damage":4,"enemies":"3 Shapes","floor":36,"turns":4},{"damage":35,"enemies":"Writhing Mass","floor":37,"turns":4},{"damage":0,"enemies":"Sphere and 2 Shapes","floor":39,"turns":4},{"damage":58,"enemies":"Reptomancer","floor":41,"turns":7},{"damage":16,"enemies":"4 Shapes","floor":42,"turns":4},{"damage":47,"enemies":"Spire Growth","floor":47,"turns":4},{"damage":12,"enemies":"3 Darklings","floor":48,"turns":6},{"damage":97,"enemies":"Donu and Deca","floor":50,"turns":7}],"seed_played":"3359280844395674592","potions_obtained":[{"floor":2.0,"key":"Fire Potion"},{"floor":5.0,"key":"SteroidPotion"},{"floor":11.0,"key":"Regen Potion"},{"floor":12.0,"key":"Swift Potion"},{"floor":20.0,"key":"Fire Potion"},{"floor":23.0,"key":"SpeedPotion"},{"floor":25.0,"key":"SpeedPotion"},{"floor":29.0,"key":"Explosive Potion"},{"floor":36,"key":"Poison Potion"},{"floor":41,"key":"Poison Potion"},{"floor":47,"key":"Block Potion"},{"floor":48,"key":"Fire Potion"}],"is_trial":false,"path_per_floor":["M","M","M","$","M","R","E","R","T","?","?","E","R","?","R","B",null,"M","$","M","M","$","E","R","E","T","R","M","M","R","M","R","B",null,"M","M","M","?","M","R","E","M","T","?","$","R","M","M","R","B"],"character_chosen":"DEFECT","items_purchased":["White Noise","Self Repair","Coolheaded","Ancient Tea Set","Fire Potion","Blood Vial","Defragment"],"campfire_rested":6,"item_purchase_floors":[4,19,19,19,22,45,45],"current_hp_per_floor":[82,75,69,69,65,65,50,50,50,50,41,35,59,39,63,28,82,82,82,82,70,70,67,67,67,67,67,73,68,68,57,82,17,82,64,70,45,45,55,82,34,28,28,28,28,67,44,56,82,0],"gold":69,"neow_bonus":"TEN_PERCENT_HP_BONUS","is_prod":false,"is_daily":false,"chose_seed":false,"campfire_upgraded":5,"win_rate":0,"timestamp":1557940399,"path_taken":["M","M","?","$","M","R","E","R","T","?","?","E","R","?","R","BOSS","M","$","M","M","$","E","R","E","T","R","M","M","R","M","R","BOSS","M","M","M","?","M","R","E","M","T","?","$","R","M","M","R","BOSS"],"build_version":"2019-01-23","purchased_purges":3,"victory":false,"max_hp_per_floor":[82,82,82,82,82,82,82,82,82,82,82,82,82,82,82,82,82,82,82,82,82,82,82,82,82,82,82,82,82,82,82,82,82,82,82,82,82,82,82,82,82,82,82,82,82,82,82,82,82,82],"card_choices":[{"not_picked":["Rebound","Stack"],"picked":"Melter","floor":1.0},{"not_picked":["Auto Shields","Stack","Storm"],"picked":"SKIP","floor":2.0},{"not_picked":["Conserve Battery","Tempest","Beam Cell"],"picked":"SKIP","floor":3.0},{"not_picked":["Barrage","Recycle"],"picked":"Ball Lightning","floor":5.0},{"not_picked":["Reinforced Body","Hologram"],"picked":"Reboot","floor":7.0},{"not_picked":["Scrape","Turbo"],"picked":"Sweeping Beam","floor":11.0},{"not_picked":["Barrage","Streamline"],"picked":"Storm","floor":12.0},{"not_picked":["Amplify","Rainbow"],"picked":"Core Surge","floor":16.0},{"not_picked":["Auto Shields+1","Rebound"],"picked":"Consume","floor":18.0},{"not_picked":["Leap","Self Repair"],"picked":"Coolheaded+1","floor":20.0},{"not_picked":["Static Discharge","Rebound"],"picked":"BootSequence","floor":21.0},{"not_picked":["Beam Cell","Leap"],"picked":"Double Energy","floor":23.0},{"not_picked":["Stack","Coolheaded"],"picked":"Sunder+1","floor":25.0},{"not_picked":["Sweeping Beam","Static Discharge","Hologram"],"picked":"SKIP","floor":28.0},{"not_picked":["Loop","White Noise+1"],"picked":"Glacier","floor":29.0},{"not_picked":["Chaos","Turbo+1","Sweeping Beam"],"picked":"SKIP","floor":31.0},{"not_picked":["Reboot","All For One"],"picked":"Buffer","floor":33.0},{"not_picked":["Gash+1"],"picked":"SKIP","floor":35},{"not_picked":["Coolheaded+1"],"picked":"SKIP","floor":36},{"not_picked":["Beam Cell"],"picked":"SKIP","floor":37},{"not_picked":[],"picked":"Good Instincts","floor":38},{"not_picked":[],"picked":"Cold Snap+1","floor":39},{"not_picked":[],"picked":"Blizzard+1","floor":41},{"not_picked":["Force Field"],"picked":"SKIP","floor":42},{"not_picked":["Cold Snap+1"],"picked":"SKIP","floor":47},{"not_picked":["Beam Cell+1"],"picked":"SKIP","floor":48}],"player_experience":1057694,"relics_obtained":[{"floor":7.0,"key":"Symbiotic Virus"},{"floor":9.0,"key":"DataDisk"},{"floor":11.0,"key":"Odd Mushroom"},{"floor":12.0,"key":"Whetstone"},{"floor":23.0,"key":"PreservedInsect"},{"floor":25.0,"key":"Lantern"},{"floor":26.0,"key":"Regal Pillow"},{"floor":41,"key":"War Paint"},{"floor":43,"key":"Meat on the Bone"}],"event_choices":[{"damage_healed":0.0,"max_hp_gain":0.0,"max_hp_loss":0.0,"gold_gain":0.0,"event_name":"Living Wall","player_choice":"Grow","floor":10.0,"gold_loss":0.0,"damage_taken":0.0,"cards_upgraded":["Dualcast"]},{"damage_healed":0.0,"max_hp_gain":0.0,"max_hp_loss":0.0,"gold_gain":0.0,"event_name":"Mushrooms","player_choice":"Fought Mushrooms","floor":11.0,"gold_loss":0.0,"damage_taken":0.0},{"damage_healed":0.0,"max_hp_gain":0.0,"max_hp_loss":0.0,"gold_gain":0.0,"event_name":"Dead Adventurer","player_choice":"Searched \u00273\u0027 times","floor":14.0,"gold_loss":0.0,"damage_taken":0.0,"relics_obtained":["Happy Flower"]},{"damage_healed":0,"gold_gain":0,"player_choice":"Memory 1","damage_taken":0,"max_hp_gain":0,"max_hp_loss":0,"event_name":"SensoryStone","floor":38,"gold_loss":0},{"damage_healed":0,"gold_gain":0,"player_choice":"Ignored","damage_taken":0,"max_hp_gain":0,"max_hp_loss":0,"event_name":"Tomb of Lord Red Mask","floor":44,"gold_loss":0}],"is_beta":false,"boss_relics":[{"not_picked":["Tiny House","Fusion Hammer"],"picked":"Velvet Choker"},{"not_picked":["Runic Pyramid","Eternal Feather"],"picked":"Busted Crown"}],"items_purged_floors":[4,19,45],"is_endless":false,"potions_floor_spawned":[2,5,11,12,20,23,25,29,36,41,47,48],"killed_by":"Donu and Deca","ascension_level":4}