{"gold_per_floor":[215,229,229,0,19,49,49,81,108,143,158,158,158,173,173,274,274,287,287,212,212,228,255,268,328,375,375,407,15,34,45,45,147,147,157,1,17,27,40,40,65,65,92,118,118,133,133,146,146,146],"floor_reached":51,"playtime":7054,"items_purged":["Regret","Strike_G"],"score":1257,"play_id":"d926d6f5-cc17-4143-89de-d9afd3eaaf76","local_time":"20181006203405","is_ascension_mode":true,"campfire_choices":[{"floor":7.0,"key":"REST"},{"data":"Infinite Blades","floor":15.0,"key":"SMITH"},{"data":"Leg Sweep","floor":27.0,"key":"SMITH"},{"data":"Dash","floor":32.0,"key":"SMITH"},{"floor":40.0,"key":"REST"},{"floor":47,"key":"REST"},{"data":"1","floor":49,"key":"LIFT"}],"neow_cost":"NONE","seed_source_timestamp":125502270031368,"circlet_count":0,"master_deck":["Defend_G","Defend_G","Defend_G","Defend_G","Defend_G","Strike_G","Strike_G","Strike_G","Survivor","Neutralize+1","Quick Slash","Dagger Throw","Terror+1","Bane","Poisoned Stab","Infinite Blades+1","Blade Dance","Glass Knife","Dash","Leg Sweep+1","Ghostly","Ghostly","Ghostly","Ghostly","Ghostly","Dash+1","Phantasmal Killer","Cloak And Dagger","Riddle With Holes","A Thousand Cuts","Sucker Punch+1","Noxious Fumes+1","Backflip","Bullet Time","Deadly Poison+1","Backflip","All Out Attack+1"],"special_seed":0,"relics":["Ring of the Snake","Oddly Smooth Stone","PreservedInsect","Bronze Scales","Shuriken","Potion Belt","Strawberry","Snecko Eye","Letter Opener","Tiny Chest","Centennial Puzzle","Snake Skull","Mango","Busted Crown","Pen Nib","Orichalcum","Dream Catcher","Bird Faced Urn","Girya"],"potions_floor_usage":[50,50,50],"damage_taken":[{"damage":7.0,"enemies":"Jaw Worm","floor":1.0,"turns":6.0},{"damage":0.0,"enemies":"2 Louse","floor":2.0,"turns":4.0},{"damage":0.0,"enemies":"Cultist","floor":5.0,"turns":3.0},{"damage":4.0,"enemies":"Gremlin Nob","floor":6.0,"turns":3.0},{"damage":12.0,"enemies":"3 Sentries","floor":8.0,"turns":6.0},{"damage":8.0,"enemies":"Gremlin Nob","floor":10.0,"turns":3.0},{"damage":1.0,"enemies":"Blue Slaver","floor":11.0,"turns":4.0},{"damage":5.0,"enemies":"2 Fungi Beasts","floor":14.0,"turns":3.0},{"damage":0.0,"enemies":"Slime Boss","floor":16.0,"turns":4.0},{"damage":6.0,"enemies":"Shell Parasite","floor":18.0,"turns":4.0},{"damage":1.0,"enemies":"3 Byrds","floor":22.0,"turns":4.0},{"damage":0.0,"enemies":"Book of Stabbing","floor":23.0,"turns":5.0},{"damage":1.0,"enemies":"Cultist and Chosen","floor":24.0,"turns":5.0},{"damage":0.0,"enemies":"Gremlin Leader","floor":25.0,"turns":6.0},{"damage":3.0,"enemies":"Slavers","floor":28.0,"turns":3.0},{"damage":3.0,"enemies":"Snake Plant","floor":30.0,"turns":4.0},{"damage":1.0,"enemies":"Centurion and Healer","floor":31.0,"turns":7.0},{"damage":3.0,"enemies":"Automaton","floor":33.0,"turns":8.0},{"damage":0.0,"enemies":"3 Shapes","floor":35.0,"turns":3.0},{"damage":0.0,"enemies":"Orb Walker","floor":37.0,"turns":3.0},{"damage":0.0,"enemies":"4 Shapes","floor":38.0,"turns":7.0},{"damage":10.0,"enemies":"3 Darklings","floor":39.0,"turns":4.0},{"damage":16.0,"enemies":"2 Orb Walkers","floor":41.0,"turns":4.0},{"damage":0,"enemies":"Giant Head","floor":44,"turns":5},{"damage":0,"enemies":"Mind Bloom Boss Battle","floor":45,"turns":6},{"damage":12,"enemies":"Maw","floor":46,"turns":7},{"damage":0,"enemies":"4 Shapes","floor":48,"turns":6},{"damage":2,"enemies":"Time Eater","floor":50,"turns":9}],"seed_played":"979083717756944968","potions_obtained":[{"floor":1.0,"key":"Swift Potion"},{"floor":5.0,"key":"SneckoOil"},{"floor":6.0,"key":"GamblersBrew"},{"floor":10.0,"key":"SkillPotion"},{"floor":11.0,"key":"Block Potion"},{"floor":12.0,"key":"Swift Potion"},{"floor":12.0,"key":"FairyPotion"},{"floor":12.0,"key":"PowerPotion"},{"floor":18.0,"key":"Ancient Potion"},{"floor":22.0,"key":"PowerPotion"},{"floor":30.0,"key":"Dexterity Potion"},{"floor":33.0,"key":"EssenceOfSteel"},{"floor":38.0,"key":"GhostInAJar"},{"floor":41.0,"key":"Dexterity Potion"},{"floor":44,"key":"Energy Potion"}],"is_trial":false,"path_per_floor":["M","M","?","$","M","E","R","E","T","E","M","?","?","M","R","B",null,"M","?","?","?","M","E","M","E","T","R","E","$","M","M","R","B",null,"M","$","M","M","M","R","E","?","T","E","?","M","R","M","R","B"],"character_chosen":"THE_SILENT","items_purchased":["PreservedInsect","Mango","Pen Nib"],"campfire_rested":3,"item_purchase_floors":[4,29,36],"current_hp_per_floor":[56,56,56,56,56,52,70,58,58,57,56,56,41,36,36,36,67,61,61,61,38,37,37,36,36,36,36,33,47,44,43,43,40,49,49,49,49,49,39,52,36,36,36,36,42,36,51,52,52,50],"gold":146,"neow_bonus":"HUNDRED_GOLD","is_prod":false,"is_daily":false,"chose_seed":false,"campfire_upgraded":3,"win_rate":1,"timestamp":1538850845,"path_taken":["M","M","?","$","M","E","R","E","T","E","M","?","?","M","R","BOSS","M","?","?","?","M","E","M","E","T","R","E","$","M","?","R","BOSS","M","$","M","M","M","R","E","?","T","E","?","?","R","M","R","BOSS"],"build_version":"2018-10-04v2","purchased_purges":2,"victory":true,"max_hp_per_floor":[70,70,70,70,70,70,70,70,70,77,77,77,77,77,77,77,77,77,77,77,38,38,38,38,38,38,38,38,52,52,52,52,52,52,52,52,52,52,52,52,52,52,52,52,52,52,52,52,52,52],"card_choices":[{"not_picked":["Expertise","Poisoned Stab"],"picked":"Quick Slash","floor":1.0},{"not_picked":["Underhanded Strike","Accuracy"],"picked":"Dagger Throw","floor":2.0},{"not_picked":["Crippling Poison","Cloak And Dagger"],"picked":"Terror","floor":5.0},{"not_picked":["Underhanded Strike","Bouncing Flask"],"picked":"Bane","floor":6.0},{"not_picked":["Underhanded Strike","Outmaneuver"],"picked":"Poisoned Stab","floor":8.0},{"not_picked":["Glass Knife","Accuracy"],"picked":"Infinite Blades","floor":10.0},{"not_picked":["Caltrops","Underhanded Strike"],"picked":"Blade Dance","floor":11.0},{"not_picked":["Deadly Poison","Outmaneuver","Distraction"],"picked":"SKIP","floor":14.0},{"not_picked":["Bullet Time","Venomology"],"picked":"Glass Knife","floor":16.0},{"not_picked":["Distraction","Dagger Throw"],"picked":"Dash","floor":18.0},{"not_picked":["Acrobatics+1","Skewer"],"picked":"Dash","floor":22.0},{"not_picked":["Flying Knee+1","Well Laid Plans"],"picked":"Phantasmal Killer","floor":23.0},{"not_picked":["Distraction","Dodge and Roll"],"picked":"Cloak And Dagger","floor":24.0},{"not_picked":["Setup","Slice+1","Expertise"],"picked":"SKIP","floor":25.0},{"not_picked":["Escape Plan","Poisoned Stab"],"picked":"Riddle With Holes","floor":28.0},{"not_picked":["Distraction","Prepared","Bane"],"picked":"SKIP","floor":30.0},{"not_picked":["Sucker Punch+1","Deadly Poison","Backflip"],"picked":"SKIP","floor":31.0},{"not_picked":["Tools of the Trade","Adrenaline"],"picked":"A Thousand Cuts","floor":33.0},{"not_picked":["Calculated Gamble"],"picked":"SKIP","floor":35.0},{"not_picked":["Poisoned Stab+1"],"picked":"SKIP","floor":37.0},{"not_picked":[],"picked":"Sucker Punch+1","floor":38.0},{"not_picked":["Prepared+1"],"picked":"SKIP","floor":39.0},{"not_picked":[],"picked":"Noxious Fumes+1","floor":41.0},{"not_picked":[],"picked":"Deadly Poison+1","floor":44},{"not_picked":[],"picked":"Backflip","floor":45},{"not_picked":[],"picked":"All Out Attack+1","floor":46},{"not_picked":["Outmaneuver"],"picked":"SKIP","floor":48}],"player_experience":191428,"relics_obtained":[{"floor":6.0,"key":"Bronze Scales"},{"floor":8.0,"key":"Shuriken"},{"floor":9.0,"key":"Potion Belt"},{"floor":10.0,"key":"Strawberry"},{"floor":23.0,"key":"Letter Opener"},{"floor":25.0,"key":"Tiny Chest"},{"floor":26.0,"key":"Centennial Puzzle"},{"floor":28.0,"key":"Snake Skull"},{"floor":41.0,"key":"Orichalcum"},{"floor":43.0,"key":"Dream Catcher"},{"floor":44,"key":"Bird Faced Urn"},{"floor":45,"key":"Girya"}],"event_choices":[{"event_name":"Big Fish","player_choice":"Box","floor":3.0,"damage_taken":0.0},{"event_name":"The Lab","player_choice":"Got Potions","floor":12.0,"damage_taken":0.0},{"event_name":"Shining Light","player_choice":"Entered Light","floor":13.0,"damage_taken":0.0},{"event_name":"The Library","player_choice":"Read","floor":19.0,"damage_taken":0.0},{"event_name":"Beggar","player_choice":"Gave Gold","floor":20.0,"damage_taken":0.0},{"event_name":"Ghosts","player_choice":"Became a Ghost","floor":21.0,"damage_taken":0.0},{"event_name":"Match and Keep!","player_choice":"2 cards matched","floor":42.0,"damage_taken":0.0},{"event_name":"MindBloom","player_choice":"Fight","floor":45,"damage_taken":0}],"is_beta":false,"boss_relics":[{"not_picked":["Orrery","Black Star"],"picked":"Snecko Eye"},{"not_picked":["Coffee Dripper","WristBlade"],"picked":"Busted Crown"}],"items_purged_floors":[4,29],"is_endless":false,"potions_floor_spawned":[1,5,6,10,11,18,22,30,33,38,41,44,48],"ascension_level":8}