{"gold_per_floor":[19,29,45,63,83,115,115,129,129,129,304,148,163,163,163,287,287,310,334,334,240,261,261,261,261,261,261,261,272,272,272],"floor_reached":31,"playtime":1089,"items_purged":["Doubt"],"score":262,"play_id":"8075d74e-7cf3-4711-adf3-815a5ad70ad4","local_time":"20190804041010","is_ascension_mode":false,"campfire_choices":[{"data":"1","floor":7.0,"key":"LIFT"},{"data":"2","floor":10.0,"key":"LIFT"},{"data":"3","floor":15.0,"key":"LIFT"},{"floor":23.0,"key":"REST"},{"data":"Limit Break","floor":28.0,"key":"SMITH"}],"neow_cost":"NO_GOLD","seed_source_timestamp":4423869891006836,"circlet_count":0,"master_deck":["Strike_R","Strike_R","Strike_R","Strike_R","Strike_R","Defend_R","Defend_R","Defend_R","Defend_R","Bash","Flex","Intimidate","Twin Strike","Inflame","Battle Trance","Inflame","Limit Break+1","Writhe","Injury","Injury","Inflame","Flex","Inflame+1","RitualDagger","Writhe"],"special_seed":0,"relics":["Burning Blood","Girya","Pantograph","Bloody Idol","Calling Bell","Blue Candle","Centennial Puzzle","Nunchaku","Self Forming Clay"],"potions_floor_usage":[29,29,29],"damage_taken":[{"damage":6.0,"enemies":"2 Louse","floor":1.0,"turns":3.0},{"damage":6.0,"enemies":"Jaw Worm","floor":2.0,"turns":4.0},{"damage":3.0,"enemies":"Small Slimes","floor":3.0,"turns":4.0},{"damage":5.0,"enemies":"2 Fungi Beasts","floor":4.0,"turns":6.0},{"damage":28.0,"enemies":"Large Slime","floor":5.0,"turns":8.0},{"damage":23.0,"enemies":"Lagavulin","floor":6.0,"turns":5.0},{"damage":15.0,"enemies":"Red Slaver","floor":8.0,"turns":4.0},{"damage":13.0,"enemies":"2 Fungi Beasts","floor":13.0,"turns":3.0},{"damage":31.0,"enemies":"Hexaghost","floor":16.0,"turns":7.0},{"damage":30.0,"enemies":"Shell Parasite","floor":18.0,"turns":4.0},{"damage":23.0,"enemies":"3 Byrds","floor":19.0,"turns":5.0},{"damage":31.0,"enemies":"Snake Plant","floor":22.0,"turns":4.0},{"damage":27,"enemies":"Centurion and Healer","floor":29,"turns":6},{"damage":24,"enemies":"Colosseum Slavers","floor":30,"turns":4},{"damage":17,"enemies":"Chosen and Byrds","floor":31,"turns":4}],"seed_played":"-3452854020751695849","potions_obtained":[{"floor":1.0,"key":"SkillPotion"},{"floor":5.0,"key":"Swift Potion"},{"floor":6.0,"key":"EssenceOfSteel"},{"floor":8.0,"key":"Explosive Potion"}],"is_trial":false,"path_per_floor":["M","M","M","M","M","E","R","M","T","R","?","$","M","?","R","B",null,"M","M","?","$","M","R","?","?","T","?","R","M","?","M"],"character_chosen":"IRONCLAD","items_purchased":["Inflame","Inflame","Flex"],"campfire_rested":1,"item_purchase_floors":[12,21,21],"current_hp_per_floor":[96,96,96,96,74,57,57,48,48,48,48,48,41,41,41,41,89,65,48,48,48,23,49,43,43,43,43,43,27,9,0],"gold":272,"neow_bonus":"TWENTY_PERCENT_HP_BONUS","is_prod":false,"is_daily":false,"chose_seed":false,"campfire_upgraded":1,"win_rate":0,"timestamp":1564906210,"path_taken":["M","M","M","M","M","E","R","M","T","R","?","$","M","?","R","BOSS","M","M","?","$","M","R","?","?","T","?","R","M","?","M"],"build_version":"2019-07-17","purchased_purges":1,"victory":false,"max_hp_per_floor":[96,96,96,96,96,96,96,96,96,96,96,96,96,89,89,89,89,89,89,89,89,89,89,89,89,89,89,89,89,89,89],"card_choices":[{"not_picked":["Corruption","Havoc"],"picked":"Flex","floor":1.0},{"not_picked":["Fire Breathing","Thunderclap","Pommel Strike"],"picked":"SKIP","floor":2.0},{"not_picked":["Evolve","Sword Boomerang"],"picked":"Intimidate","floor":3.0},{"not_picked":["Twin Strike","Blood for Blood","Pommel Strike"],"picked":"SKIP","floor":4.0},{"not_picked":["Blood for Blood","Pommel Strike"],"picked":"Twin Strike","floor":4.0},{"not_picked":["Heavy Blade","Corruption"],"picked":"Inflame","floor":5.0},{"not_picked":["Infernal Blade","Body Slam"],"picked":"Battle Trance","floor":6.0},{"not_picked":["Havoc","True Grit","Dropkick"],"picked":"SKIP","floor":8.0},{"not_picked":["Pommel Strike","Fiend Fire","Clothesline"],"picked":"SKIP","floor":13.0},{"not_picked":["Berserk","Impervious"],"picked":"Limit Break","floor":16.0},{"not_picked":["Thunderclap","Anger","Dropkick"],"picked":"SKIP","floor":18.0},{"not_picked":["Thunderclap","Sentinel","Body Slam"],"picked":"SKIP","floor":19.0},{"not_picked":["Flex","Warcry"],"picked":"Inflame+1","floor":22.0},{"not_picked":["Burning Pact+1","Blood for Blood+1","Hemokinesis"],"picked":"SKIP","floor":29}],"player_experience":505796,"relics_obtained":[{"floor":6.0,"key":"Girya"},{"floor":9.0,"key":"Pantograph"},{"floor":17.0,"key":"Blue Candle"},{"floor":17.0,"key":"Centennial Puzzle"},{"floor":17.0,"key":"Nunchaku"}],"event_choices":[{"damage_healed":0.0,"max_hp_gain":0.0,"max_hp_loss":0.0,"gold_gain":175.0,"event_name":"Liars Game","player_choice":"AGREE","floor":11.0,"gold_loss":0.0,"damage_taken":0.0,"cards_obtained":["Doubt"]},{"damage_healed":0.0,"max_hp_gain":0.0,"max_hp_loss":7.0,"gold_gain":0.0,"event_name":"Golden Idol","player_choice":"Lose Max HP","floor":14.0,"gold_loss":0.0,"damage_taken":0.0,"relics_obtained":["Golden Idol"]},{"damage_healed":0.0,"max_hp_gain":0.0,"max_hp_loss":0.0,"gold_gain":0.0,"event_name":"Ghosts","player_choice":"Ignored","floor":20.0,"gold_loss":0.0,"damage_taken":0.0},{"damage_healed":0.0,"max_hp_gain":0.0,"max_hp_loss":0.0,"gold_gain":0.0,"event_name":"Nest","player_choice":"Joined the Cult","floor":24.0,"gold_loss":0.0,"damage_taken":6.0,"cards_obtained":["RitualDagger"]},{"damage_healed":0.0,"max_hp_gain":0.0,"max_hp_loss":0.0,"gold_gain":0.0,"event_name":"The Mausoleum","player_choice":"Opened","floor":25.0,"gold_loss":0.0,"damage_taken":0.0,"relics_obtained":["Self Forming Clay"],"cards_obtained":["Writhe"]},{"damage_healed":0.0,"max_hp_gain":0.0,"max_hp_loss":0.0,"gold_gain":0.0,"event_name":"Forgotten Altar","player_choice":"Gave Idol","floor":27.0,"relics_lost":["Golden Idol"],"gold_loss":0.0,"damage_taken":0.0,"relics_obtained":["Bloody Idol"]},{"damage_healed":0,"gold_gain":0,"player_choice":"Fight","damage_taken":0,"max_hp_gain":0,"max_hp_loss":0,"event_name":"Colosseum","floor":30,"gold_loss":0},{"damage_healed":0,"gold_gain":0,"player_choice":"Fled From Nobs","damage_taken":0,"max_hp_gain":0,"max_hp_loss":0,"event_name":"Colosseum","floor":30,"gold_loss":0}],"is_beta":false,"boss_relics":[{"not_picked":["Orrery","Astrolabe"],"picked":"Calling Bell"}],"items_purged_floors":[12],"is_endless":false,"potions_floor_spawned":[1,5,6,8,30],"killed_by":"Chosen and Byrds","ascension_level":0}