{"gold_per_floor":[109,119,17,29,104,104,115,215,286,301,317,317,328,346,346,447,447,457,468,468,481,481],"floor_reached":22,"playtime":1720,"items_purged":["Dualcast"],"score":182,"play_id":"2ab7a84c-a929-4ced-8668-e7c9f6b96e81","local_time":"20180624044541","is_ascension_mode":false,"campfire_choices":[{"data":"Genetic Algorithm","floor":6.0,"key":"SMITH"},{"data":"Gash","floor":12.0,"key":"SMITH"},{"floor":15.0,"key":"REST"}],"neow_cost":"","seed_source_timestamp":0,"circlet_count":0,"master_deck":["Strike_B","Strike_B","Strike_B","Strike_B","Defend_B","Defend_B","Defend_B","Defend_B","Zap+1","Gash+1","Glacier","Gash","Genetic Algorithm+1","Go for the Eyes","Rip and Tear","Streamline","Creative AI","Gash","Writhe","Defragment"],"special_seed":17705,"relics":["Cracked Core","Mummified Hand","Boot"],"potions_floor_usage":[18,22],"damage_taken":[{"damage":1.0,"enemies":"Small Slimes","floor":1.0,"turns":4.0},{"damage":1.0,"enemies":"Cultist","floor":2.0,"turns":3.0},{"damage":0.0,"enemies":"2 Louse","floor":4.0,"turns":2.0},{"damage":13.0,"enemies":"Exordium Thugs","floor":7.0,"turns":4.0},{"damage":1.0,"enemies":"2 Fungi Beasts","floor":10.0,"turns":3.0},{"damage":9.0,"enemies":"Exordium Wildlife","floor":11.0,"turns":3.0},{"damage":21.0,"enemies":"Gremlin Gang","floor":13.0,"turns":4.0},{"damage":2.0,"enemies":"2 Fungi Beasts","floor":14.0,"turns":2.0},{"damage":35.0,"enemies":"The Guardian","floor":16.0,"turns":12.0},{"damage":12,"enemies":"3 Byrds","floor":18,"turns":4},{"damage":21,"enemies":"Shell Parasite","floor":19,"turns":6},{"damage":18,"enemies":"Sentry and Sphere","floor":21,"turns":6},{"damage":24,"enemies":"3 Cultists","floor":22,"turns":5}],"seed_played":"-8978796532404244205","potions_obtained":[{"floor":4.0,"key":"SkillPotion"},{"floor":7.0,"key":"PowerPotion"},{"floor":13.0,"key":"Fire Potion"},{"floor":16.0,"key":"Explosive Potion"},{"floor":19,"key":"Strength Potion"}],"is_trial":false,"path_per_floor":["M","M","$","M","?","R","M","?","T","M","M","R","M","M","R","B",null,"M","M","?","M"],"character_chosen":"DEFECT","items_purchased":["Gash"],"campfire_rested":1,"item_purchase_floors":[],"current_hp_per_floor":[74,73,73,73,62,62,49,49,49,48,39,39,18,16,38,3,75,63,42,42,24,0],"gold":481,"neow_bonus":"","is_prod":false,"is_daily":false,"chose_seed":false,"campfire_upgraded":2,"win_rate":0,"timestamp":1529786741,"path_taken":["M","M","$","M","?","R","M","?","T","?","M","R","M","M","R","BOSS","M","M","?","M","M"],"build_version":"2018-06-21v2","purchased_purges":1,"victory":false,"max_hp_per_floor":[75,75,75,75,75,75,75,75,75,75,75,75,75,75,75,75,75,75,75,75,75,75],"card_choices":[{"not_picked":["Turbo","Coolheaded"],"picked":"Gash","floor":1.0},{"not_picked":["Coolheaded","Force Field"],"picked":"Glacier","floor":2.0},{"not_picked":["Beam Cell","Streamline"],"picked":"Genetic Algorithm","floor":4.0},{"not_picked":["Force Field","Compile Driver","Cold Snap"],"picked":"SKIP","floor":7.0},{"not_picked":["Conserve Battery","Reprogram"],"picked":"Go for the Eyes","floor":10.0},{"not_picked":["Skim","Barrage"],"picked":"Rip and Tear","floor":11.0},{"not_picked":["White Noise","Cold Snap"],"picked":"Streamline","floor":13.0},{"not_picked":["Redo","Sweeping Beam","Coolheaded"],"picked":"SKIP","floor":14.0},{"not_picked":["Amplify","Rainbow"],"picked":"Creative AI","floor":16.0},{"not_picked":["Reprogram","Turbo","Consume"],"picked":"SKIP","floor":18},{"not_picked":["Ball Lightning+1","Barrage"],"picked":"Gash","floor":19},{"not_picked":["Sweeping Beam","Glacier"],"picked":"Defragment","floor":21}],"player_experience":560723,"relics_obtained":[{"floor":9.0,"key":"Mummified Hand"}],"event_choices":[{"event_name":"World of Goop","player_choice":"Gather Gold","floor":5.0,"damage_taken":0.0},{"event_name":"Golden Shrine","player_choice":"Pray","floor":8.0,"damage_taken":0.0},{"event_name":"The Mausoleum","player_choice":"Yes","floor":20,"damage_taken":0}],"boss_relics":[{"not_picked":["Cursed Key","Philosopher\u0027s Stone","Sozu"]}],"items_purged_floors":[],"is_endless":false,"potions_floor_spawned":[4,7,13,16,19],"killed_by":"3 Cultists","ascension_level":0}