{"gold_per_floor":[364,364,117,127,137,168,168,201,227,252,252,309,322,336,336,435,435,452,472,487,199,199,230,241,241,265,265,109,109,109,109,109,212,212,228,238,256,13,58,58,58,58,58,58,88,100,100,110,110,110],"floor_reached":50,"playtime":3111,"items_purged":[],"score":523,"play_id":"b1e42bd9-0034-4d0a-9c4e-b5ab59d34075","local_time":"20190620233300","is_ascension_mode":false,"campfire_choices":[{"floor":7.0,"key":"REST"},{"floor":15.0,"key":"REST"},{"floor":25.0,"key":"REST"},{"data":"Armaments","floor":27.0,"key":"SMITH"},{"data":"Double Tap","floor":29.0,"key":"SMITH"},{"floor":32.0,"key":"REST"},{"floor":40.0,"key":"REST"},{"floor":42.0,"key":"REST"},{"data":"Heavy Blade","floor":47.0,"key":"SMITH"},{"floor":49.0,"key":"REST"}],"neow_cost":"PERCENT_DAMAGE","seed_source_timestamp":603395142114253,"circlet_count":0,"master_deck":["Strike_R","Strike_R","Strike_R","Strike_R","Strike_R","Defend_R","Defend_R","Defend_R","Bash","Shrug It Off","Inflame","Armaments+1","Pummel","Bludgeon+1","Uppercut","Inflame","Impervious","Pummel","Flash of Steel","Heavy Blade+1","Shrug It Off","Shame","Double Tap+1","Limit Break+1","Shockwave+1","Dropkick+1","Writhe","Writhe","Parasite"],"special_seed":0,"relics":["Burning Blood","Dodecahedron","Lantern","Smiling Mask","Vajra","Odd Mushroom","Potion Belt","Cursed Key","Mercury Hourglass","Bronze Scales","Philosopher\u0027s Stone","Paper Frog","Thread and Needle","Magic Flower","Shuriken"],"potions_floor_usage":[50],"damage_taken":[{"damage":0.0,"enemies":"Small Slimes","floor":1.0,"turns":3.0},{"damage":0.0,"enemies":"2 Louse","floor":4.0,"turns":4.0},{"damage":12.0,"enemies":"Jaw Worm","floor":5.0,"turns":4.0},{"damage":36.0,"enemies":"3 Sentries","floor":6.0,"turns":11.0},{"damage":26.0,"enemies":"Lagavulin","floor":8.0,"turns":7.0},{"damage":18.0,"enemies":"The Mushroom Lair","floor":10.0,"turns":5.0},{"damage":24.0,"enemies":"3 Sentries","floor":12.0,"turns":9.0},{"damage":2.0,"enemies":"Blue Slaver","floor":13.0,"turns":4.0},{"damage":0.0,"enemies":"Exordium Thugs","floor":14.0,"turns":5.0},{"damage":55.0,"enemies":"Hexaghost","floor":16.0,"turns":12.0},{"damage":17.0,"enemies":"Shell Parasite","floor":18.0,"turns":4.0},{"damage":5.0,"enemies":"Chosen","floor":19.0,"turns":3.0},{"damage":0.0,"enemies":"Snecko","floor":20.0,"turns":3.0},{"damage":40.0,"enemies":"Slavers","floor":23.0,"turns":5.0},{"damage":16.0,"enemies":"Snake Plant","floor":24.0,"turns":3.0},{"damage":60.0,"enemies":"Collector","floor":33.0,"turns":8.0},{"damage":8.0,"enemies":"Orb Walker","floor":35.0,"turns":3.0},{"damage":10.0,"enemies":"3 Shapes","floor":36.0,"turns":3.0},{"damage":24.0,"enemies":"Spire Growth","floor":37.0,"turns":3.0},{"damage":43.0,"enemies":"2 Orb Walkers","floor":39.0,"turns":4.0},{"damage":8.0,"enemies":"Giant Head","floor":45.0,"turns":6.0},{"damage":0.0,"enemies":"Writhing Mass","floor":46.0,"turns":3.0},{"damage":36.0,"enemies":"3 Darklings","floor":48.0,"turns":4.0},{"damage":82,"enemies":"Awakened One","floor":50,"turns":7}],"seed_played":"-2939518427817598349","potions_obtained":[{"floor":6.0,"key":"Energy Potion"},{"floor":8.0,"key":"Block Potion"},{"floor":10.0,"key":"Energy Potion"},{"floor":14.0,"key":"SmokeBomb"},{"floor":18.0,"key":"SkillPotion"},{"floor":19.0,"key":"Energy Potion"},{"floor":37.0,"key":"Block Potion"},{"floor":39.0,"key":"GamblersBrew"},{"floor":45.0,"key":"FearPotion"},{"floor":46.0,"key":"Dexterity Potion"}],"is_trial":false,"path_per_floor":["M","?","$","M","M","E","R","E","T","?","?","?","M","M","R","B",null,"M","M","M","$","?","E","M","R","T","R","$","R","$","?","R","B",null,"M","M","M","$","?","R","?","R","T","?","E","M","R","M","R","B"],"character_chosen":"IRONCLAD","items_purchased":["Dodecahedron","Impervious","Pummel","Flash of Steel","Double Tap","Paper Frog"],"campfire_rested":7,"item_purchase_floors":[3,21,21,21,28,38],"current_hp_per_floor":[62,55,55,61,55,25,49,29,29,17,43,25,29,35,59,10,80,69,70,76,76,76,42,32,56,56,56,56,56,56,56,80,26,80,78,74,56,56,19,43,63,80,80,80,80,80,80,53,77,0],"gold":110,"neow_bonus":"TWO_FIFTY_GOLD","is_prod":false,"is_daily":false,"chose_seed":false,"campfire_upgraded":3,"win_rate":0,"timestamp":1561087980,"path_taken":["M","?","$","M","M","E","R","E","T","?","?","?","M","M","R","BOSS","M","M","M","$","?","E","M","R","T","R","$","R","$","?","R","BOSS","M","M","M","$","?","R","?","R","T","?","E","M","R","?","R","BOSS"],"build_version":"2019-01-23","purchased_purges":0,"victory":false,"max_hp_per_floor":[80,80,80,80,80,80,80,80,80,80,80,80,80,80,80,80,80,80,80,80,80,80,80,80,80,80,80,80,80,80,80,80,80,80,80,80,80,80,80,80,80,80,80,80,80,80,80,80,80,80],"card_choices":[{"not_picked":["Cleave","Clothesline"],"picked":"Shrug It Off","floor":1.0},{"not_picked":["Anger","Rampage"],"picked":"Inflame","floor":4.0},{"not_picked":["Fire Breathing","Evolve"],"picked":"Armaments","floor":5.0},{"not_picked":["Second Wind","Thunderclap","Flex"],"picked":"SKIP","floor":6.0},{"not_picked":["Feel No Pain","Offering","Clothesline"],"picked":"SKIP","floor":8.0},{"not_picked":["Headbutt","Armaments"],"picked":"Pummel","floor":13.0},{"not_picked":["Spot Weakness","Corruption","Sentinel"],"picked":"SKIP","floor":14.0},{"not_picked":["Dark Embrace","Immolate"],"picked":"Bludgeon","floor":16.0},{"not_picked":["Havoc","Warcry+1"],"picked":"Uppercut","floor":18.0},{"not_picked":["Havoc","Perfected Strike","Cleave"],"picked":"SKIP","floor":19.0},{"not_picked":["Havoc+1","Body Slam"],"picked":"Inflame","floor":20.0},{"not_picked":["Burning Pact","Hemokinesis"],"picked":"Shrug It Off","floor":23.0},{"not_picked":["Sword Boomerang","Rampage","Clash+1"],"picked":"SKIP","floor":24.0},{"not_picked":["Exhume","Reaper"],"picked":"Limit Break","floor":33.0},{"not_picked":["Sword Boomerang","Iron Wave+1","Intimidate+1"],"picked":"SKIP","floor":35.0},{"not_picked":["Heavy Blade","Clash+1"],"picked":"Shockwave+1","floor":36.0},{"not_picked":["Ghostly Armor","Sword Boomerang+1","Headbutt"],"picked":"SKIP","floor":37.0},{"not_picked":["Cleave","Flex"],"picked":"Dropkick+1","floor":39.0},{"not_picked":["Berserk","Anger+1","Bludgeon"],"picked":"SKIP","floor":45.0},{"not_picked":["Heavy Blade","Thunderclap+1","Armaments"],"picked":"SKIP","floor":46.0},{"not_picked":["Warcry+1","Clash+1","Cleave+1"],"picked":"SKIP","floor":48.0}],"player_experience":389056,"relics_obtained":[{"floor":6.0,"key":"Lantern"},{"floor":8.0,"key":"Smiling Mask"},{"floor":9.0,"key":"Vajra"},{"floor":10.0,"key":"Odd Mushroom"},{"floor":12.0,"key":"Potion Belt"},{"floor":23.0,"key":"Mercury Hourglass"},{"floor":26.0,"key":"Bronze Scales"},{"floor":39.0,"key":"Thread and Needle"},{"floor":43.0,"key":"Magic Flower"},{"floor":45.0,"key":"Shuriken"}],"event_choices":[{"cards_removed":["Defend_R"],"damage_healed":0.0,"max_hp_gain":0.0,"max_hp_loss":0.0,"gold_gain":0.0,"event_name":"Golden Wing","player_choice":"Card Removal","floor":2.0,"gold_loss":0.0,"damage_taken":7.0},{"damage_healed":0.0,"max_hp_gain":0.0,"max_hp_loss":0.0,"gold_gain":0.0,"event_name":"Mushrooms","player_choice":"Fought Mushrooms","floor":10.0,"gold_loss":0.0,"damage_taken":0.0},{"damage_healed":26.0,"max_hp_gain":0.0,"max_hp_loss":0.0,"gold_gain":0.0,"event_name":"Big Fish","player_choice":"Banana","floor":11.0,"gold_loss":0.0,"damage_taken":0.0},{"damage_healed":0.0,"max_hp_gain":0.0,"max_hp_loss":0.0,"gold_gain":0.0,"event_name":"Dead Adventurer","player_choice":"Searched \u00271\u0027 times","floor":12.0,"gold_loss":0.0,"damage_taken":0.0},{"damage_healed":0.0,"max_hp_gain":0.0,"max_hp_loss":0.0,"gold_gain":0.0,"event_name":"The Library","player_choice":"Read","floor":22.0,"gold_loss":0.0,"damage_taken":0.0,"cards_obtained":["Heavy Blade"]},{"damage_healed":0.0,"max_hp_gain":0.0,"max_hp_loss":0.0,"gold_gain":0.0,"event_name":"Upgrade Shrine","player_choice":"Upgraded","floor":31.0,"gold_loss":0.0,"damage_taken":0.0,"cards_upgraded":["Bludgeon"]},{"damage_healed":0.0,"max_hp_gain":0.0,"max_hp_loss":0.0,"gold_gain":0.0,"event_name":"Mysterious Sphere","player_choice":"Fight","floor":39.0,"gold_loss":0.0,"damage_taken":0.0},{"damage_healed":20.0,"max_hp_gain":0.0,"max_hp_loss":0.0,"gold_gain":0.0,"event_name":"Winding Halls","player_choice":"Writhe","floor":41.0,"gold_loss":0.0,"damage_taken":0.0,"cards_obtained":["Writhe"]},{"damage_healed":0.0,"max_hp_gain":0.0,"max_hp_loss":0.0,"gold_gain":0.0,"event_name":"Upgrade Shrine","player_choice":"Upgraded","floor":44.0,"gold_loss":0.0,"damage_taken":0.0,"cards_upgraded":["Limit Break"]}],"is_beta":false,"boss_relics":[{"not_picked":["Astrolabe","White Beast Statue"],"picked":"Cursed Key"},{"not_picked":["Runic Dome","Pandora\u0027s Box"],"picked":"Philosopher\u0027s Stone"}],"items_purged_floors":[],"is_endless":false,"potions_floor_spawned":[6,8,10,14,18,19,37,39,45,46],"killed_by":"Awakened One","ascension_level":0}