{"gold_per_floor":[19,30,42,59,59,91,91,111,138,138,211,227,227,237,237,338,338,354,366,366,377,377,389,312,312],"floor_reached":25,"playtime":1808,"items_purged":[],"score":207,"play_id":"0aefba0a-f33d-48ca-931f-ec8574c10bd7","local_time":"20180624141202","is_ascension_mode":false,"campfire_choices":[{"data":"Electrodynamics","floor":7,"key":"SMITH"},{"data":"Zap","floor":10,"key":"SMITH"},{"floor":15,"key":"REST"}],"neow_cost":"NO_GOLD","seed_source_timestamp":59598705107842,"circlet_count":0,"master_deck":["Strike_B+1","Strike_B+1","Strike_B+1","Defend_B+1","Defend_B+1","Defend_B+1","Defend_B+1","Zap+1","Dualcast","Electrodynamics+1","Go for the Eyes","Conserve Battery","Doom and Gloom","Redo","Lockon","BootSequence","Rebound","White Noise","Core Surge","Melter","J.A.X."],"relics":["Cracked Core","Bag of Preparation","Art of War","The Courier","Inserter","Enchiridion"],"potions_floor_usage":[4,6,14,16,18,19,21],"damage_taken":[{"damage":6,"enemies":"Cultist","floor":1,"turns":3},{"damage":0,"enemies":"2 Louse","floor":2,"turns":3},{"damage":5,"enemies":"Small Slimes","floor":3,"turns":3},{"damage":0,"enemies":"3 Louse","floor":4,"turns":2},{"damage":12,"enemies":"3 Sentries","floor":6,"turns":4},{"damage":2,"enemies":"Blue Slaver","floor":8,"turns":4},{"damage":6,"enemies":"2 Fungi Beasts","floor":12,"turns":3},{"damage":0,"enemies":"Looter","floor":14,"turns":2},{"damage":24,"enemies":"The Guardian","floor":16,"turns":10},{"damage":0,"enemies":"3 Byrds","floor":18,"turns":4},{"damage":13,"enemies":"2 Thieves","floor":19,"turns":3},{"damage":20,"enemies":"Sentry and Sphere","floor":21,"turns":4},{"damage":2,"enemies":"Centurion and Healer","floor":23,"turns":3},{"damage":29,"enemies":"Slavers","floor":25,"turns":2}],"seed_played":"-3193547022639806382","potions_obtained":[{"floor":2,"key":"SpeedPotion"},{"floor":3,"key":"Explosive Potion"},{"floor":6,"key":"Strength Potion"},{"floor":12,"key":"AttackPotion"},{"floor":14,"key":"AttackPotion"},{"floor":16,"key":"SkillPotion"},{"floor":19,"key":"AttackPotion"}],"is_trial":false,"path_per_floor":["M","M","M","M","$","E","R","M","T","R","T","M","?","M","R","B",null,"M","M","?","M","?","M","?"],"character_chosen":"DEFECT","items_purchased":[],"campfire_rested":1,"item_purchase_floors":[],"current_hp_per_floor":[69,69,64,64,64,52,52,50,50,50,50,44,44,44,66,42,75,75,62,62,42,26,24,24,0],"gold":312,"neow_bonus":"THREE_RARE_CARDS","is_prod":false,"is_daily":false,"chose_seed":false,"campfire_upgraded":2,"win_rate":0,"timestamp":1529820722,"path_taken":["M","M","M","M","$","E","R","M","T","R","?","?","?","M","R","BOSS","M","?","?","M","?","M","?","E"],"build_version":"2018-06-21v2","purchased_purges":0,"victory":false,"max_hp_per_floor":[75,75,75,75,75,75,75,75,75,75,75,75,75,75,75,75,75,75,75,75,75,75,75,75,75],"card_choices":[{"not_picked":["Reboot","Hyperbeam"],"picked":"Electrodynamics","floor":0},{"not_picked":["Turbo","Sweeping Beam"],"picked":"Go for the Eyes","floor":1},{"not_picked":["Beam Cell","Reinforced Body"],"picked":"Conserve Battery","floor":2},{"not_picked":["Barrage","Compile Driver"],"picked":"Doom and Gloom","floor":3},{"not_picked":["Ball Lightning","Reinforced Body"],"picked":"Redo","floor":4},{"not_picked":["Gash","Stack"],"picked":"Lockon","floor":6},{"not_picked":["Sweeping Beam","Barrage"],"picked":"BootSequence","floor":8},{"not_picked":["Leap","Hologram"],"picked":"Rebound","floor":12},{"not_picked":["Go for the Eyes","Barrage"],"picked":"White Noise","floor":14},{"not_picked":["Meteor Strike","Amplify"],"picked":"Core Surge","floor":16},{"not_picked":["Lockon","Ball Lightning"],"picked":"Melter","floor":18},{"not_picked":["Redo","Coolheaded","Chill"],"picked":"SKIP","floor":19},{"not_picked":["Reinforced Body","Beam Cell","Go for the Eyes+1"],"picked":"SKIP","floor":21},{"not_picked":["Scrape+1","Ball Lightning","Streamline"],"picked":"SKIP","floor":23}],"player_experience":568460,"relics_obtained":[{"floor":6,"key":"Bag of Preparation"},{"floor":9,"key":"Art of War"},{"floor":11,"key":"The Courier"},{"floor":22,"key":"Enchiridion"}],"event_choices":[{"event_name":"Bonfire Elementals","player_choice":"BASIC","floor":13,"damage_taken":0},{"event_name":"Back to Basics","player_choice":"Simplicity","floor":20,"damage_taken":0},{"event_name":"Cursed Tome","player_choice":"Obtained Book","floor":22,"damage_taken":0},{"event_name":"Drug Dealer","player_choice":"Got JAXXED","floor":24,"damage_taken":0}],"boss_relics":[{"not_picked":["Runic Dome","Velvet Choker"],"picked":"Inserter"}],"items_purged_floors":[],"is_endless":false,"potions_floor_spawned":[2,3,6,12,14,16,19],"killed_by":"Slavers","ascension_level":0}