{"gold_per_floor":[114,39,59,71,71,71,171,200,224,224,224,244,73,100,100,202,202,213,213,14,113,11,11,39,39,39,39,39,39,39,68,68,171,171,185,15,32,52,152,152,206,241,265,293,293,293,293,342,342,342,342,342,47,74,74],"floor_reached":55,"playtime":8608,"items_purged":["Defend_B","Defend_B","Strike_B","Strike_B","Defend_B"],"score":1205,"play_id":"86c68d37-3ac0-4302-a5f2-4d02fcfb747d","local_time":"20190913185830","is_ascension_mode":true,"campfire_choices":[{"floor":6.0,"key":"RECALL"},{"data":"Glacier","floor":10.0,"key":"SMITH"},{"data":"Ball Lightning","floor":15.0,"key":"SMITH"},{"data":"Defragment","floor":23.0,"key":"SMITH"},{"data":"Electrodynamics","floor":25.0,"key":"SMITH"},{"data":"Cold Snap","floor":30.0,"key":"SMITH"},{"data":"Cold Snap","floor":32.0,"key":"SMITH"},{"data":"Cold Snap","floor":40.0,"key":"SMITH"},{"data":"Seek","floor":46.0,"key":"SMITH"},{"data":"Skim","floor":49.0,"key":"SMITH"},{"data":"Dualcast","floor":52.0,"key":"SMITH"}],"neow_cost":"NONE","seed_source_timestamp":0,"circlet_count":0,"master_deck":["Defend_B+1","Zap","Dualcast+1","Lockon+1","Ball Lightning+1","Cold Snap+1","Glacier+1","Core Surge","Electrodynamics+1","Defragment+1","Cold Snap+1","Seek+1","Cold Snap+1","Capacitor+1","Hologram+1","Hologram+1","Skim+1","Loop+1"],"special_seed":0,"relics":["Cracked Core","Ancient Tea Set","Juzu Bracelet","Omamori","Velvet Choker","MutagenicStrength","PreservedInsect","Meat on the Bone","Necronomicon","Du-Vu Doll","Smiling Mask","Coffee Dripper","Ice Cream","Ornamental Fan","Blood Vial","Happy Flower","Calipers","Centennial Puzzle","Blue Candle"],"potions_floor_usage":[55,55],"damage_taken":[{"damage":1.0,"enemies":"Cultist","floor":1.0,"turns":4.0},{"damage":0.0,"enemies":"2 Louse","floor":3.0,"turns":3.0},{"damage":0.0,"enemies":"Small Slimes","floor":4.0,"turns":2.0},{"damage":22.0,"enemies":"3 Sentries","floor":8.0,"turns":9.0},{"damage":3.0,"enemies":"Gremlin Gang","floor":12.0,"turns":3.0},{"damage":0.0,"enemies":"Gremlin Nob","floor":14.0,"turns":2.0},{"damage":10.0,"enemies":"The Guardian","floor":16.0,"turns":10.0},{"damage":0.0,"enemies":"3 Byrds","floor":18.0,"turns":2.0},{"damage":0.0,"enemies":"Book of Stabbing","floor":24.0,"turns":5.0},{"damage":0.0,"enemies":"Slavers","floor":31.0,"turns":3.0},{"damage":77.0,"enemies":"Automaton","floor":33.0,"turns":7.0},{"damage":9.0,"enemies":"Orb Walker","floor":35.0,"turns":2.0},{"damage":0.0,"enemies":"3 Shapes","floor":37.0,"turns":2.0},{"damage":27.0,"enemies":"Spire Growth","floor":38.0,"turns":4.0},{"damage":0.0,"enemies":"Mind Bloom Boss Battle","floor":39.0,"turns":3.0},{"damage":0.0,"enemies":"Giant Head","floor":42.0,"turns":6.0},{"damage":2.0,"enemies":"Reptomancer","floor":44.0,"turns":5.0},{"damage":6.0,"enemies":"2 Orb Walkers","floor":48.0,"turns":4.0},{"damage":0.0,"enemies":"Donu and Deca","floor":50.0,"turns":12.0},{"damage":11.0,"enemies":"Shield and Spear","floor":54.0,"turns":6.0},{"damage":59,"enemies":"The Heart","floor":55,"turns":3}],"seed_played":"-2993317518479446145","potions_obtained":[{"floor":3.0,"key":"FairyPotion"},{"floor":4.0,"key":"FocusPotion"},{"floor":12.0,"key":"FearPotion"},{"floor":14.0,"key":"SkillPotion"},{"floor":35.0,"key":"Poison Potion"},{"floor":42.0,"key":"Explosive Potion"}],"is_trial":false,"path_per_floor":["M","$","M","M","?","R","?","E","T","R","?","M","$","E","R","B",null,"M","?","$","?","$","R","E","R","T","$","?","?","R","E","R","B",null,"M","$","M","M","?","R","T","E","T","E","?","R","?","?","R","B",null,"R","$","E","B"],"character_chosen":"DEFECT","items_purchased":["Regen Potion","Defragment","Block Potion","SteroidPotion","GamblersBrew","Dexterity Potion","Centennial Puzzle","PowerPotion","SkillPotion"],"campfire_rested":0,"item_purchase_floors":[13,20,22,22,36,36,53,53,53],"current_hp_per_floor":[67,67,67,67,67,67,67,45,45,45,30,27,27,27,27,32,64,64,64,64,64,64,64,64,64,64,64,48,48,48,48,48,19,61,52,52,52,37,49,49,49,49,49,49,49,49,49,45,45,47,65,65,65,56,0],"gold":74,"neow_bonus":"REMOVE_CARD","is_prod":false,"is_daily":false,"chose_seed":false,"campfire_upgraded":10,"win_rate":0,"timestamp":1568393910,"path_taken":["M","$","M","?","?","R","?","E","T","R","?","M","$","E","R","BOSS","M","?","$","?","$","R","E","R","T","?","?","?","R","E","R","BOSS","M","$","M","M","?","R","?","E","T","E","?","R","?","?","R","BOSS","R","$","E","BOSS"],"build_version":"2019-07-17","purchased_purges":5,"victory":false,"max_hp_per_floor":[75,75,75,75,75,75,75,75,75,75,75,75,75,75,75,75,75,75,75,75,75,75,75,75,75,75,75,75,75,75,75,75,75,75,75,75,75,75,75,75,75,75,75,75,71,71,71,71,71,71,71,71,71,71,71],"card_choices":[{"not_picked":["Stack","Rebound"],"picked":"Lockon","floor":1.0},{"not_picked":["Barrage","Beam Cell"],"picked":"Ball Lightning","floor":3.0},{"not_picked":["Barrage","Conserve Battery"],"picked":"Cold Snap","floor":4.0},{"not_picked":["Gash","Sweeping Beam"],"picked":"Glacier","floor":8.0},{"not_picked":["Compile Driver","Turbo"],"picked":"Core Surge","floor":12.0},{"not_picked":["Stack","Streamline"],"picked":"Barrage","floor":14.0},{"not_picked":["Buffer","Seek"],"picked":"Electrodynamics","floor":16.0},{"not_picked":["Leap+1","Turbo+1","Go for the Eyes"],"picked":"SKIP","floor":18.0},{"not_picked":["Barrage","Leap+1"],"picked":"Cold Snap","floor":24.0},{"not_picked":["Compile Driver","Steam","Melter"],"picked":"SKIP","floor":31.0},{"not_picked":["Meteor Strike","Thunder Strike"],"picked":"Seek","floor":33.0},{"not_picked":["Sunder+1","Capacitor+1"],"picked":"Cold Snap","floor":35.0},{"not_picked":["Ball Lightning","Genetic Algorithm"],"picked":"Capacitor+1","floor":37.0},{"not_picked":["Streamline","Storm+1","Fusion"],"picked":"SKIP","floor":38.0},{"not_picked":["Doom and Gloom+1","Conserve Battery"],"picked":"Hologram+1","floor":42.0},{"not_picked":["Undo","Barrage+1"],"picked":"Hologram+1","floor":44.0},{"not_picked":["Barrage+1","Coolheaded+1"],"picked":"Skim","floor":48.0},{"not_picked":["Ball Lightning+1","Consume+1"],"picked":"Loop+1","floor":54.0}],"player_experience":286782,"relics_obtained":[{"floor":8.0,"key":"Ancient Tea Set"},{"floor":9.0,"key":"Juzu Bracelet"},{"floor":14.0,"key":"Omamori"},{"floor":24.0,"key":"PreservedInsect"},{"floor":26.0,"key":"Meat on the Bone"},{"floor":28.0,"key":"Necronomicon"},{"floor":31.0,"key":"Smiling Mask"},{"floor":39.0,"key":"Ice Cream"},{"floor":42.0,"key":"Ornamental Fan"},{"floor":43.0,"key":"Blood Vial"},{"floor":44.0,"key":"Happy Flower"},{"floor":48.0,"key":"Calipers"},{"floor":54.0,"key":"Blue Candle"}],"event_choices":[{"cards_removed":["Strike_B"],"damage_healed":0.0,"max_hp_gain":0.0,"max_hp_loss":0.0,"gold_gain":0.0,"event_name":"Living Wall","player_choice":"Forget","floor":5.0,"gold_loss":0.0,"damage_taken":0.0},{"damage_healed":0.0,"max_hp_gain":0.0,"max_hp_loss":0.0,"gold_gain":100.0,"event_name":"Golden Shrine","player_choice":"Pray","floor":7.0,"gold_loss":0.0,"damage_taken":0.0},{"damage_healed":0.0,"max_hp_gain":0.0,"max_hp_loss":0.0,"gold_gain":0.0,"event_name":"Shining Light","player_choice":"Entered Light","floor":11.0,"gold_loss":0.0,"damage_taken":15.0,"cards_upgraded":["Lockon","Defend_B"]},{"damage_healed":0.0,"max_hp_gain":0.0,"max_hp_loss":0.0,"gold_gain":0.0,"event_name":"Drug Dealer","player_choice":"Inject Mutagens","floor":19.0,"gold_loss":0.0,"damage_taken":0.0,"relics_obtained":["MutagenicStrength"]},{"damage_healed":0.0,"max_hp_gain":0.0,"max_hp_loss":0.0,"gold_gain":99.0,"event_name":"Nest","player_choice":"Stole From Cult","floor":21.0,"gold_loss":0.0,"damage_taken":0.0},{"damage_healed":0.0,"max_hp_gain":0.0,"max_hp_loss":0.0,"gold_gain":0.0,"event_name":"Cursed Tome","player_choice":"Obtained Book","floor":28.0,"gold_loss":0.0,"damage_taken":16.0},{"damage_healed":0.0,"max_hp_gain":0.0,"max_hp_loss":0.0,"gold_gain":0.0,"event_name":"The Mausoleum","player_choice":"Opened","floor":29.0,"gold_loss":0.0,"damage_taken":0.0,"relics_obtained":["Du-Vu Doll"]},{"damage_healed":0.0,"max_hp_gain":0.0,"max_hp_loss":0.0,"gold_gain":0.0,"event_name":"MindBloom","player_choice":"Fight","floor":39.0,"gold_loss":0.0,"damage_taken":0.0},{"damage_healed":0.0,"max_hp_gain":0.0,"max_hp_loss":4.0,"gold_gain":0.0,"event_name":"Winding Halls","player_choice":"Max HP","floor":45.0,"gold_loss":0.0,"damage_taken":0.0},{"cards_removed":["Barrage"],"damage_healed":0.0,"max_hp_gain":0.0,"max_hp_loss":0.0,"gold_gain":0.0,"event_name":"Falling","player_choice":"Removed Attack","floor":47.0,"gold_loss":0.0,"damage_taken":0.0},{"damage_healed":0.0,"max_hp_gain":0.0,"max_hp_loss":0.0,"gold_gain":0.0,"event_name":"Mysterious Sphere","player_choice":"Fight","floor":48.0,"gold_loss":0.0,"damage_taken":0.0}],"is_beta":false,"boss_relics":[{"not_picked":["Tiny House","Pandora\u0027s Box"],"picked":"Velvet Choker"},{"not_picked":["Orrery","White Beast Statue"],"picked":"Coffee Dripper"}],"items_purged_floors":[2,13,20,36,53],"is_endless":false,"potions_floor_spawned":[3,4,12,14,35,39,42,48],"killed_by":"The Heart","ascension_level":8}