{"gold_per_floor":[109,127,227,244,244,244,194,217,217,217,217,242,242,255,255,255],"floor_reached":16,"playtime":571,"items_purged":[],"score":120,"play_id":"1264882a-b3d0-4cfc-bf52-ee588bd0b69b","local_time":"20190528000844","is_ascension_mode":true,"campfire_choices":[{"data":"Neutralize","floor":6.0,"key":"SMITH"},{"floor":11.0,"key":"REST"},{"data":"Flying Knee","floor":15.0,"key":"SMITH"}],"neow_cost":"NONE","seed_source_timestamp":1090442289662611,"circlet_count":0,"master_deck":["Defend_G","Defend_G","Defend_G","Defend_G","Defend_G","Strike_G","Strike_G","Strike_G","Strike_G","Survivor","Neutralize+1","Flying Knee+1","Dagger Throw","Prepared"],"special_seed":0,"relics":["Ring of the Snake","NeowsBlessing","Golden Idol","Bottled Flame","Blue Candle"],"potions_floor_usage":[],"damage_taken":[{"damage":0.0,"enemies":"Small Slimes","floor":1.0,"turns":1.0},{"damage":0.0,"enemies":"Cultist","floor":2.0,"turns":1.0},{"damage":0.0,"enemies":"Jaw Worm","floor":4.0,"turns":1.0},{"damage":8.0,"enemies":"Red Slaver","floor":8.0,"turns":7.0},{"damage":2.0,"enemies":"Exordium Wildlife","floor":12.0,"turns":6.0},{"damage":7.0,"enemies":"Lots of Slimes","floor":14.0,"turns":6.0},{"damage":55,"enemies":"Slime Boss","floor":16,"turns":10}],"seed_played":"4521133529162654581","potions_obtained":[{"floor":1.0,"key":"Block Potion"},{"floor":8.0,"key":"Energy Potion"}],"is_trial":false,"path_per_floor":["M","M","?","M","?","R","?","M","T","?","R","M","?","M","R","B"],"character_chosen":"THE_SILENT","items_purchased":[],"campfire_rested":1,"item_purchase_floors":[],"current_hp_per_floor":[63,63,63,63,46,46,46,38,38,20,41,39,62,55,55,0],"gold":255,"neow_bonus":"THREE_ENEMY_KILL","is_prod":false,"is_daily":false,"chose_seed":false,"campfire_upgraded":2,"win_rate":0,"timestamp":1559016524,"path_taken":["M","M","?","?","?","R","?","M","T","?","R","M","?","M","R","BOSS"],"build_version":"2019-01-23","purchased_purges":0,"victory":false,"max_hp_per_floor":[70,70,70,70,70,70,70,70,70,70,70,70,70,70,70,70],"card_choices":[{"not_picked":["Distraction","Setup","Blade Dance"],"picked":"SKIP","floor":1.0},{"not_picked":["Bane","Riddle With Holes","Reflex"],"picked":"SKIP","floor":2.0},{"not_picked":["Bane","Riddle With Holes","Reflex"],"picked":"SKIP","floor":2.0},{"not_picked":["Deflect","PiercingWail","Blade Dance"],"picked":"SKIP","floor":4.0},{"not_picked":["Dagger Throw","Tactician"],"picked":"Flying Knee","floor":8.0},{"not_picked":["Terror","Bane"],"picked":"Dagger Throw","floor":12.0},{"not_picked":["Calculated Gamble","Masterful Stab"],"picked":"Prepared","floor":14.0}],"player_experience":289936,"relics_obtained":[{"floor":9.0,"key":"Bottled Flame"}],"event_choices":[{"damage_healed":0.0,"max_hp_gain":0.0,"max_hp_loss":0.0,"gold_gain":100.0,"event_name":"Wheel of Change","player_choice":"Gold","floor":3.0,"gold_loss":0.0,"damage_taken":0.0},{"damage_healed":0.0,"max_hp_gain":0.0,"max_hp_loss":0.0,"gold_gain":0.0,"event_name":"Golden Idol","player_choice":"Take Damage","floor":5.0,"gold_loss":0.0,"damage_taken":17.0,"relics_obtained":["Golden Idol"]},{"cards_removed":["Strike_G"],"damage_healed":0.0,"max_hp_gain":0.0,"max_hp_loss":0.0,"gold_gain":0.0,"event_name":"The Cleric","player_choice":"Card Removal","floor":7.0,"gold_loss":50.0,"damage_taken":0.0},{"damage_healed":0.0,"max_hp_gain":0.0,"max_hp_loss":0.0,"gold_gain":0.0,"event_name":"Scrap Ooze","player_choice":"Success","floor":10.0,"gold_loss":0.0,"damage_taken":18.0,"relics_obtained":["Blue Candle"]},{"damage_healed":23.0,"max_hp_gain":0.0,"max_hp_loss":0.0,"gold_gain":0.0,"event_name":"Big Fish","player_choice":"Banana","floor":13.0,"gold_loss":0.0,"damage_taken":0.0}],"is_beta":false,"boss_relics":[],"items_purged_floors":[],"is_endless":false,"potions_floor_spawned":[1,8],"killed_by":"Slime Boss","ascension_level":6}