{"gold_per_floor":[109,119,4,21,39,39,72,72,122,122,47,47,64,95,95,95],"floor_reached":16,"playtime":1114,"items_purged":["Defend_B"],"score":121,"play_id":"7361dcb2-fe58-4869-bad0-ee78e8170021","local_time":"20180711025330","is_ascension_mode":true,"campfire_choices":[{"data":"Zap","floor":6.0,"key":"SMITH"},{"floor":8.0,"key":"REST"},{"data":"Reboot","floor":10.0,"key":"SMITH"},{"floor":15,"key":"REST"}],"neow_cost":"FIFTY_PERCENT_DAMAGE","seed_source_timestamp":0,"circlet_count":0,"master_deck":["Strike_B","Strike_B","Strike_B","Defend_B","Defend_B","Zap+1","Dualcast","Conserve Battery","Static Discharge+1","Glacier","Streamline","Consume","Reboot+1","Defragment","Reboot"],"special_seed":17722,"relics":["Cracked Core","Mummified Hand","Lantern","Strawberry"],"potions_floor_usage":[14],"damage_taken":[{"damage":6.0,"enemies":"Cultist","floor":1.0,"turns":3.0},{"damage":2.0,"enemies":"Small Slimes","floor":2.0,"turns":2.0},{"damage":0.0,"enemies":"Jaw Worm","floor":4.0,"turns":4.0},{"damage":7.0,"enemies":"Looter","floor":5.0,"turns":2.0},{"damage":21.0,"enemies":"3 Sentries","floor":7.0,"turns":9.0},{"damage":0,"enemies":"3 Louse","floor":13,"turns":2},{"damage":14,"enemies":"Lagavulin","floor":14,"turns":5},{"damage":42,"enemies":"The Guardian","floor":16,"turns":7}],"seed_played":"-163716102511872118","potions_obtained":[{"floor":2.0,"key":"Energy Potion"},{"floor":4.0,"key":"EssenceOfSteel"},{"floor":13,"key":"EssenceOfSteel"}],"is_trial":false,"path_per_floor":["M","M","$","M","M","R","E","R","T","R","$","?","M","E","R"],"character_chosen":"DEFECT","items_purchased":["Static Discharge","Glacier"],"campfire_rested":2,"item_purchase_floors":[3,3],"current_hp_per_floor":[32,30,30,30,23,23,2,24,24,24,24,24,24,17,41,0],"gold":95,"neow_bonus":"REMOVE_TWO","is_prod":false,"is_daily":false,"chose_seed":false,"campfire_upgraded":2,"win_rate":0,"timestamp":1531248810,"path_taken":["M","M","$","M","M","R","E","R","T","R","$","?","M","E","R","BOSS"],"build_version":"2018-07-05","purchased_purges":1,"victory":false,"max_hp_per_floor":[75,75,75,75,75,75,75,75,75,75,75,75,75,82,82,82],"card_choices":[{"not_picked":["Redo","Doom and Gloom"],"picked":"Conserve Battery","floor":1.0},{"not_picked":["Gash","Go for the Eyes","Chill"],"picked":"SKIP","floor":2.0},{"not_picked":["Ball Lightning","Beam Cell"],"picked":"Streamline","floor":4.0},{"not_picked":["Loop","Force Field"],"picked":"Consume","floor":5.0},{"not_picked":["Gash","Compile Driver"],"picked":"Reboot","floor":7.0},{"not_picked":["Gash","Self Repair"],"picked":"Defragment","floor":13},{"not_picked":["White Noise","Beam Cell"],"picked":"Reboot","floor":14}],"player_experience":619867,"relics_obtained":[{"floor":7.0,"key":"Mummified Hand"},{"floor":9.0,"key":"Lantern"},{"floor":14,"key":"Strawberry"}],"event_choices":[{"event_name":"Living Wall","player_choice":"Grow","floor":12.0,"damage_taken":0.0}],"boss_relics":[],"items_purged_floors":[11],"is_endless":false,"potions_floor_spawned":[2,4,13],"killed_by":"The Guardian","ascension_level":2}