{"gold_per_floor":[14,14,31,49,66,66,96,171,171,171,171],"floor_reached":11,"playtime":362,"items_purged":[],"score":84,"play_id":"cd445653-984a-4c2a-a8b5-3b5ba2064e9d","local_time":"20190915173909","is_ascension_mode":true,"campfire_choices":[{"data":"Loop","floor":6,"key":"SMITH"},{"floor":10,"key":"REST"}],"neow_cost":"NO_GOLD","seed_source_timestamp":98314769824200,"circlet_count":0,"master_deck":["Strike_B","Strike_B","Defend_B","Defend_B","Defend_B","Defend_B","Zap","Dualcast","Loop+1","Ball Lightning","Conserve Battery","Amplify","Loop"],"relics":["Cracked Core","GremlinMask","MealTicket","Bag of Preparation"],"potions_floor_usage":[],"damage_taken":[{"damage":1,"enemies":"Small Slimes","floor":1,"turns":3},{"damage":0,"enemies":"Cultist","floor":3,"turns":3},{"damage":2,"enemies":"2 Louse","floor":4,"turns":3},{"damage":11,"enemies":"Looter","floor":5,"turns":3},{"damage":46,"enemies":"3 Sentries","floor":7,"turns":9},{"damage":0,"enemies":"3 Louse","floor":11,"turns":1}],"seed_played":"8157480809866549197","potions_obtained":[{"floor":1,"key":"FearPotion"},{"floor":5,"key":"SteroidPotion"},{"floor":7,"key":"GamblersBrew"}],"is_trial":false,"path_per_floor":["M","?","M","M","M","R","E","?","T","R","M"],"character_chosen":"DEFECT","items_purchased":[],"campfire_rested":1,"item_purchase_floors":[],"current_hp_per_floor":[74,74,74,72,61,61,15,4,4,26,26],"gold":171,"neow_bonus":"REMOVE_TWO","is_prod":false,"is_daily":false,"chose_seed":false,"campfire_upgraded":1,"win_rate":0,"timestamp":1568561949,"path_taken":["M","?","M","?","M","R","E","?","T","R","M"],"build_version":"2019-09-12","purchased_purges":0,"victory":false,"max_hp_per_floor":[75,75,75,75,75,75,75,75,75,75,75],"card_choices":[{"not_picked":["Conserve Battery","Go for the Eyes"],"picked":"Loop","floor":1},{"not_picked":["Cold Snap","Aggregate"],"picked":"Ball Lightning","floor":3},{"not_picked":["Ball Lightning","Reprogram"],"picked":"Conserve Battery","floor":4},{"not_picked":["Scrape","Steam"],"picked":"Amplify","floor":5},{"not_picked":["Compile Driver","Genetic Algorithm"],"picked":"Loop","floor":7}],"player_experience":236297,"relics_obtained":[{"floor":7,"key":"MealTicket"},{"floor":9,"key":"Bag of Preparation"}],"event_choices":[{"damage_healed":0,"gold_gain":0,"player_choice":"Trade","damage_taken":0,"relics_obtained":["GremlinMask"],"max_hp_gain":0,"max_hp_loss":0,"event_name":"FaceTrader","floor":2,"gold_loss":0},{"damage_healed":0,"gold_gain":75,"player_choice":"Gather Gold","damage_taken":11,"max_hp_gain":0,"max_hp_loss":0,"event_name":"World of Goop","floor":8,"gold_loss":0}],"is_beta":true,"boss_relics":[],"items_purged_floors":[],"is_endless":false,"potions_floor_spawned":[1,5,7],"killed_by":"3 Louse","ascension_level":3}