{"gold_per_floor":[110,110,124,139,139,166,194,194,194,204,204],"floor_reached":11,"playtime":965,"items_purged":[],"score":73,"play_id":"045a3d75-4a03-4ca4-ba56-1814c75bcbc0","local_time":"20180723205139","is_ascension_mode":false,"campfire_choices":[{"floor":8,"key":"REST"}],"neow_cost":"TEN_PERCENT_HP_LOSS","seed_source_timestamp":864894089071660,"circlet_count":0,"master_deck":["Strike_R","Strike_R+1","Strike_R","Strike_R","Strike_R","Defend_R","Defend_R","Defend_R","Defend_R","Bash","Iron Wave","Battle Trance+1","Intimidate","Thunderclap"],"relics":["Burning Blood","Thread and Needle","Ice Cream","Odd Mushroom","Kunai"],"potions_floor_usage":[6],"damage_taken":[{"damage":1,"enemies":"Jaw Worm","floor":1,"turns":5},{"damage":0,"enemies":"Cultist","floor":3,"turns":4},{"damage":0,"enemies":"2 Louse","floor":4,"turns":4},{"damage":29,"enemies":"Lagavulin","floor":6,"turns":7},{"damage":25,"floor":7,"turns":8},{"damage":0,"enemies":"Looter","floor":10,"turns":3}],"seed_played":"-4498797519028596508","potions_obtained":[{"floor":3,"key":"AttackPotion"},{"floor":4,"key":"GamblersBrew"}],"is_trial":false,"path_per_floor":["M","?","M","M","?","E","?","R","T","M"],"character_chosen":"IRONCLAD","items_purchased":[],"campfire_rested":1,"item_purchase_floors":[],"current_hp_per_floor":[72,72,72,72,58,35,16,37,37,43,43],"gold":204,"neow_bonus":"ONE_RARE_RELIC","is_prod":false,"is_daily":false,"chose_seed":false,"campfire_upgraded":0,"win_rate":0,"timestamp":1532393499,"path_taken":["M","?","?","M","?","E","?","R","T","?","$"],"build_version":"2018-07-19v2","purchased_purges":0,"victory":false,"max_hp_per_floor":[72,72,72,72,72,72,72,72,72,72,72],"card_choices":[{"not_picked":["Cleave","Hemokinesis"],"picked":"Iron Wave","floor":1},{"not_picked":["True Grit","Hemokinesis"],"picked":"Battle Trance","floor":3},{"not_picked":["Thunderclap","Perfected Strike"],"picked":"Intimidate","floor":4},{"not_picked":["True Grit","Limit Break","Ghostly Armor"],"picked":"SKIP","floor":6},{"not_picked":["Twin Strike","Iron Wave"],"picked":"Thunderclap","floor":10}],"player_experience":29362,"relics_obtained":[{"floor":6,"key":"Ice Cream"},{"floor":7,"key":"Odd Mushroom"},{"floor":9,"key":"Kunai"}],"event_choices":[{"event_name":"Liars Game","player_choice":"disagreed","floor":2,"damage_taken":0},{"event_name":"Shining Light","player_choice":"Entered Light","floor":5,"damage_taken":0},{"event_name":"Mushrooms","player_choice":"Fought Mushrooms","floor":7,"damage_taken":0}],"is_beta":false,"boss_relics":[],"items_purged_floors":[],"is_endless":false,"potions_floor_spawned":[3,4],"ascension_level":0}