{"gold_per_floor":[117,117,134,147,164,38,38,65,65,98,118,137,137,201,201,304,304,322,121,136,136,156,181,181,194,194,194,207,207,207,234,234,334,334,346,356,356,356,424,451,53,71,98,113,45,45,56,4,4,4,4,4,4,31,31],"floor_reached":55,"playtime":6505,"items_purged":[],"score":852,"play_id":"4e83e83a-afa7-4129-be78-93584fa3078d","local_time":"20190718221213","is_ascension_mode":false,"campfire_choices":[{"data":"Noxious Fumes","floor":7.0,"key":"SMITH"},{"data":"Dodge and Roll","floor":13.0,"key":"SMITH"},{"floor":15.0,"key":"REST"},{"data":"Bouncing Flask","floor":24.0,"key":"SMITH"},{"data":"Footwork","floor":27.0,"key":"SMITH"},{"floor":29.0,"key":"RECALL"},{"floor":32.0,"key":"REST"},{"floor":46.0,"key":"REST"},{"data":"Catalyst","floor":49.0,"key":"SMITH"},{"data":"Discovery","floor":52,"key":"SMITH"}],"neow_cost":"NONE","seed_source_timestamp":3014038782700938,"circlet_count":0,"master_deck":["Strike_G","Strike_G","Strike_G","Strike_G","Defend_G","Defend_G","Defend_G","Defend_G","Defend_G","Survivor","Neutralize","Noxious Fumes+1","Slice","Flying Knee","Bouncing Flask","PiercingWail","Footwork+1","Backflip","Backstab","Dodge and Roll+1","Bouncing Flask+1","After Image","Dash","Tactician+1","Writhe","Parasite","Parasite","Adrenaline","Dagger Throw+1","Blur","Dark Shackles","Discovery+1","Parasite","Footwork+1","Calculated Gamble","Shame","Catalyst+1","Noxious Fumes+1","Acrobatics+1"],"special_seed":0,"relics":["Ring of the Snake","NeowsBlessing","Anchor","Blue Candle","Ornamental Fan","Cursed Key","TwistedFunnel","Bronze Scales","Blood Vial","Tingsha","Nilry\u0027s Codex","Lantern","Runic Pyramid","Letter Opener","Frozen Egg 2","Singing Bowl","Bag of Preparation","Dodecahedron"],"potions_floor_usage":[54,55,55],"damage_taken":[{"damage":0.0,"enemies":"Jaw Worm","floor":1.0,"turns":1.0},{"damage":0.0,"enemies":"Cultist","floor":3.0,"turns":1.0},{"damage":0.0,"enemies":"2 Louse","floor":4.0,"turns":1.0},{"damage":12.0,"enemies":"2 Fungi Beasts","floor":5.0,"turns":4.0},{"damage":1.0,"enemies":"Lagavulin","floor":8.0,"turns":8.0},{"damage":22.0,"enemies":"3 Sentries","floor":10.0,"turns":6.0},{"damage":4.0,"enemies":"Looter","floor":11.0,"turns":3.0},{"damage":0.0,"enemies":"Blue Slaver","floor":12.0,"turns":4.0},{"damage":9.0,"enemies":"Lagavulin Event","floor":14.0,"turns":6.0},{"damage":9.0,"enemies":"Hexaghost","floor":16.0,"turns":7.0},{"damage":6.0,"enemies":"Shell Parasite","floor":18.0,"turns":5.0},{"damage":0.0,"enemies":"Spheric Guardian","floor":20.0,"turns":3.0},{"damage":0.0,"enemies":"Chosen and Byrds","floor":22.0,"turns":4.0},{"damage":14.0,"enemies":"Book of Stabbing","floor":23.0,"turns":6.0},{"damage":4.0,"enemies":"Snecko","floor":25.0,"turns":5.0},{"damage":0.0,"enemies":"Centurion and Healer","floor":28.0,"turns":7.0},{"damage":35.0,"enemies":"Collector","floor":33.0,"turns":10.0},{"damage":26.0,"enemies":"3 Darklings","floor":35.0,"turns":4.0},{"damage":1.0,"enemies":"3 Shapes","floor":36.0,"turns":4.0},{"damage":1.0,"enemies":"Nemesis","floor":40.0,"turns":7.0},{"damage":8.0,"enemies":"Jaw Worm Horde","floor":42.0,"turns":4.0},{"damage":1.0,"enemies":"Writhing Mass","floor":44.0,"turns":6.0},{"damage":4.0,"enemies":"3 Darklings","floor":47.0,"turns":6.0},{"damage":57,"enemies":"Donu and Deca","floor":50,"turns":12},{"damage":12,"enemies":"Shield and Spear","floor":54,"turns":6},{"damage":69,"enemies":"The Heart","floor":55,"turns":8}],"seed_played":"-8166246536152461691","potions_obtained":[{"floor":3.0,"key":"Swift Potion"},{"floor":4.0,"key":"Regen Potion"},{"floor":10.0,"key":"LiquidBronze"},{"floor":16.0,"key":"SpeedPotion"},{"floor":18.0,"key":"EntropicBrew"},{"floor":35.0,"key":"SpeedPotion"},{"floor":36.0,"key":"Poison Potion"},{"floor":40.0,"key":"Strength Potion"},{"floor":47.0,"key":"Ancient Potion"}],"is_trial":false,"path_per_floor":["M","?","M","M","M","$","R","E","T","E","M","M","R","?","R","B",null,"M","$","M","?","M","E","R","M","T","R","M","R","?","T","R","B",null,"M","M","?","?","T","E","$","M","T","M","$","R","M","$","R","B",null,"R","$","E","B"],"character_chosen":"THE_SILENT","items_purchased":["Footwork","Backflip","TwistedFunnel","Footwork+1","Calculated Gamble","Singing Bowl","Catalyst","Energy Potion"],"campfire_rested":3,"item_purchase_floors":[6,6,19,41,41,41,45,48],"current_hp_per_floor":[70,70,70,70,58,58,58,57,57,35,31,31,31,36,57,48,70,64,64,64,64,64,50,50,48,48,48,50,50,34,34,55,22,70,44,45,45,40,40,41,41,37,37,40,40,62,60,60,60,5,74,74,74,62,0],"gold":31,"neow_bonus":"THREE_ENEMY_KILL","is_prod":false,"is_daily":false,"chose_seed":false,"campfire_upgraded":6,"win_rate":0,"timestamp":1563502333,"path_taken":["M","?","M","?","M","$","R","E","T","E","M","M","R","?","R","BOSS","M","$","M","?","M","E","R","M","T","R","M","R","?","?","R","BOSS","M","M","?","?","?","E","$","M","T","M","$","R","?","?","R","BOSS","R","$","E","BOSS"],"build_version":"2019-07-17","purchased_purges":0,"victory":false,"max_hp_per_floor":[70,70,70,70,70,70,70,70,70,70,70,70,70,70,70,70,70,70,70,70,70,70,70,70,70,70,70,70,70,70,70,70,70,70,70,70,70,70,70,70,70,72,72,74,74,74,74,74,74,74,74,74,74,74,74],"card_choices":[{"not_picked":["Deflect","Dash"],"picked":"Noxious Fumes","floor":1.0},{"not_picked":["PiercingWail","Dagger Throw"],"picked":"Flying Knee","floor":3.0},{"not_picked":["Deadly Poison","Distraction"],"picked":"Bouncing Flask","floor":4.0},{"not_picked":["Outmaneuver","All Out Attack"],"picked":"PiercingWail","floor":5.0},{"not_picked":["Calculated Gamble","Doppelganger"],"picked":"Backstab","floor":8.0},{"not_picked":["Dagger Spray","Distraction","Slice"],"picked":"SKIP","floor":10.0},{"not_picked":["Deadly Poison","PiercingWail"],"picked":"Dodge and Roll","floor":11.0},{"not_picked":["Noxious Fumes","Blade Dance"],"picked":"Bouncing Flask","floor":12.0},{"not_picked":["Envenom","Storm of Steel"],"picked":"After Image","floor":16.0},{"not_picked":["Slice","Deflect"],"picked":"Dash","floor":18.0},{"not_picked":["Dagger Throw","Acrobatics"],"picked":"Tactician+1","floor":20.0},{"not_picked":["Bouncing Flask","Accuracy+1","Outmaneuver"],"picked":"SKIP","floor":22.0},{"not_picked":["Eviscerate","Night Terror","Sucker Punch"],"picked":"SKIP","floor":23.0},{"not_picked":["Caltrops","Dagger Spray","Terror"],"picked":"SKIP","floor":25.0},{"not_picked":["Eviscerate+1","Masterful Stab+1","Sucker Punch+1"],"picked":"SKIP","floor":28.0},{"not_picked":["Unload","Storm of Steel"],"picked":"Adrenaline","floor":33.0},{"not_picked":["Deflect+1","Quick Slash+1"],"picked":"Dagger Throw+1","floor":35.0},{"not_picked":["Endless Agony","Infinite Blades+1"],"picked":"Blur","floor":36.0},{"not_picked":["Blind","Dramatic Entrance"],"picked":"Dark Shackles","floor":38.0},{"not_picked":["PanicButton","Madness"],"picked":"Discovery","floor":38.0},{"not_picked":["Sucker Punch","Storm of Steel","Cloak And Dagger"],"picked":"SKIP","floor":40.0},{"not_picked":["Flying Knee+1","Quick Slash","Blade Dance+1"],"picked":"Singing Bowl","floor":42.0},{"not_picked":["Slice+1","Deflect","Sucker Punch"],"picked":"Singing Bowl","floor":44.0},{"not_picked":["Expertise+1","Prepared+1"],"picked":"Noxious Fumes+1","floor":47.0},{"not_picked":["Concentrate+1","Masterful Stab+1"],"picked":"Acrobatics+1","floor":54}],"player_experience":448420,"relics_obtained":[{"floor":8.0,"key":"Anchor"},{"floor":10.0,"key":"Blue Candle"},{"floor":23.0,"key":"Blood Vial"},{"floor":26.0,"key":"Tingsha"},{"floor":30.0,"key":"Nilry\u0027s Codex"},{"floor":31.0,"key":"Lantern"},{"floor":39.0,"key":"Letter Opener"},{"floor":40.0,"key":"Frozen Egg 2"},{"floor":43.0,"key":"Bag of Preparation"},{"floor":54,"key":"Dodecahedron"}],"event_choices":[{"damage_healed":0.0,"max_hp_gain":0.0,"max_hp_loss":0.0,"gold_gain":0.0,"cards_transformed":["Strike_G"],"event_name":"Transmorgrifier","player_choice":"Transformed","floor":2.0,"gold_loss":0.0,"damage_taken":0.0,"cards_obtained":["Slice"]},{"damage_healed":0.0,"max_hp_gain":0.0,"max_hp_loss":0.0,"gold_gain":0.0,"event_name":"Dead Adventurer","player_choice":"Searched \u00272\u0027 times","floor":14.0,"gold_loss":0.0,"damage_taken":0.0,"relics_obtained":["Ornamental Fan"]},{"damage_healed":0.0,"max_hp_gain":0.0,"max_hp_loss":0.0,"gold_gain":0.0,"event_name":"The Mausoleum","player_choice":"Opened","floor":21.0,"gold_loss":0.0,"damage_taken":0.0,"relics_obtained":["Bronze Scales"],"cards_obtained":["Writhe"]},{"damage_healed":0.0,"max_hp_gain":0.0,"max_hp_loss":0.0,"gold_gain":0.0,"event_name":"Cursed Tome","player_choice":"Obtained Book","floor":30.0,"gold_loss":0.0,"damage_taken":16.0},{"damage_healed":0.0,"max_hp_gain":0.0,"max_hp_loss":0.0,"gold_gain":0.0,"event_name":"Tomb of Lord Red Mask","player_choice":"Ignored","floor":37.0,"gold_loss":0.0,"damage_taken":0.0},{"damage_healed":0.0,"max_hp_gain":0.0,"max_hp_loss":0.0,"gold_gain":0.0,"event_name":"SensoryStone","player_choice":"Memory 2","floor":38.0,"gold_loss":0.0,"damage_taken":5.0}],"is_beta":false,"boss_relics":[{"not_picked":["Ring of the Serpent","Runic Dome"],"picked":"Cursed Key"},{"not_picked":["HoveringKite","Philosopher\u0027s Stone"],"picked":"Runic Pyramid"}],"items_purged_floors":[],"is_endless":false,"potions_floor_spawned":[3,4,10,16,18,20,35,36,40,47],"killed_by":"The Heart","ascension_level":0}