{"gold_per_floor":[111,123,46,64,64,92,92,126,177,177,197,214,225,10,10,10],"floor_reached":16,"playtime":1061,"items_purged":[],"score":224,"play_id":"11f6c486-47f1-4a02-bc08-c9314545be5f","local_time":"20190908202220","is_ascension_mode":true,"campfire_choices":[{"data":"Bash","floor":7.0,"key":"SMITH"},{"floor":10,"key":"REST"},{"data":"Pommel Strike","floor":15,"key":"SMITH"}],"neow_cost":"NONE","seed_source_timestamp":93578689043306,"circlet_count":0,"master_deck":["AscendersBane","Strike_R","Strike_R","Strike_R","Strike_R","Strike_R","Defend_R","Defend_R","Defend_R","Defend_R","Bash+1","Second Wind","Cleave","Shrug It Off","Pommel Strike+1","Feel No Pain+1","Reaper","Seeing Red","Clothesline"],"special_seed":0,"relics":["Burning Blood","Potion Belt","Frozen Egg 2","PreservedInsect","Red Skull","ClockworkSouvenir"],"potions_floor_usage":[8,16],"damage_taken":[{"damage":6.0,"enemies":"Cultist","floor":1.0,"turns":4.0},{"damage":10.0,"enemies":"Small Slimes","floor":2.0,"turns":3.0},{"damage":4.0,"enemies":"Jaw Worm","floor":4.0,"turns":4.0},{"damage":32.0,"enemies":"3 Sentries","floor":6.0,"turns":10.0},{"damage":33,"enemies":"Gremlin Nob","floor":8,"turns":5},{"damage":17,"enemies":"Looter","floor":11,"turns":4},{"damage":7,"enemies":"3 Louse","floor":12,"turns":4},{"damage":0,"enemies":"2 Fungi Beasts","floor":13,"turns":4},{"damage":67,"enemies":"Hexaghost","floor":16,"turns":9}],"seed_played":"-6590386733339897560","potions_obtained":[{"floor":1.0,"key":"GamblersBrew"},{"floor":8,"key":"Energy Potion"},{"floor":11,"key":"GamblersBrew"}],"is_trial":false,"path_per_floor":["M","M","$","M","?","E","R","E","T","R","M","M","M","$","R","B"],"character_chosen":"IRONCLAD","items_purchased":["Shrug It Off","Pommel Strike","ClockworkSouvenir"],"campfire_rested":1,"item_purchase_floors":[3,3,14],"current_hp_per_floor":[68,64,64,66,71,45,45,18,18,42,31,35,55,55,55,0],"gold":10,"neow_bonus":"RANDOM_COMMON_RELIC","is_prod":false,"is_daily":false,"chose_seed":false,"campfire_upgraded":2,"win_rate":0,"timestamp":1567966940,"path_taken":["M","M","?","M","?","E","R","E","T","R","M","M","M","$","R","BOSS"],"build_version":"2019-07-17","purchased_purges":0,"victory":false,"max_hp_per_floor":[75,75,75,75,80,80,80,80,80,80,80,80,80,80,80,80],"card_choices":[{"not_picked":["Sentinel","Flex"],"picked":"Second Wind","floor":1.0},{"not_picked":["Pummel","Dual Wield"],"picked":"Cleave","floor":2.0},{"not_picked":["Wild Strike","Reckless Charge","Heavy Blade"],"picked":"SKIP","floor":4.0},{"not_picked":["Burning Pact","Bludgeon"],"picked":"Feel No Pain","floor":6.0},{"not_picked":["Flex","Blood for Blood"],"picked":"Reaper","floor":8},{"not_picked":["Flex","Entrench","Infernal Blade"],"picked":"SKIP","floor":11},{"not_picked":["Thunderclap","Iron Wave"],"picked":"Seeing Red","floor":12},{"not_picked":["Armaments","Rampage"],"picked":"Clothesline","floor":13}],"player_experience":790923,"relics_obtained":[{"floor":6.0,"key":"Frozen Egg 2"},{"floor":8,"key":"PreservedInsect"},{"floor":9,"key":"Red Skull"}],"event_choices":[{"damage_healed":0.0,"max_hp_gain":5.0,"max_hp_loss":0.0,"gold_gain":0.0,"event_name":"Big Fish","player_choice":"Donut","floor":5.0,"gold_loss":0.0,"damage_taken":0.0}],"is_beta":false,"boss_relics":[],"items_purged_floors":[],"is_endless":false,"potions_floor_spawned":[1,8,11],"killed_by":"Hexaghost","ascension_level":20}