{"gold_per_floor":[114,134,134,154,170,170,170,170,239,59,59,84,98,17,17,142,142,167,167,186,211,211,211,254,120,145,45,45,45,45,58,58,58],"floor_reached":33,"playtime":1280,"items_purged":["Strike_R","Strike_R"],"score":255,"play_id":"61c3ca1c-cc45-4766-868b-44ed10588d68","local_time":"20180731214849","is_ascension_mode":false,"campfire_choices":[{"data":"Bludgeon","floor":6,"key":"SMITH"},{"floor":8,"key":"REST"},{"data":"Apotheosis","floor":11,"key":"SMITH"},{"floor":15,"key":"REST"},{"data":"RitualDagger","floor":23,"key":"SMITH"},{"floor":28,"key":"REST"},{"floor":32,"key":"REST"}],"neow_cost":"","seed_source_timestamp":527856416753724,"circlet_count":0,"master_deck":["Strike_R","Strike_R","Defend_R","Defend_R","Defend_R","Defend_R","Bash","Sword Boomerang","Inflame","Heavy Blade","Bludgeon+1","Apotheosis+1","Cleave","Clash","Immolate","RitualDagger+1","Anger","Spot Weakness","Clash","Inflame","Spot Weakness"],"relics":["Burning Blood","Golden Idol","Shuriken","Eternal Feather","MawBank","Strawberry"],"potions_floor_usage":[16,16,20,33],"damage_taken":[{"damage":5,"enemies":"Jaw Worm","floor":1,"turns":5},{"damage":1,"enemies":"Cultist","floor":2,"turns":4},{"damage":7,"enemies":"2 Louse","floor":4,"turns":3},{"damage":19,"enemies":"Blue Slaver","floor":5,"turns":3},{"damage":8,"enemies":"Large Slime","floor":12,"turns":4},{"damage":13,"enemies":"Lots of Slimes","floor":13,"turns":3},{"damage":62,"enemies":"The Guardian","floor":16,"turns":8},{"damage":5,"enemies":"Chosen","floor":18,"turns":4},{"damage":5,"enemies":"Spheric Guardian","floor":20,"turns":3},{"damage":22,"enemies":"Cultist and Chosen","floor":21,"turns":5},{"damage":62,"enemies":"Book of Stabbing","floor":24,"turns":5},{"damage":16,"enemies":"Sentry and Sphere","floor":31,"turns":4},{"damage":87,"enemies":"Automaton","floor":33,"turns":6}],"seed_played":"-5278424061005509631","potions_obtained":[{"floor":1,"key":"Block Potion"},{"floor":2,"key":"SneckoOil"},{"floor":5,"key":"Block Potion"},{"floor":13,"key":"Energy Potion"},{"floor":24,"key":"Poison Potion"}],"is_trial":false,"path_per_floor":["M","M","?","M","M","R","?","R","T","$","R","M","M","$","R","B",null,"M","?","M","M","?","R","E","$","T","$","R","?","$","M","R"],"character_chosen":"IRONCLAD","items_purchased":["Apotheosis","Immolate","Inflame"],"campfire_rested":4,"item_purchase_floors":[10,14,25],"current_hp_per_floor":[80,80,73,72,59,59,39,63,63,63,63,61,54,54,78,22,80,80,74,75,59,59,71,15,15,22,22,60,60,60,50,87,0],"gold":58,"neow_bonus":"","is_prod":false,"is_daily":false,"chose_seed":false,"campfire_upgraded":3,"win_rate":0,"timestamp":1533088129,"path_taken":["M","M","?","M","M","R","?","R","T","?","R","?","M","$","R","BOSS","M","?","M","M","?","R","E","$","T","$","R","?","$","M","R","BOSS"],"build_version":"2018-07-26","purchased_purges":2,"victory":false,"max_hp_per_floor":[80,80,80,80,80,80,80,80,80,80,80,80,80,80,80,80,80,80,80,80,80,80,80,80,80,87,87,87,87,87,87,87,87],"card_choices":[{"not_picked":["Infernal Blade","Armaments"],"picked":"Sword Boomerang","floor":1},{"not_picked":["Pommel Strike","Ghostly Armor"],"picked":"Inflame","floor":2},{"not_picked":["Cleave","Headbutt"],"picked":"Heavy Blade","floor":4},{"not_picked":["Combust","Clash"],"picked":"Bludgeon","floor":5},{"not_picked":["Havoc","Infernal Blade"],"picked":"Cleave","floor":12},{"not_picked":["Armaments","Heavy Blade"],"picked":"Clash","floor":13},{"not_picked":["Warcry","Perfected Strike","Clothesline+1"],"picked":"SKIP","floor":18},{"not_picked":["Havoc+1","Body Slam"],"picked":"Anger","floor":20},{"not_picked":["Rampage","Thunderclap","True Grit"],"picked":"SKIP","floor":21},{"not_picked":["Perfected Strike","Berserk"],"picked":"Clash","floor":24},{"not_picked":["Power Through+1","True Grit"],"picked":"Spot Weakness","floor":31}],"player_experience":86576,"relics_obtained":[{"floor":9,"key":"Shuriken"},{"floor":24,"key":"MawBank"},{"floor":26,"key":"Strawberry"}],"event_choices":[{"event_name":"Golden Wing","player_choice":"Card Removal","floor":3,"damage_taken":0},{"event_name":"Golden Idol","player_choice":"Take Damage","floor":7,"damage_taken":0},{"event_name":"Nest","player_choice":"Joined the Cult","floor":19,"damage_taken":0},{"event_name":"The Library","player_choice":"Read","floor":22,"damage_taken":0},{"event_name":"The Mausoleum","player_choice":"No","floor":29,"damage_taken":0}],"is_beta":false,"boss_relics":[{"not_picked":["Astrolabe","Runic Cube"],"picked":"Eternal Feather"}],"items_purged_floors":[25,27],"is_endless":false,"potions_floor_spawned":[1,2,5,13,24],"killed_by":"Automaton","ascension_level":0}