{"gold_per_floor":[114,214,239,254,254,254,254,292,367,15,34,34,72,91,91,216,216,235,254,56,75,94,94,113,113,188,207,207,226,226,245,245,245],"floor_reached":33,"playtime":1656,"items_purged":[],"score":409,"play_id":"bbcf6325-0130-49a5-a2b9-003969c4ecaf","local_time":"20180720150520","daily_mods":["Diverse","Cursed Run","Night Terrors"],"is_ascension_mode":false,"campfire_choices":[{"data":"Zap","floor":6,"key":"SMITH"},{"data":"Panacea","floor":12,"key":"SMITH"},{"data":"Dualcast","floor":15,"key":"SMITH"},{"data":"Self Repair","floor":23,"key":"SMITH"},{"data":"Seeing Red","floor":25,"key":"SMITH"},{"data":"Thunderclap","floor":30,"key":"SMITH"},{"data":"Evolve","floor":32,"key":"SMITH"}],"neow_cost":"","seed_source_timestamp":0,"circlet_count":0,"master_deck":["Strike_B","Strike_B","Strike_B","Strike_B","Defend_B","Defend_B","Defend_B","Defend_B","Zap+1","Dualcast+1","Self Repair+1","Clumsy","Prepared","Injury","Regret","Thunderclap+1","Normality","Panacea+1","Infinite Blades","Seeing Red+1","Pain","Corpse Explosion","Scrape+1","Redo","Skewer","Distraction+1","Parasite","Gash","Evolve+1"],"special_seed":17732,"relics":["Cursed Key","Darkstone Periapt","Du-Vu Doll","Anchor","Golden Idol","Gremlin Horn","DataDisk","Mummified Hand","Symbiotic Virus","Emotion Chip","Coffee Dripper","Centennial Puzzle","Matryoshka"],"potions_floor_usage":[8,18,19,29,31,33],"damage_taken":[{"damage":2,"enemies":"Small Slimes","floor":1,"turns":3},{"damage":0,"enemies":"Cultist","floor":4,"turns":3},{"damage":15,"enemies":"Gremlin Nob","floor":8,"turns":4},{"damage":0,"enemies":"Jaw Worm","floor":11,"turns":2},{"damage":10,"enemies":"3 Sentries","floor":13,"turns":6},{"damage":1,"enemies":"Gremlin Gang","floor":14,"turns":5},{"damage":72,"enemies":"The Guardian","floor":16,"turns":11},{"damage":12,"enemies":"Spheric Guardian","floor":18,"turns":3},{"damage":6,"enemies":"2 Thieves","floor":19,"turns":2},{"damage":10,"enemies":"3 Cultists","floor":21,"turns":3},{"damage":11,"enemies":"Snake Plant","floor":22,"turns":2},{"damage":50,"enemies":"Slaver and Parasite","floor":24,"turns":5},{"damage":7,"enemies":"Centurion and Healer","floor":27,"turns":3},{"damage":30,"enemies":"3 Cultists","floor":29,"turns":4},{"damage":11,"enemies":"Snake Plant","floor":31,"turns":3},{"damage":78,"enemies":"Champ","floor":33,"turns":7}],"seed_played":"-1497029972376068251","potions_obtained":[{"floor":1,"key":"Block Potion"},{"floor":16,"key":"Fire Potion"},{"floor":18,"key":"EssenceOfSteel"},{"floor":21,"key":"Dexterity Potion"},{"floor":27,"key":"PowerPotion"},{"floor":29,"key":"Fire Potion"}],"is_trial":false,"path_per_floor":["M","?","T","M","?","R","T","E","T","$","M","R","E","M","R","B",null,"M","M","$","M","M","R","M","R","T","M","?","M","R","M","R"],"character_chosen":"DEFECT","items_purchased":["Symbiotic Virus","Panacea","Redo","Centennial Puzzle"],"campfire_rested":0,"item_purchase_floors":[10,10,20,20],"current_hp_per_floor":[73,73,79,81,87,87,93,85,91,91,98,98,95,94,94,35,105,100,94,94,91,87,87,47,47,53,56,93,73,73,72,72,0],"gold":245,"neow_bonus":"","is_prod":false,"is_daily":true,"chose_seed":false,"campfire_upgraded":7,"win_rate":0,"timestamp":1532070320,"path_taken":["M","?","?","?","?","R","?","E","T","$","M","R","E","M","R","BOSS","M","M","$","M","M","R","?","R","T","M","?","M","R","M","R","BOSS"],"build_version":"2018-07-19v2","purchased_purges":0,"victory":false,"max_hp_per_floor":[75,75,81,81,87,87,93,93,99,99,99,99,99,99,99,105,105,105,105,105,105,105,105,105,105,111,111,111,111,111,111,111,111],"card_choices":[{"not_picked":["Spot Weakness","Pommel Strike"],"picked":"Self Repair","floor":1},{"not_picked":["Clash","Deadly Poison"],"picked":"Prepared","floor":4},{"not_picked":["Bludgeon","Shockwave"],"picked":"Thunderclap","floor":8},{"not_picked":["Second Wind","Burning Pact"],"picked":"Infinite Blades","floor":11},{"not_picked":["Clothesline","Second Wind","Crippling Poison"],"picked":"SKIP","floor":13},{"not_picked":["Steam","True Grit"],"picked":"Seeing Red","floor":14},{"not_picked":["Reboot","Exhume"],"picked":"Corpse Explosion","floor":16},{"not_picked":["Recycle+1","Reprogram"],"picked":"Scrape+1","floor":18},{"not_picked":["Infinite Blades","Eviscerate+1","Heel Hook+1"],"picked":"SKIP","floor":19},{"not_picked":["Shockwave","Shrug It Off"],"picked":"Skewer","floor":21},{"not_picked":["Dropkick+1","Undo","Streamline"],"picked":"SKIP","floor":22},{"not_picked":["Twin Strike","Wild Strike"],"picked":"Distraction+1","floor":24},{"not_picked":["Cold Snap","Compile Driver","Second Wind"],"picked":"SKIP","floor":27},{"not_picked":["Streamline","Reinforced Body+1"],"picked":"Gash","floor":29},{"not_picked":["Blur","Dagger Throw"],"picked":"Evolve","floor":31}],"player_experience":780428,"relics_obtained":[{"floor":3,"key":"Anchor"},{"floor":7,"key":"Gremlin Horn"},{"floor":8,"key":"DataDisk"},{"floor":9,"key":"Mummified Hand"},{"floor":13,"key":"Emotion Chip"},{"floor":26,"key":"Matryoshka"}],"event_choices":[{"event_name":"Wheel of Change","player_choice":"Gold","floor":2,"damage_taken":0},{"event_name":"Golden Idol","player_choice":"Take Wound","floor":5,"damage_taken":0},{"event_name":"The Library","player_choice":"Heal","floor":28,"damage_taken":0}],"is_beta":false,"boss_relics":[{"not_picked":["Orrery","Pandora\u0027s Box"],"picked":"Coffee Dripper"}],"items_purged_floors":[],"is_endless":false,"potions_floor_spawned":[1,16,18,21,27,29],"killed_by":"Champ","ascension_level":0}