{"gold_per_floor":[217,217,231,406,406,406,425,425,425,448,479,479,39,62,62,62],"floor_reached":16,"playtime":814,"items_purged":[],"score":100,"play_id":"3c95f671-4efb-42a3-a76f-bd581de2b77e","local_time":"20190908200028","is_ascension_mode":false,"campfire_choices":[{"data":"Flame Barrier","floor":6,"key":"SMITH"},{"data":"Armaments","floor":8,"key":"SMITH"},{"floor":15,"key":"REST"}],"neow_cost":"NONE","seed_source_timestamp":37011022308640,"circlet_count":0,"master_deck":["Strike_R","Strike_R","Strike_R","Strike_R","Strike_R","Defend_R","Defend_R","Defend_R","Defend_R","Bash","Iron Wave","Injury","Flame Barrier+1","Armaments+1","Spot Weakness","Rampage","Double Tap","Bloodletting","Searing Blow"],"relics":["Burning Blood","Golden Idol","Kunai","Matryoshka","Singing Bowl","Charon\u0027s Ashes"],"potions_floor_usage":[11,16],"damage_taken":[{"damage":6,"enemies":"Cultist","floor":1,"turns":3},{"damage":6,"enemies":"2 Louse","floor":3,"turns":3},{"damage":5,"enemies":"Jaw Worm","floor":7,"turns":5},{"damage":5,"enemies":"Large Slime","floor":10,"turns":8},{"damage":25,"enemies":"3 Sentries","floor":11,"turns":9},{"damage":24,"enemies":"Exordium Thugs","floor":14,"turns":6},{"damage":69,"enemies":"The Guardian","floor":16,"turns":14}],"seed_played":"8941574408735442464","potions_obtained":[{"floor":3,"key":"PowerPotion"},{"floor":14,"key":"Weak Potion"}],"is_trial":false,"path_per_floor":["M","?","M","?","T","R","M","R","T","M","E","?","$","M","R","B"],"character_chosen":"IRONCLAD","items_purchased":["Double Tap","Charon\u0027s Ashes","Bloodletting"],"campfire_rested":1,"item_purchase_floors":[13,13,13],"current_hp_per_floor":[80,80,80,80,80,80,80,80,80,80,61,61,61,43,67,0],"gold":62,"neow_bonus":"HUNDRED_GOLD","is_prod":false,"is_daily":false,"chose_seed":false,"campfire_upgraded":2,"win_rate":0,"timestamp":1567944028,"path_taken":["M","?","M","?","?","R","M","R","T","M","E","?","$","?","R","BOSS"],"build_version":"2019-07-17","purchased_purges":0,"victory":false,"max_hp_per_floor":[80,80,80,80,80,80,80,80,80,80,80,80,80,80,80,80],"card_choices":[{"not_picked":["Feel No Pain","Ghostly Armor"],"picked":"Iron Wave","floor":1},{"not_picked":["Armaments","Thunderclap"],"picked":"Flame Barrier","floor":3},{"not_picked":["Pummel","Havoc"],"picked":"Armaments","floor":7},{"not_picked":["Heavy Blade","Second Wind"],"picked":"Spot Weakness","floor":10},{"not_picked":["Havoc","Wild Strike"],"picked":"Rampage","floor":11},{"not_picked":["Cleave","Flame Barrier"],"picked":"Searing Blow","floor":14}],"player_experience":332702,"relics_obtained":[{"floor":5,"key":"Kunai"},{"floor":9,"key":"Matryoshka"},{"floor":11,"key":"Singing Bowl"}],"event_choices":[{"damage_healed":0,"gold_gain":0,"player_choice":"Take Wound","damage_taken":0,"relics_obtained":["Golden Idol"],"max_hp_gain":0,"max_hp_loss":0,"event_name":"Golden Idol","floor":2,"gold_loss":0,"cards_obtained":["Injury"]},{"damage_healed":0,"gold_gain":175,"player_choice":"AGREE","damage_taken":0,"max_hp_gain":0,"max_hp_loss":0,"event_name":"Liars Game","floor":4,"gold_loss":0,"cards_obtained":["Doubt"]},{"cards_removed":["Doubt"],"damage_healed":0,"gold_gain":0,"player_choice":"Card Removal","damage_taken":0,"max_hp_gain":0,"max_hp_loss":0,"event_name":"Wheel of Change","floor":12,"gold_loss":0}],"is_beta":false,"boss_relics":[],"items_purged_floors":[],"is_endless":false,"potions_floor_spawned":[3,14],"killed_by":"The Guardian","ascension_level":0}