{"gold_per_floor":[115,132,39,39,39,102,102,146,217,252,276,300,378,392,392,392],"floor_reached":16,"playtime":610,"items_purged":[],"score":168,"play_id":"f438e358-830b-4307-b5fa-a3f6552e8bff","local_time":"20190730002220","is_ascension_mode":false,"campfire_choices":[{"data":"Footwork","floor":7,"key":"SMITH"},{"data":"Footwork","floor":15,"key":"SMITH"}],"neow_cost":"NONE","seed_source_timestamp":3978838935188814,"circlet_count":0,"master_deck":["Strike_G","Strike_G","Strike_G","Strike_G","Strike_G","Defend_G","Defend_G","Defend_G","Defend_G","Defend_G","Survivor","Neutralize","Footwork+1","Backstab","Footwork+1","Backflip","Deadly Poison","Burst","Blur","Bane","Outmaneuver"],"relics":["Ring of the Snake","NeowsBlessing","Golden Idol","Tiny Chest","Strawberry","Question Card","Darkstone Periapt","Boot"],"potions_floor_usage":[8,16],"damage_taken":[{"damage":0,"enemies":"Small Slimes","floor":1,"turns":1},{"damage":0,"enemies":"Jaw Worm","floor":2,"turns":1},{"damage":0,"enemies":"3 Sentries","floor":6,"turns":1},{"damage":15,"enemies":"Gremlin Nob","floor":8,"turns":4},{"damage":0,"enemies":"Lagavulin","floor":10,"turns":10},{"damage":0,"enemies":"2 Louse","floor":12,"turns":3},{"damage":0,"enemies":"2 Fungi Beasts","floor":14,"turns":4},{"damage":48,"enemies":"Slime Boss","floor":16,"turns":19}],"seed_played":"6006182171862275250","potions_obtained":[{"floor":1,"key":"Poison Potion"},{"floor":6,"key":"Block Potion"}],"is_trial":false,"path_per_floor":["M","M","$","?","?","E","R","E","T","E","T","M","?","M","R","B"],"character_chosen":"THE_SILENT","items_purchased":["Footwork","Backflip"],"campfire_rested":0,"item_purchase_floors":[3,3],"current_hp_per_floor":[70,70,70,70,53,53,53,45,45,45,45,45,45,45,45,0],"gold":392,"neow_bonus":"THREE_ENEMY_KILL","is_prod":false,"is_daily":false,"chose_seed":false,"campfire_upgraded":2,"win_rate":0,"timestamp":1564460540,"path_taken":["M","M","$","?","?","E","R","E","T","E","?","M","?","M","R","BOSS"],"build_version":"2019-07-17","purchased_purges":0,"victory":false,"max_hp_per_floor":[70,70,70,70,70,70,70,77,77,77,77,77,77,77,77,77],"card_choices":[{"not_picked":["Riddle With Holes","Blade Dance"],"picked":"Footwork","floor":1},{"not_picked":["Finisher","Endless Agony"],"picked":"Backstab","floor":2},{"not_picked":["Prepared","Poisoned Stab"],"picked":"Deadly Poison","floor":6},{"not_picked":["Reflex","Cloak And Dagger"],"picked":"Burst","floor":8},{"not_picked":["Acrobatics","Predator","Poisoned Stab"],"picked":"Blur","floor":10},{"not_picked":["Endless Agony","Heel Hook","Deadly Poison"],"picked":"Bane","floor":12},{"not_picked":["Prepared","Flying Knee","Blade Dance"],"picked":"Outmaneuver","floor":14}],"player_experience":496939,"relics_obtained":[{"floor":6,"key":"Tiny Chest"},{"floor":8,"key":"Strawberry"},{"floor":9,"key":"Question Card"},{"floor":10,"key":"Darkstone Periapt"},{"floor":11,"key":"Boot"}],"event_choices":[{"damage_healed":0,"gold_gain":0,"player_choice":"Leave","damage_taken":0,"max_hp_gain":0,"max_hp_loss":0,"event_name":"The Cleric","floor":4,"gold_loss":0},{"damage_healed":0,"gold_gain":0,"player_choice":"Take Damage","damage_taken":17,"relics_obtained":["Golden Idol"],"max_hp_gain":0,"max_hp_loss":0,"event_name":"Golden Idol","floor":5,"gold_loss":0},{"damage_healed":0,"gold_gain":78,"player_choice":"Gained Gold","damage_taken":0,"max_hp_gain":0,"max_hp_loss":0,"event_name":"Golden Wing","floor":13,"gold_loss":0}],"is_beta":false,"boss_relics":[],"items_purged_floors":[],"is_endless":false,"potions_floor_spawned":[1,6],"killed_by":"Slime Boss","ascension_level":0}