{"gold_per_floor":[115,133,151,171,182,182,216,230,285,305,44,44,82,107,107,203,203,103,103,6,6,6,6,6,6,6,6,6,6,6,6,6,6,6,6,6,6,6,6,6,6,6,6,6,6,6,6,6,6,6],"floor_reached":50,"playtime":3023,"items_purged":[],"score":1015,"play_id":"21208aff-19ae-4722-96ad-c2c0d786b52c","local_time":"20190911112542","is_ascension_mode":true,"campfire_choices":[{"data":"Cloak And Dagger","floor":6.0,"key":"SMITH"},{"floor":15.0,"key":"REST"},{"floor":23.0,"key":"REST"},{"data":"Burst","floor":29.0,"key":"SMITH"},{"data":"Catalyst","floor":32,"key":"SMITH"},{"data":"Well Laid Plans","floor":40,"key":"SMITH"},{"data":"Ghostly","floor":42,"key":"SMITH"},{"data":"Ghostly","floor":45,"key":"SMITH"},{"floor":49,"key":"REST"}],"neow_cost":"NONE","seed_source_timestamp":486611678685400,"circlet_count":0,"master_deck":["AscendersBane","Strike_G+1","Strike_G+1","Strike_G+1","Defend_G+1","Defend_G+1","Defend_G+1","Defend_G+1","Defend_G+1","Survivor","Neutralize","All Out Attack","Choke","Cloak And Dagger+1","Caltrops","Accuracy","PiercingWail","Noxious Fumes","Blade Dance","Noxious Fumes","Injury","Escape Plan","Burst+1","Blade Dance","Deadly Poison","Infinite Blades","Ghostly","Ghostly+1","Ghostly+1","Crippling Poison","Well Laid Plans+1","Catalyst+1","Envenom","Dagger Spray","Wraith Form v2","PiercingWail","Backflip","After Image"],"special_seed":0,"relics":["Ring of the Snake","Meat on the Bone","Oddly Smooth Stone","Odd Mushroom","Bag of Marbles","Golden Idol","Snake Skull","Ectoplasm","Red Mask","Question Card","Busted Crown","Ornamental Fan","Mercury Hourglass","Bronze Scales"],"potions_floor_usage":[38,44,50],"damage_taken":[{"damage":3.0,"enemies":"Small Slimes","floor":1.0,"turns":4.0},{"damage":0.0,"enemies":"2 Louse","floor":2.0,"turns":2.0},{"damage":4.0,"enemies":"Jaw Worm","floor":3.0,"turns":4.0},{"damage":0.0,"enemies":"Lots of Slimes","floor":4.0,"turns":2.0},{"damage":0.0,"enemies":"2 Fungi Beasts","floor":5.0,"turns":2.0},{"damage":9.0,"enemies":"3 Sentries","floor":7.0,"turns":6.0},{"damage":6.0,"enemies":"Looter","floor":8.0,"turns":3.0},{"damage":18.0,"enemies":"The Mushroom Lair","floor":10.0,"turns":4.0},{"damage":16.0,"enemies":"Lagavulin","floor":13.0,"turns":7.0},{"damage":10.0,"enemies":"Blue Slaver","floor":14.0,"turns":4.0},{"damage":21.0,"enemies":"Slime Boss","floor":16.0,"turns":8.0},{"damage":14.0,"enemies":"2 Thieves","floor":18.0,"turns":4.0},{"damage":44.0,"enemies":"Masked Bandits","floor":19.0,"turns":5.0},{"damage":1.0,"enemies":"Shell Parasite","floor":28.0,"turns":2.0},{"damage":5.0,"enemies":"Centurion and Healer","floor":30.0,"turns":7.0},{"damage":15,"enemies":"Cultist and Chosen","floor":31,"turns":6},{"damage":15,"enemies":"Champ","floor":33,"turns":8},{"damage":0,"enemies":"3 Shapes","floor":35,"turns":4},{"damage":0,"enemies":"Orb Walker","floor":37,"turns":4},{"damage":4,"enemies":"3 Darklings","floor":38,"turns":4},{"damage":2,"enemies":"Giant Head","floor":41,"turns":7},{"damage":7,"enemies":"Reptomancer","floor":44,"turns":6},{"damage":18,"enemies":"Sphere and 2 Shapes","floor":48,"turns":4},{"damage":32,"enemies":"Time Eater","floor":50,"turns":5}],"seed_played":"-1279767772089867769","potions_obtained":[{"floor":1.0,"key":"FearPotion"},{"floor":2.0,"key":"Explosive Potion"},{"floor":5.0,"key":"Explosive Potion"},{"floor":10.0,"key":"EssenceOfSteel"},{"floor":14.0,"key":"Strength Potion"},{"floor":16.0,"key":"PowerPotion"},{"floor":28.0,"key":"SneckoOil"},{"floor":33,"key":"SkillPotion"},{"floor":35,"key":"Fire Potion"},{"floor":41,"key":"Weak Potion"},{"floor":44,"key":"FearPotion"},{"floor":48,"key":"Weak Potion"}],"is_trial":false,"path_per_floor":["M","M","M","M","M","R","E","M","T","?","$","?","E","M","R","B",null,"M","?","$","?","?","R","$","?","T","?","M","R","M","M","R","B",null,"M","?","M","M","?","R","E","R","T","E","R","?","$","M","R","B"],"character_chosen":"THE_SILENT","items_purchased":["Noxious Fumes","Bag of Marbles","Deadly Poison","Infinite Blades"],"campfire_rested":3,"item_purchase_floors":[11,11,20,20],"current_hp_per_floor":[62,62,58,58,58,58,49,43,43,37,37,37,33,35,56,47,66,52,20,20,20,20,41,41,36,36,36,35,35,30,27,27,24,33,33,33,33,29,29,29,27,27,27,20,20,20,20,14,24,0],"gold":6,"neow_bonus":"TEN_PERCENT_HP_BONUS","is_prod":false,"is_daily":false,"chose_seed":false,"campfire_upgraded":6,"win_rate":0,"timestamp":1568226342,"path_taken":["M","M","M","M","M","R","E","M","T","?","$","?","E","M","R","BOSS","M","?","$","?","?","R","$","?","T","?","M","R","M","M","R","BOSS","M","?","?","M","?","R","E","R","T","E","R","?","$","M","R","BOSS"],"build_version":"2019-07-17","purchased_purges":0,"victory":false,"max_hp_per_floor":[72,72,72,72,72,72,72,72,72,72,72,72,72,72,72,72,72,72,72,72,72,72,72,72,36,36,36,36,36,36,36,36,36,36,36,36,36,36,34,34,34,34,34,34,34,34,34,34,34,34],"card_choices":[{"not_picked":["PiercingWail","Prepared"],"picked":"All Out Attack","floor":1.0},{"not_picked":["Deflect","Finisher"],"picked":"Choke","floor":2.0},{"not_picked":["Acrobatics","Bane"],"picked":"Cloak And Dagger","floor":3.0},{"not_picked":["Tactician","Acrobatics"],"picked":"Caltrops","floor":4.0},{"not_picked":["Endless Agony","Acrobatics"],"picked":"Accuracy","floor":5.0},{"not_picked":["Dash","Eviscerate"],"picked":"PiercingWail","floor":7.0},{"not_picked":["Crippling Poison","Poisoned Stab"],"picked":"Noxious Fumes","floor":8.0},{"not_picked":["Reflex","Eviscerate"],"picked":"Blade Dance","floor":10.0},{"not_picked":["Slice","Choke","Flying Knee"],"picked":"SKIP","floor":13.0},{"not_picked":["Noxious Fumes","Setup"],"picked":"Escape Plan","floor":14.0},{"not_picked":["Tools of the Trade","Storm of Steel"],"picked":"Burst","floor":16.0},{"not_picked":["Caltrops","Sucker Punch","Quick Slash"],"picked":"SKIP","floor":18.0},{"not_picked":["Dagger Throw","Tactician"],"picked":"Blade Dance","floor":19.0},{"not_picked":["Well Laid Plans","Choke","Blade Dance"],"picked":"Crippling Poison","floor":28.0},{"not_picked":["Underhanded Strike","Slice","Cloak And Dagger"],"picked":"Well Laid Plans","floor":30.0},{"not_picked":["Eviscerate","Underhanded Strike","Reflex"],"picked":"Catalyst","floor":31},{"not_picked":["Glass Knife","Tools of the Trade","Phantasmal Killer"],"picked":"Envenom","floor":33},{"not_picked":["Bane"],"picked":"Dagger Spray","floor":35},{"not_picked":["Underhanded Strike","Quick Slash"],"picked":"SKIP","floor":37},{"not_picked":["Deadly Poison+1"],"picked":"PiercingWail","floor":38},{"not_picked":["Expertise"],"picked":"Backflip","floor":41},{"not_picked":["Quick Slash+1"],"picked":"After Image","floor":44},{"not_picked":["Dagger Throw","Expertise"],"picked":"SKIP","floor":48}],"player_experience":900069,"relics_obtained":[{"floor":7.0,"key":"Meat on the Bone"},{"floor":9.0,"key":"Oddly Smooth Stone"},{"floor":10.0,"key":"Odd Mushroom"},{"floor":13.0,"key":"Snake Skull"},{"floor":19.0,"key":"Red Mask"},{"floor":26.0,"key":"Question Card"},{"floor":41,"key":"Ornamental Fan"},{"floor":43,"key":"Mercury Hourglass"},{"floor":44,"key":"Bronze Scales"}],"event_choices":[{"damage_healed":0.0,"max_hp_gain":0.0,"max_hp_loss":0.0,"gold_gain":0.0,"event_name":"Mushrooms","player_choice":"Fought Mushrooms","floor":10.0,"gold_loss":0.0,"damage_taken":0.0},{"damage_healed":0.0,"max_hp_gain":0.0,"max_hp_loss":0.0,"gold_gain":0.0,"event_name":"Golden Idol","player_choice":"Take Wound","floor":12.0,"gold_loss":0.0,"damage_taken":0.0,"relics_obtained":["Golden Idol"],"cards_obtained":["Injury"]},{"damage_healed":0.0,"max_hp_gain":0.0,"max_hp_loss":0.0,"gold_gain":0.0,"event_name":"Masked Bandits","player_choice":"Fought Bandits","floor":19.0,"gold_loss":0.0,"damage_taken":0.0},{"damage_healed":0.0,"max_hp_gain":0.0,"max_hp_loss":0.0,"gold_gain":0.0,"event_name":"Cursed Tome","player_choice":"Ignored","floor":21.0,"gold_loss":0.0,"damage_taken":0.0},{"damage_healed":0.0,"max_hp_gain":0.0,"max_hp_loss":0.0,"gold_gain":0.0,"event_name":"Back to Basics","player_choice":"Simplicity","floor":22.0,"gold_loss":0.0,"damage_taken":0.0,"cards_upgraded":["Strike_G","Strike_G","Strike_G","Strike_G","Strike_G","Defend_G","Defend_G","Defend_G","Defend_G","Defend_G"]},{"damage_healed":0.0,"max_hp_gain":0.0,"max_hp_loss":36.0,"gold_gain":0.0,"event_name":"Ghosts","player_choice":"Became a Ghost","floor":25.0,"gold_loss":0.0,"damage_taken":0.0,"cards_obtained":["Ghostly","Ghostly","Ghostly"]},{"damage_healed":0.0,"max_hp_gain":0.0,"max_hp_loss":0.0,"gold_gain":0.0,"event_name":"The Mausoleum","player_choice":"Ignored","floor":27.0,"gold_loss":0.0,"damage_taken":0.0},{"damage_healed":0,"gold_gain":0,"cards_transformed":["Strike_G"],"player_choice":"Transformed","damage_taken":0,"max_hp_gain":0,"max_hp_loss":0,"event_name":"Transmorgrifier","floor":36,"gold_loss":0,"cards_obtained":["Wraith Form v2"]},{"damage_healed":0,"gold_gain":0,"player_choice":"Max HP","damage_taken":0,"max_hp_gain":0,"max_hp_loss":2,"event_name":"Winding Halls","floor":39,"gold_loss":0},{"cards_removed":["Strike_G"],"damage_healed":0,"gold_gain":0,"player_choice":"Removed Attack","damage_taken":0,"max_hp_gain":0,"max_hp_loss":0,"event_name":"Falling","floor":46,"gold_loss":0}],"is_beta":false,"boss_relics":[{"not_picked":["Runic Dome","Black Star"],"picked":"Ectoplasm"},{"not_picked":["Calling Bell","Eternal Feather"],"picked":"Busted Crown"}],"items_purged_floors":[],"is_endless":false,"potions_floor_spawned":[1,2,5,10,14,16,28,33,35,41,44,48],"killed_by":"Time Eater","ascension_level":17}