{"gold_per_floor":[118,129,52,64,77,77,102,102,128,128,143,175,175,23,23,101,101,117,131,131,131,0,33,33,53,53,53,70,70,90,100,100,100],"floor_reached":33,"playtime":2452,"items_purged":[],"score":512,"play_id":"5521ba0d-ce64-4fe9-8f15-bbec6f9fb974","local_time":"20190910085955","is_ascension_mode":true,"campfire_choices":[{"floor":6,"key":"REST"},{"floor":8,"key":"REST"},{"data":"Neutralize","floor":13,"key":"SMITH"},{"data":"Bouncing Flask","floor":15,"key":"SMITH"},{"floor":24,"key":"REST"},{"floor":27,"key":"REST"},{"floor":32,"key":"REST"}],"neow_cost":"NONE","seed_source_timestamp":392098814361200,"circlet_count":0,"master_deck":["AscendersBane","Strike_G","Strike_G","Defend_G","Defend_G","Defend_G","Defend_G","Defend_G","Survivor","Neutralize+1","Bouncing Flask+1","Poisoned Stab","Backflip","Poisoned Stab","PiercingWail","Dash","Venomology","Infinite Blades","PiercingWail","Malaise","Tools of the Trade+1","Storm of Steel+1","Skewer+1","All Out Attack","Bouncing Flask","Necronomicurse","Die Die Die","Accuracy","Noxious Fumes","Dash"],"relics":["Ring of the Snake","Potion Belt","Oddly Smooth Stone","Smiling Mask","Astrolabe","Nloth\u0027s Gift","Necronomicon","Boot","Matryoshka"],"potions_floor_usage":[7,12,18,18,23,23,25,25,28,28,30,33,33,33],"damage_taken":[{"damage":19,"enemies":"Jaw Worm","floor":1,"turns":7},{"damage":0,"enemies":"Cultist","floor":2,"turns":3},{"damage":2,"enemies":"2 Louse","floor":4,"turns":3},{"damage":12,"enemies":"Exordium Thugs","floor":5,"turns":6},{"damage":22,"enemies":"Gremlin Nob","floor":7,"turns":4},{"damage":0,"enemies":"Large Slime","floor":11,"turns":6},{"damage":18,"enemies":"Lagavulin","floor":12,"turns":5},{"damage":18,"enemies":"Hexaghost","floor":16,"turns":9},{"damage":4,"enemies":"3 Byrds","floor":18,"turns":6},{"damage":4,"enemies":"Chosen","floor":19,"turns":5},{"damage":31,"enemies":"Slavers","floor":23,"turns":7},{"damage":19,"enemies":"Snecko","floor":25,"turns":5},{"damage":16,"enemies":"Sentry and Sphere","floor":28,"turns":7},{"damage":2,"enemies":"Snake Plant","floor":30,"turns":4},{"damage":0,"enemies":"Centurion and Healer","floor":31,"turns":5},{"damage":59,"enemies":"Collector","floor":33,"turns":7}],"seed_played":"-815494703147699628","potions_obtained":[{"floor":1,"key":"GamblersBrew"},{"floor":4,"key":"GamblersBrew"},{"floor":7,"key":"Regen Potion"},{"floor":11,"key":"SpeedPotion"},{"floor":23,"key":"EssenceOfSteel"},{"floor":30,"key":"Ancient Potion"}],"is_trial":false,"path_per_floor":["M","M","$","M","M","R","E","R","T","?","M","E","R","$","R","B",null,"M","M","?","?","?","E","R","M","T","R","M","$","M","M","R","B"],"character_chosen":"THE_SILENT","items_purchased":["Backflip","Poisoned Stab","Infinite Blades","PiercingWail","Strength Potion"],"campfire_rested":5,"item_purchase_floors":[3,3,14,14,14],"current_hp_per_floor":[40,40,40,38,26,45,23,42,42,66,66,48,48,48,48,30,57,53,49,49,28,28,12,31,12,12,31,15,15,13,13,32,0],"gold":100,"neow_bonus":"RANDOM_COMMON_RELIC","is_prod":false,"is_daily":false,"chose_seed":false,"campfire_upgraded":2,"win_rate":0,"timestamp":1568131195,"path_taken":["M","M","$","M","M","R","E","R","T","?","M","E","R","?","R","BOSS","M","M","?","?","?","E","R","M","T","R","M","$","M","M","R","BOSS"],"build_version":"2019-07-17","purchased_purges":0,"victory":false,"max_hp_per_floor":[66,66,66,66,66,66,66,66,66,66,66,66,66,66,66,66,66,66,66,66,66,66,66,66,66,66,66,66,66,66,66,66,66],"card_choices":[{"not_picked":["Calculated Gamble","PiercingWail"],"picked":"Bouncing Flask","floor":1},{"not_picked":["Flying Knee","Dagger Throw"],"picked":"Poisoned Stab","floor":2},{"not_picked":["Accuracy","Poisoned Stab"],"picked":"PiercingWail","floor":4},{"not_picked":["Dagger Throw","Blade Dance","Acrobatics"],"picked":"SKIP","floor":5},{"not_picked":["Setup","Slice"],"picked":"Dash","floor":7},{"not_picked":["Bane","Acrobatics","Blade Dance"],"picked":"SKIP","floor":11},{"not_picked":["PiercingWail","Slice"],"picked":"Venomology","floor":12},{"not_picked":["Tools of the Trade","Glass Knife"],"picked":"Malaise","floor":16},{"not_picked":["Acrobatics","Dagger Throw"],"picked":"All Out Attack","floor":18},{"not_picked":["Bane","Flechettes"],"picked":"Bouncing Flask","floor":19},{"not_picked":["Quick Slash+1","Calculated Gamble"],"picked":"Die Die Die","floor":23},{"not_picked":["All Out Attack","Dodge and Roll"],"picked":"Accuracy","floor":25},{"not_picked":["Concentrate","Endless Agony","Caltrops"],"picked":"SKIP","floor":28},{"not_picked":["Infinite Blades","Envenom"],"picked":"Noxious Fumes","floor":30},{"not_picked":["Backflip","Cloak And Dagger"],"picked":"Dash","floor":31}],"player_experience":870219,"relics_obtained":[{"floor":7,"key":"Oddly Smooth Stone"},{"floor":9,"key":"Smiling Mask"},{"floor":12,"key":"Juzu Bracelet"},{"floor":21,"key":"Necronomicon"},{"floor":23,"key":"Boot"},{"floor":26,"key":"Matryoshka"}],"event_choices":[{"damage_healed":24,"gold_gain":0,"player_choice":"Full Heal","damage_taken":0,"max_hp_gain":0,"max_hp_loss":0,"event_name":"Wheel of Change","floor":10,"gold_loss":0},{"damage_healed":0,"gold_gain":0,"player_choice":"Traded Relic","damage_taken":0,"relics_obtained":["Nloth\u0027s Gift"],"max_hp_gain":0,"max_hp_loss":0,"event_name":"N\u0027loth","floor":20,"relics_lost":["Juzu Bracelet"],"gold_loss":0},{"damage_healed":0,"gold_gain":0,"player_choice":"Obtained Book","damage_taken":21,"max_hp_gain":0,"max_hp_loss":0,"event_name":"Cursed Tome","floor":21,"gold_loss":0},{"damage_healed":0,"gold_gain":0,"player_choice":"Paid Fearfully","damage_taken":0,"max_hp_gain":0,"max_hp_loss":0,"event_name":"Masked Bandits","floor":22,"gold_loss":131}],"is_beta":false,"boss_relics":[{"not_picked":["Sozu","Eternal Feather"],"picked":"Astrolabe"}],"items_purged_floors":[],"is_endless":false,"potions_floor_spawned":[1,4,7,11,23,30],"killed_by":"Collector","ascension_level":17}