{"gold_per_floor":[111,131,142,152,152,152,164,224,224,20,38,38],"floor_reached":12,"playtime":467,"items_purged":[],"score":72,"play_id":"e1a4fdfc-82eb-4c88-b1c1-9b9047317aa0","local_time":"20180728161712","is_ascension_mode":false,"campfire_choices":[{"data":"Rampage","floor":6,"key":"SMITH"}],"neow_cost":"NONE","seed_source_timestamp":249578304816703,"circlet_count":0,"master_deck":["Strike_R","Strike_R","Strike_R","Strike_R","Defend_R","Defend_R","Defend_R","Defend_R","Bash","Seeing Red","Rampage+1","Pommel Strike","Sword Boomerang","Reaper","Cleave","Ghostly Armor"],"relics":["Burning Blood","Kunai","Self Forming Clay"],"potions_floor_usage":[8],"damage_taken":[{"damage":11,"enemies":"Jaw Worm","floor":1,"turns":8},{"damage":0,"enemies":"2 Louse","floor":2,"turns":3},{"damage":6,"enemies":"Cultist","floor":3,"turns":3},{"damage":12,"enemies":"Exordium Wildlife","floor":4,"turns":4},{"damage":10,"enemies":"Looter","floor":7,"turns":3},{"damage":41,"enemies":"3 Sentries","floor":8,"turns":9},{"damage":22,"enemies":"Red Slaver","floor":11,"turns":6},{"damage":28,"enemies":"Lagavulin","floor":12,"turns":3}],"seed_played":"5098449932826888055","potions_obtained":[{"floor":1,"key":"Swift Potion"},{"floor":8,"key":"PowerPotion"},{"floor":11,"key":"Block Potion"}],"is_trial":false,"path_per_floor":["M","M","M","M","?","R","M","?","T","$","M"],"character_chosen":"IRONCLAD","items_purchased":["Reaper","Cleave"],"campfire_rested":0,"item_purchase_floors":[10,10],"current_hp_per_floor":[75,80,80,74,67,67,63,28,28,28,16,0],"gold":38,"neow_bonus":"TRANSFORM_CARD","is_prod":false,"is_daily":false,"chose_seed":false,"campfire_upgraded":1,"win_rate":0,"timestamp":1532809032,"path_taken":["M","M","M","M","?","R","M","?","T","$","?","E"],"build_version":"2018-07-26","purchased_purges":0,"victory":false,"max_hp_per_floor":[80,80,80,80,80,80,80,80,80,80,80,80],"card_choices":[{"not_picked":["Twin Strike","Body Slam"],"picked":"Seeing Red","floor":1},{"not_picked":["Thunderclap","Power Through"],"picked":"Rampage","floor":2},{"not_picked":["Perfected Strike","Havoc","Flame Barrier"],"picked":"SKIP","floor":3},{"not_picked":["Wild Strike","Havoc"],"picked":"Pommel Strike","floor":4},{"not_picked":["Clothesline","Headbutt"],"picked":"Sword Boomerang","floor":7},{"not_picked":["Power Through","Infernal Blade"],"picked":"Ghostly Armor","floor":11}],"player_experience":52879,"relics_obtained":[{"floor":9,"key":"Self Forming Clay"}],"event_choices":[{"event_name":"Golden Wing","player_choice":"Card Removal","floor":5,"damage_taken":0},{"event_name":"Dead Adventurer","player_choice":"Searched \u00273\u0027 times","floor":8,"damage_taken":0}],"is_beta":false,"boss_relics":[],"items_purged_floors":[],"is_endless":false,"potions_floor_spawned":[1,8,11],"killed_by":"Lagavulin","ascension_level":0}