{"gold_per_floor":[113,132,132,132,149,149,178,195,248,248,267,137,137,150,150,248,248,258,278,203,203,203,229,229,229],"floor_reached":25,"playtime":1068,"items_purged":["Decay"],"score":221,"play_id":"74b2d82a-a761-48a0-8fa8-0def600fb9d5","local_time":"20190718223100","is_ascension_mode":false,"campfire_choices":[{"data":"Dodge and Roll","floor":6.0,"key":"SMITH"},{"floor":10.0,"key":"REST"},{"data":"Noxious Fumes","floor":13.0,"key":"SMITH"},{"floor":15.0,"key":"REST"},{"floor":24.0,"key":"REST"}],"neow_cost":"NONE","seed_source_timestamp":3021266585743149,"circlet_count":0,"master_deck":["Strike_G+1","Strike_G","Strike_G+1","Strike_G","Strike_G","Defend_G","Defend_G+1","Defend_G","Defend_G","Defend_G","Survivor","Neutralize+1","Dodge and Roll+1","Deflect","Dagger Spray","Bouncing Flask","Bouncing Flask","Noxious Fumes+1","Bane","Die Die Die","Clumsy","Clumsy","Crippling Poison+1","RitualDagger","Flying Knee"],"special_seed":0,"relics":["Ring of the Snake","NeowsBlessing","Dodecahedron","Calling Bell","Juzu Bracelet","Gremlin Horn","Gambling Chip","Whetstone"],"potions_floor_usage":[25,25],"damage_taken":[{"damage":0.0,"enemies":"Cultist","floor":1.0,"turns":1.0},{"damage":0.0,"enemies":"Small Slimes","floor":2.0,"turns":1.0},{"damage":0.0,"enemies":"Jaw Worm","floor":5.0,"turns":1.0},{"damage":26.0,"enemies":"3 Sentries","floor":7.0,"turns":12.0},{"damage":0.0,"enemies":"Blue Slaver","floor":8.0,"turns":5.0},{"damage":2.0,"enemies":"Looter","floor":11.0,"turns":4.0},{"damage":11.0,"enemies":"3 Louse","floor":14.0,"turns":2.0},{"damage":21.0,"enemies":"Hexaghost","floor":16.0,"turns":8.0},{"damage":16.0,"enemies":"Spheric Guardian","floor":18.0,"turns":4.0},{"damage":20.0,"enemies":"Shell Parasite","floor":19.0,"turns":8.0},{"damage":37.0,"enemies":"Book of Stabbing","floor":23.0,"turns":7.0},{"damage":46,"enemies":"Slavers","floor":25,"turns":3}],"seed_played":"7866081768183982505","potions_obtained":[{"floor":7.0,"key":"EssenceOfSteel"},{"floor":8.0,"key":"SpeedPotion"},{"floor":14.0,"key":"SteroidPotion"},{"floor":16.0,"key":"SpeedPotion"}],"is_trial":false,"path_per_floor":["M","M","?","?","M","R","E","M","T","R","M","$","R","M","R","B",null,"M","M","$","?","?","E","R","E"],"character_chosen":"THE_SILENT","items_purchased":["Noxious Fumes","Bane"],"campfire_rested":3,"item_purchase_floors":[12,12],"current_hp_per_floor":[70,70,75,60,60,60,34,34,34,56,54,54,54,43,65,44,75,59,39,39,33,58,21,43,0],"gold":229,"neow_bonus":"THREE_ENEMY_KILL","is_prod":false,"is_daily":false,"chose_seed":false,"campfire_upgraded":2,"win_rate":0,"timestamp":1563503460,"path_taken":["M","?","?","?","M","R","E","M","T","R","M","$","R","M","R","BOSS","M","M","$","?","?","E","R","E"],"build_version":"2019-07-17","purchased_purges":1,"victory":false,"max_hp_per_floor":[70,70,75,75,75,75,75,75,75,75,75,75,75,75,75,75,75,75,75,75,75,75,75,75,75],"card_choices":[{"not_picked":["Sucker Punch","Blade Dance"],"picked":"Dodge and Roll","floor":1.0},{"not_picked":["Skewer","Cloak And Dagger"],"picked":"Deflect","floor":2.0},{"not_picked":["Concentrate","Underhanded Strike"],"picked":"Dagger Spray","floor":5.0},{"not_picked":["Distraction","Flechettes","Bane"],"picked":"SKIP","floor":7.0},{"not_picked":["Eviscerate","Blade Dance"],"picked":"Bouncing Flask","floor":8.0},{"not_picked":["Adrenaline","Calculated Gamble"],"picked":"Bouncing Flask","floor":11.0},{"not_picked":["Setup","Underhanded Strike","PiercingWail"],"picked":"SKIP","floor":14.0},{"not_picked":["Grand Finale","Unload"],"picked":"Die Die Die","floor":16.0},{"not_picked":["Quick Slash","Underhanded Strike","Dagger Throw"],"picked":"SKIP","floor":18.0},{"not_picked":["Blade Dance","Flying Knee"],"picked":"Crippling Poison+1","floor":19.0},{"not_picked":["Acrobatics","Accuracy+1"],"picked":"Flying Knee","floor":23.0}],"player_experience":454925,"relics_obtained":[{"floor":7.0,"key":"Dodecahedron"},{"floor":17.0,"key":"Juzu Bracelet"},{"floor":17.0,"key":"Gremlin Horn"},{"floor":17.0,"key":"Gambling Chip"},{"floor":23.0,"key":"Whetstone"}],"event_choices":[{"damage_healed":0.0,"max_hp_gain":5.0,"max_hp_loss":0.0,"gold_gain":0.0,"event_name":"Big Fish","player_choice":"Donut","floor":3.0,"gold_loss":0.0,"damage_taken":0.0},{"damage_healed":0.0,"max_hp_gain":0.0,"max_hp_loss":0.0,"gold_gain":0.0,"event_name":"Shining Light","player_choice":"Entered Light","floor":4.0,"gold_loss":0.0,"damage_taken":15.0,"cards_upgraded":["Defend_G","Strike_G"]},{"damage_healed":0.0,"max_hp_gain":0.0,"max_hp_loss":0.0,"gold_gain":0.0,"event_name":"Nest","player_choice":"Joined the Cult","floor":21.0,"gold_loss":0.0,"damage_taken":6.0,"cards_obtained":["RitualDagger"]},{"damage_healed":25.0,"max_hp_gain":0.0,"max_hp_loss":0.0,"gold_gain":0.0,"event_name":"The Library","player_choice":"Heal","floor":22.0,"gold_loss":0.0,"damage_taken":0.0}],"is_beta":false,"boss_relics":[{"not_picked":["Philosopher\u0027s Stone","Orrery"],"picked":"Calling Bell"}],"items_purged_floors":[20],"is_endless":false,"potions_floor_spawned":[7,8,14,16,18,23],"killed_by":"Slavers","ascension_level":0}