{"gold_per_floor":[119,119,119,119,144,184,208,208,276,276,300,12,37,51,51,51],"floor_reached":16,"playtime":1157,"items_purged":[],"score":117,"play_id":"37642665-2596-4775-8284-333c3f334021","local_time":"20190816183030","is_ascension_mode":true,"campfire_choices":[{"floor":8,"key":"REST"},{"data":"Dualcast","floor":15,"key":"SMITH"}],"neow_cost":"NONE","seed_source_timestamp":21440538534915,"circlet_count":0,"master_deck":["Strike_B","Defend_B","Defend_B","Defend_B","Zap","Dualcast+1","Double Energy+1","Meteor Strike+1","Fusion+1","Turbo","Regret","Conserve Battery","Barrage","Scrape","Hologram","Loop+1","Leap","BootSequence"],"relics":["Astrolabe","PreservedInsect","Golden Idol","Cables","Symbiotic Virus","FaceOfCleric","Frozen Egg 2"],"potions_floor_usage":[16],"damage_taken":[{"damage":0,"enemies":"2 Louse","floor":1,"turns":3},{"damage":5,"enemies":"Jaw Worm","floor":5,"turns":3},{"damage":18,"enemies":"3 Sentries","floor":6,"turns":7},{"damage":0,"enemies":"Cultist","floor":7,"turns":2},{"damage":22,"enemies":"Lots of Slimes","floor":11,"turns":3},{"damage":15,"enemies":"3 Louse","floor":13,"turns":3},{"damage":8,"enemies":"Looter","floor":14,"turns":2},{"damage":17,"enemies":"Slime Boss","floor":16,"turns":7}],"seed_played":"8647743743106627574","potions_obtained":[{"floor":5,"key":"FairyPotion"},{"floor":13,"key":"Energy Potion"},{"floor":14,"key":"Block Potion"}],"is_trial":false,"path_per_floor":["M","?","?","?","M","E","M","R","T","?","M","$","M","M","R","B"],"character_chosen":"DEFECT","items_purchased":["Frozen Egg 2","Loop+1"],"campfire_rested":1,"item_purchase_floors":[12,12],"current_hp_per_floor":[75,75,68,50,45,27,27,49,49,49,28,28,14,7,7,0],"gold":51,"neow_bonus":"BOSS_RELIC","is_prod":false,"is_daily":false,"chose_seed":false,"campfire_upgraded":1,"win_rate":0,"timestamp":1565973030,"path_taken":["M","?","?","?","M","E","?","R","T","?","?","$","M","?","R","BOSS"],"build_version":"2019-07-17","purchased_purges":0,"victory":false,"max_hp_per_floor":[75,75,75,75,75,75,75,75,75,75,76,76,77,78,78,78],"card_choices":[{"not_picked":["Steam","Streamline"],"picked":"Turbo","floor":1},{"not_picked":["Sweeping Beam","Rip and Tear"],"picked":"Conserve Battery","floor":5},{"not_picked":["Blizzard","Stack"],"picked":"Barrage","floor":6},{"not_picked":["Stack","Sweeping Beam"],"picked":"Scrape","floor":7},{"not_picked":["Defragment","Undo"],"picked":"Hologram","floor":11},{"not_picked":["Steam","Hello World+1"],"picked":"Leap","floor":13},{"not_picked":["Rip and Tear","Recycle"],"picked":"BootSequence","floor":14}],"player_experience":665660,"relics_obtained":[{"floor":6,"key":"Cables"},{"floor":9,"key":"Symbiotic Virus"}],"event_choices":[{"damage_healed":0,"gold_gain":0,"player_choice":"Box","damage_taken":0,"relics_obtained":["PreservedInsect"],"max_hp_gain":0,"max_hp_loss":0,"event_name":"Big Fish","floor":2,"gold_loss":0,"cards_obtained":["Regret"]},{"cards_removed":["Defend_B"],"damage_healed":0,"gold_gain":0,"player_choice":"Card Removal","damage_taken":7,"max_hp_gain":0,"max_hp_loss":0,"event_name":"Golden Wing","floor":3,"gold_loss":0},{"damage_healed":0,"gold_gain":0,"player_choice":"Take Damage","damage_taken":18,"relics_obtained":["Golden Idol"],"max_hp_gain":0,"max_hp_loss":0,"event_name":"Golden Idol","floor":4,"gold_loss":0},{"damage_healed":0,"gold_gain":0,"player_choice":"Trade","damage_taken":0,"relics_obtained":["FaceOfCleric"],"max_hp_gain":0,"max_hp_loss":0,"event_name":"FaceTrader","floor":10,"gold_loss":0}],"is_beta":false,"boss_relics":[],"items_purged_floors":[],"is_endless":false,"potions_floor_spawned":[5,13,14],"killed_by":"Slime Boss","ascension_level":3}