{"gold_per_floor":[118,137,40,40,53,53,69,88,88,88,88,61,61,71,71,71],"floor_reached":16,"playtime":3606,"items_purged":[],"score":92,"play_id":"b98c5e2d-4834-4b7c-b674-5f69b8a31ca5","local_time":"20180828223339","is_ascension_mode":false,"campfire_choices":[{"floor":6.0,"key":"REST"},{"data":"Dramatic Entrance","floor":11.0,"key":"SMITH"},{"data":"Dualcast","floor":15,"key":"SMITH"}],"neow_cost":"","seed_source_timestamp":0,"circlet_count":0,"master_deck":["Strike_B","Strike_B","Strike_B","Strike_B","Defend_B","Defend_B","Defend_B","Defend_B","Zap+1","Dualcast+1","Gash","Steam","Dramatic Entrance+1","Redo","Gash"],"special_seed":0,"relics":["Cracked Core","Matryoshka","Ornamental Fan","Blue Candle"],"potions_floor_usage":[],"damage_taken":[{"damage":5.0,"enemies":"Jaw Worm","floor":1.0,"turns":4.0},{"damage":0.0,"enemies":"Small Slimes","floor":2.0,"turns":3.0},{"damage":1.0,"enemies":"Cultist","floor":5.0,"turns":3.0},{"damage":5.0,"enemies":"Looter","floor":7.0,"turns":2.0},{"damage":16.0,"enemies":"3 Louse","floor":8.0,"turns":3.0},{"damage":0,"enemies":"Large Slime","floor":14,"turns":4},{"damage":77,"enemies":"Slime Boss","floor":16,"turns":11}],"seed_played":"7071757798519551270","potions_obtained":[{"floor":1.0,"key":"GamblersBrew"}],"is_trial":false,"path_per_floor":["M","M","$","?","M","R","M","M","T","?","R","$","?","M","R"],"character_chosen":"DEFECT","items_purchased":["Dramatic Entrance","Gash"],"campfire_rested":1,"item_purchase_floors":[3,12],"current_hp_per_floor":[70,70,70,52,51,73,68,52,52,75,75,75,75,75,75,0],"gold":71,"neow_bonus":"","is_prod":false,"is_daily":false,"chose_seed":false,"campfire_upgraded":2,"win_rate":0.0,"timestamp":1535510019,"path_taken":["M","M","$","?","M","R","M","M","T","?","R","$","?","?","R","BOSS"],"build_version":"2018-08-23v2","purchased_purges":0,"victory":false,"max_hp_per_floor":[75,75,75,75,75,75,75,75,75,75,75,75,75,75,75,75],"card_choices":[{"not_picked":["Undo","Sweeping Beam"],"picked":"Gash","floor":1.0},{"not_picked":["Rebound","Cold Snap"],"picked":"Steam","floor":2.0},{"not_picked":["Rainbow","Leap"],"picked":"Redo","floor":5.0},{"not_picked":["Coolheaded","Chaos","Barrage"],"picked":"SKIP","floor":7.0},{"not_picked":["Double Energy","Storm","Beam Cell"],"picked":"SKIP","floor":8.0},{"not_picked":["Barrage","Stack","Cold Snap"],"picked":"SKIP","floor":14}],"player_experience":189098,"relics_obtained":[{"floor":9.0,"key":"Ornamental Fan"},{"floor":9.0,"key":"Blue Candle"}],"event_choices":[{"event_name":"Scrap Ooze","player_choice":"success","floor":4.0,"damage_taken":18.0},{"event_name":"Wheel of Change","player_choice":"Full Heal","floor":10.0,"damage_taken":0.0},{"event_name":"Living Wall","player_choice":"Grow","floor":13.0,"damage_taken":0.0}],"is_beta":false,"boss_relics":[],"items_purged_floors":[],"is_endless":false,"potions_floor_spawned":[1],"killed_by":"Slime Boss","ascension_level":0}