{"gold_per_floor":[118,118,137,149,149,149,167,167,167,167,200,213,213,112,112,214,214,231,260,175,187,202,202,234,234,234,286,306,323,342,432,432,535,535,551,568,367,385,395,395,411,421,446,59,59],"floor_reached":45,"playtime":3746,"items_purged":["Strike_R","Regret","Strike_R"],"score":489,"play_id":"9ca038ae-dbe5-46e0-8bea-41200969142c","local_time":"20190913210516","is_ascension_mode":false,"campfire_choices":[{"data":"Bash","floor":6,"key":"SMITH"},{"floor":10,"key":"REST"},{"data":"Madness","floor":13,"key":"SMITH"},{"floor":15,"key":"REST"},{"floor":23,"key":"REST"},{"floor":25,"key":"REST"},{"floor":32,"key":"REST"},{"floor":40,"key":"REST"}],"neow_cost":"NONE","seed_source_timestamp":5785608130351,"circlet_count":0,"master_deck":["Strike_R","Strike_R","Strike_R+1","Defend_R","Defend_R","Defend_R","Defend_R+1","Bash+1","Madness+1","Power Through","Cleave","Flex","Metallicize","Battle Trance","Flame Barrier","Shrug It Off","Bludgeon","Spot Weakness","Shrug It Off","Heavy Blade","Spot Weakness","Immolate","Armaments","Flex+1","Shockwave","Barricade","Injury","Doubt","Bloodletting+1","Evolve+1","Rampage","Power Through","Inflame+1","Corruption+1","Offering"],"relics":["Burning Blood","Art of War","Champion Belt","Letter Opener","Bag of Preparation","Runic Cube","Red Mask","Peace Pipe","Calipers","Darkstone Periapt","Happy Flower","Calling Bell","Smiling Mask","Frozen Egg 2","FossilizedHelix","Pen Nib","Bronze Scales"],"potions_floor_usage":[19,19,24,24,33,33,33,38],"damage_taken":[{"damage":4,"enemies":"2 Louse","floor":1,"turns":3},{"damage":10,"enemies":"Jaw Worm","floor":3,"turns":4},{"damage":5,"enemies":"Small Slimes","floor":4,"turns":4},{"damage":9,"enemies":"2 Fungi Beasts","floor":7,"turns":3},{"damage":17,"enemies":"Gremlin Nob","floor":11,"turns":5},{"damage":11,"enemies":"Large Slime","floor":12,"turns":6},{"damage":54,"enemies":"Slime Boss","floor":16,"turns":21},{"damage":14,"enemies":"Shell Parasite","floor":18,"turns":10},{"damage":9,"enemies":"Masked Bandits","floor":19,"turns":4},{"damage":3,"enemies":"Chosen","floor":21,"turns":5},{"damage":24,"enemies":"Centurion and Healer","floor":22,"turns":5},{"damage":38,"enemies":"Gremlin Leader","floor":24,"turns":5},{"damage":6,"enemies":"Chosen and Byrds","floor":28,"turns":4},{"damage":26,"enemies":"Cultist and Chosen","floor":29,"turns":5},{"damage":3,"enemies":"Centurion and Healer","floor":30,"turns":5},{"damage":35,"enemies":"Automaton","floor":33,"turns":12},{"damage":23,"enemies":"3 Shapes","floor":35,"turns":6},{"damage":28,"enemies":"3 Darklings","floor":36,"turns":7},{"damage":14,"enemies":"Jaw Worm Horde","floor":38,"turns":6},{"damage":12,"enemies":"Spire Growth","floor":39,"turns":8},{"damage":59,"enemies":"Transient","floor":41,"turns":5},{"damage":0,"enemies":"4 Shapes","floor":42,"turns":2},{"damage":27,"enemies":"Giant Head","floor":45,"turns":8}],"seed_played":"127974176129123799","potions_obtained":[{"floor":3,"key":"Ancient Potion"},{"floor":12,"key":"Weak Potion"},{"floor":16,"key":"LiquidBronze"},{"floor":22,"key":"AttackPotion"},{"floor":24,"key":"Energy Potion"},{"floor":28,"key":"Swift Potion"},{"floor":30,"key":"Strength Potion"},{"floor":35,"key":"Swift Potion"}],"is_trial":false,"path_per_floor":["M","?","M","M","T","R","M","?","T","R","E","M","R","$","R","B",null,"M","?","?","M","M","R","E","R","T","T","M","M","M","?","R","B",null,"M","M","$","M","M","R","M","M","T","$","E"],"character_chosen":"IRONCLAD","items_purchased":["Shrug It Off","Evolve+1","Rampage","Corruption+1","Bronze Scales","Offering"],"campfire_rested":6,"item_purchase_floors":[14,37,37,44,44,44],"current_hp_per_floor":[80,73,69,70,70,70,67,51,51,75,64,59,59,59,80,32,80,72,69,69,72,54,78,46,70,70,70,70,50,53,37,61,32,98,81,59,59,51,45,74,21,27,27,27,0],"gold":59,"neow_bonus":"RANDOM_COLORLESS","is_prod":false,"is_daily":false,"chose_seed":false,"campfire_upgraded":2,"win_rate":0,"timestamp":1568379916,"path_taken":["M","?","M","M","?","R","M","?","T","R","E","M","R","$","R","BOSS","M","?","?","M","M","R","E","R","T","?","?","M","M","?","R","BOSS","M","M","?","?","M","R","M","M","T","$","E"],"build_version":"2019-07-17","purchased_purges":3,"victory":false,"max_hp_per_floor":[80,80,80,80,80,80,80,80,80,80,80,80,80,80,80,80,80,80,80,80,80,80,80,80,80,80,80,80,80,80,80,80,80,98,98,98,98,98,98,98,98,98,98,98,98],"card_choices":[{"not_picked":["Battle Trance","Thunderclap"],"picked":"Power Through","floor":1},{"not_picked":["Infernal Blade","Body Slam"],"picked":"Cleave","floor":3},{"not_picked":["Heavy Blade","Sentinel"],"picked":"Flex","floor":4},{"not_picked":["Power Through","Perfected Strike"],"picked":"Metallicize","floor":7},{"not_picked":["Dropkick","Anger"],"picked":"Battle Trance","floor":11},{"not_picked":["Seeing Red","Sever Soul"],"picked":"Flame Barrier","floor":12},{"not_picked":["Berserk","Exhume"],"picked":"Bludgeon","floor":16},{"not_picked":["Sword Boomerang+1","Rampage"],"picked":"Spot Weakness","floor":18},{"not_picked":["Clash","Cleave"],"picked":"Shrug It Off","floor":19},{"not_picked":["Flex","Warcry"],"picked":"Heavy Blade","floor":21},{"not_picked":["Thunderclap","Cleave"],"picked":"Spot Weakness","floor":22},{"not_picked":["Clothesline+1","Sword Boomerang"],"picked":"Immolate","floor":24},{"not_picked":["Havoc+1","Iron Wave+1"],"picked":"Armaments","floor":28},{"not_picked":["Perfected Strike","Pommel Strike"],"picked":"Flex+1","floor":29},{"not_picked":["Sentinel","Whirlwind"],"picked":"Shockwave","floor":30},{"not_picked":["Juggernaut","Immolate"],"picked":"Barricade","floor":33},{"not_picked":["Combust+1","Anger"],"picked":"Bloodletting+1","floor":35},{"not_picked":["Infernal Blade","Havoc","Perfected Strike+1"],"picked":"SKIP","floor":36},{"not_picked":["Perfected Strike","Sword Boomerang"],"picked":"Power Through","floor":38},{"not_picked":["Clash","Disarm+1"],"picked":"Inflame+1","floor":39},{"not_picked":["Anger","Flex+1","Sword Boomerang+1"],"picked":"SKIP","floor":41},{"not_picked":["Pommel Strike","Thunderclap+1","Twin Strike+1"],"picked":"SKIP","floor":42}],"player_experience":363261,"relics_obtained":[{"floor":5,"key":"Champion Belt"},{"floor":9,"key":"Letter Opener"},{"floor":11,"key":"Bag of Preparation"},{"floor":19,"key":"Red Mask"},{"floor":24,"key":"Calipers"},{"floor":26,"key":"Darkstone Periapt"},{"floor":27,"key":"Happy Flower"},{"floor":34,"key":"Smiling Mask"},{"floor":34,"key":"Frozen Egg 2"},{"floor":34,"key":"FossilizedHelix"},{"floor":43,"key":"Pen Nib"}],"event_choices":[{"damage_healed":0,"gold_gain":0,"player_choice":"Success","damage_taken":7,"relics_obtained":["Art of War"],"max_hp_gain":0,"max_hp_loss":0,"event_name":"Scrap Ooze","floor":2,"gold_loss":0},{"damage_healed":0,"gold_gain":0,"player_choice":"Entered Light","damage_taken":16,"max_hp_gain":0,"max_hp_loss":0,"event_name":"Shining Light","floor":8,"gold_loss":0,"cards_upgraded":["Strike_R","Defend_R"]},{"damage_healed":0,"gold_gain":0,"player_choice":"Fought Bandits","damage_taken":0,"max_hp_gain":0,"max_hp_loss":0,"event_name":"Masked Bandits","floor":19,"gold_loss":0},{"damage_healed":0,"gold_gain":0,"player_choice":"Obtained Relic","damage_taken":0,"relics_obtained":["Peace Pipe"],"max_hp_gain":0,"max_hp_loss":0,"event_name":"Addict","floor":20,"gold_loss":85},{"damage_healed":0,"gold_gain":90,"player_choice":"GOLD ","damage_taken":16,"max_hp_gain":0,"max_hp_loss":0,"event_name":"Knowing Skull","floor":31,"potions_obtained":[],"gold_loss":0,"cards_obtained":[]}],"is_beta":false,"boss_relics":[{"not_picked":["Runic Pyramid","Empty Cage"],"picked":"Runic Cube"},{"not_picked":["Astrolabe","Coffee Dripper"],"picked":"Calling Bell"}],"items_purged_floors":[14,37,44],"is_endless":false,"potions_floor_spawned":[3,12,16,18,22,24,28,30,35],"killed_by":"Giant Head","ascension_level":0}