{"path_per_floor":["M","?","?","$","$","R","?","R","T","R","M","M","M","M","R","B",null,"M","$","M","?","?","R","$","R","T","?","M","M","E","?","R"],"character_chosen":"IRONCLAD","items_purchased":["Intimidate","Warcry","Inflame","Heavy Blade"],"gold_per_floor":[114,114,114,38,15,15,15,15,42,42,52,70,83,94,94,194,194,212,137,151,151,151,151,21,21,46,46,60,79,106,106,106],"floor_reached":33,"campfire_rested":0,"playtime":5736,"current_hp_per_floor":[80,77,70,70,70,70,75,75,75,75,81,85,85,79,79,39,85,85,85,85,85,85,85,85,85,85,85,79,70,75,75,75],"items_purged":["Strike_R"],"gold":106,"play_id":"c2d3346b-e0a9-4d0b-b6e9-4ffde488e0a8","is_prod":false,"is_daily":false,"is_ascension_mode":false,"campfire_upgraded":7,"path_taken":["M","?","?","?","$","R","?","R","T","R","M","?","M","M","R","BOSS","M","$","M","?","?","R","$","R","T","?","?","M","E","?","R","BOSS"],"build_version":"2018-02-01-PROD3","purchased_purges":1,"victory":false,"master_deck":["Strike_R+1","Strike_R+1","Strike_R+1","Defend_R+1","Defend_R+1","Defend_R+1","Bash","Flame Barrier+1","Intimidate+1","Warcry+1","Headbutt","Anger+1","Rampage+1","Feed","Headbutt+1","Shrug It Off+1","True Grit+1","Inflame+1","Heavy Blade","Armaments","Writhe"],"max_hp_per_floor":[80,80,80,80,80,80,85,85,85,85,85,85,85,85,85,85,85,85,85,85,85,85,85,85,85,85,85,85,85,98,98,98],"relics":["Burning Blood","Gremlin Horn","Orichalcum","White Beast Statue","War Paint","Pear","Ornamental Fan"],"card_choices":[{"not_picked":["Feel No Pain","Armaments"],"picked":"Flame Barrier"},{"not_picked":["Feel No Pain","Clash"],"picked":"Headbutt"},{"not_picked":["Twin Strike","Pommel Strike"],"picked":"Anger"},{"not_picked":["Clothesline","Twin Strike"],"picked":"Rampage"},{"not_picked":["Immolate","Brutality"],"picked":"Feed"},{"not_picked":["Evolve","Sword Boomerang"],"picked":"Headbutt"},{"not_picked":["Blood for Blood","Second Wind"],"picked":"Shrug It Off"},{"not_picked":["Corruption","True Grit"],"picked":"Armaments"}],"player_experience":95022,"potions_floor_usage":[16,20,28,29,30,30,30,33],"damage_taken":[{"damage":5,"enemies":"Small Slimes","floor":1,"turns":3},{"damage":0,"enemies":"Jaw Worm","floor":11,"turns":3},{"damage":0,"enemies":"2 Louse","floor":12,"turns":2},{"damage":0,"enemies":"Lots of Slimes","floor":13,"turns":3},{"damage":12,"enemies":"Exordium Thugs","floor":14,"turns":6},{"damage":46,"enemies":"Slime Boss","floor":16,"turns":14},{"damage":0,"enemies":"3 Byrds","floor":18,"turns":3},{"damage":3,"enemies":"Shell Parasite","floor":20,"turns":6},{"damage":12,"enemies":"Sentry and Sphere","floor":28,"turns":6},{"damage":15,"enemies":"Snake Plant","floor":29,"turns":5},{"damage":29,"enemies":"Slavers","floor":30,"turns":8},{"damage":81,"enemies":"Champ","floor":33,"turns":13}],"event_choices":[{"event_name":"Scrap Ooze","player_choice":"success","floor":2,"damage_taken":3},{"event_name":"Golden Wing","player_choice":"Card Removal","floor":3,"damage_taken":0},{"event_name":"Big Fish","player_choice":"Donut","floor":7,"damage_taken":0},{"event_name":"The Library","player_choice":"Read","floor":21,"damage_taken":0},{"event_name":"Back to Basics","player_choice":"Simplicity","floor":22,"damage_taken":0},{"event_name":"Drug Dealer","player_choice":"Ignored","floor":27,"damage_taken":0},{"event_name":"The Mausoleum","player_choice":"Yes","floor":31,"damage_taken":0}],"boss_relics":[{"not_picked":["Philosopher\u0027s Stone","Sozu"],"picked":"White Beast Statue"}],"potions_floor_spawned":[1,14,16,18,20,28,29,30],"seed_played":"-7944714447491839970","killed_by":"Champ","ascension_level":0,"is_trial":false}