{"gold_per_floor":[111,111,121,141,151,177,195,195,195,195,45,59,78,90,90,194,194,204,184,29,49,60,60,74,74,121,121,121,150,150,150],"floor_reached":31,"playtime":9788,"items_purged":[],"score":311,"play_id":"6ee67217-9630-4a58-aa9a-b4f0426515bc","local_time":"20190912215554","is_ascension_mode":true,"campfire_choices":[{"floor":8,"key":"REST"},{"floor":10,"key":"REST"},{"floor":15,"key":"REST"},{"floor":23,"key":"REST"},{"floor":25,"key":"RECALL"}],"neow_cost":"NONE","seed_source_timestamp":97958981759800,"circlet_count":0,"master_deck":["Survivor","Neutralize","Backflip+1","Predator","Bouncing Flask","Blur","Tools of the Trade","Concentrate","Acrobatics","Skewer","Bane","After Image","Flechettes","Well Laid Plans","Wraith Form v2","Underhanded Strike","Endless Agony","Dagger Throw","Caltrops","Blur","Night Terror","Backstab","Leg Sweep","Bouncing Flask","Deflect","Glass Knife","Predator","Underhanded Strike+1"],"relics":["Ring of the Snake","NeowsBlessing","Happy Flower","Ancient Tea Set","Pandora\u0027s Box","Bag of Preparation","Smiling Mask","Dream Catcher"],"potions_floor_usage":[7,12,14,16,22,29,29,29],"damage_taken":[{"damage":0,"enemies":"Jaw Worm","floor":1,"turns":1},{"damage":0,"enemies":"Cultist","floor":3,"turns":1},{"damage":0,"enemies":"Small Slimes","floor":4,"turns":1},{"damage":6,"enemies":"3 Louse","floor":5,"turns":6},{"damage":56,"enemies":"3 Sentries","floor":6,"turns":16},{"damage":5,"enemies":"Blue Slaver","floor":7,"turns":5},{"damage":26,"enemies":"Lots of Slimes","floor":12,"turns":7},{"damage":0,"enemies":"Red Slaver","floor":13,"turns":5},{"damage":13,"enemies":"Exordium Thugs","floor":14,"turns":8},{"damage":15,"enemies":"The Guardian","floor":16,"turns":13},{"damage":26,"enemies":"Spheric Guardian","floor":18,"turns":7},{"damage":1,"enemies":"Chosen","floor":21,"turns":5},{"damage":0,"enemies":"Snecko","floor":22,"turns":5},{"damage":0,"enemies":"Cultist and Chosen","floor":24,"turns":9},{"damage":69,"enemies":"Gremlin Leader","floor":29,"turns":8},{"damage":7,"enemies":"Snake Plant","floor":31,"turns":5}],"seed_played":"3237977438702436368","potions_obtained":[{"floor":1,"key":"SteroidPotion"},{"floor":3,"key":"FearPotion"},{"floor":6,"key":"SpeedPotion"},{"floor":7,"key":"Regen Potion"},{"floor":16,"key":"Strength Potion"},{"floor":18,"key":"Fire Potion"},{"floor":19,"key":"EssenceOfSteel"},{"floor":22,"key":"Regen Potion"}],"is_trial":false,"path_per_floor":["M","?","M","M","M","E","M","R","T","R","$","M","M","M","R","B",null,"M","?","$","M","M","R","M","R","T","?","?","E","$","M"],"character_chosen":"THE_SILENT","items_purchased":["Ancient Tea Set","Bag of Preparation"],"campfire_rested":4,"item_purchase_floors":[11,20],"current_hp_per_floor":[70,70,70,70,64,8,3,24,24,45,45,34,34,21,42,27,70,44,44,44,43,43,64,64,64,64,64,64,7,7,0],"gold":150,"neow_bonus":"THREE_ENEMY_KILL","is_prod":false,"is_daily":false,"chose_seed":false,"campfire_upgraded":0,"win_rate":0,"timestamp":1568343354,"path_taken":["M","?","M","M","M","E","M","R","T","R","$","M","M","?","R","BOSS","M","?","$","M","M","R","?","R","T","?","?","E","?","?"],"build_version":"2019-07-17","purchased_purges":0,"victory":false,"max_hp_per_floor":[70,70,70,70,70,70,70,70,70,70,70,70,70,70,70,70,70,70,70,70,70,70,70,70,70,70,70,70,70,70,70],"card_choices":[{"not_picked":["Dash","Setup"],"picked":"Backflip","floor":1},{"not_picked":["Escape Plan","Flechettes"],"picked":"Predator","floor":3},{"not_picked":["Quick Slash","Outmaneuver"],"picked":"Bouncing Flask","floor":4},{"not_picked":["Quick Slash","Deflect"],"picked":"Blur","floor":5},{"not_picked":["Choke","Heel Hook"],"picked":"Tools of the Trade","floor":6},{"not_picked":["Finisher","Setup"],"picked":"Concentrate","floor":7},{"not_picked":["Dagger Spray","All Out Attack"],"picked":"Acrobatics","floor":12},{"not_picked":["Prepared","Dagger Throw"],"picked":"Skewer","floor":13},{"not_picked":["Poisoned Stab","Riddle With Holes"],"picked":"Bane","floor":14},{"not_picked":["Storm of Steel","A Thousand Cuts"],"picked":"After Image","floor":16},{"not_picked":["Underhanded Strike","All Out Attack+1"],"picked":"Leg Sweep","floor":18},{"not_picked":["Flying Knee","Blade Dance"],"picked":"Bouncing Flask","floor":21},{"not_picked":["Dagger Throw","Deadly Poison"],"picked":"Deflect","floor":22},{"not_picked":["Outmaneuver","Sucker Punch+1"],"picked":"Glass Knife","floor":24},{"not_picked":["Deflect","Flying Knee+1"],"picked":"Underhanded Strike+1","floor":29}],"player_experience":361703,"relics_obtained":[{"floor":6,"key":"Happy Flower"},{"floor":26,"key":"Smiling Mask"},{"floor":29,"key":"Dream Catcher"}],"event_choices":[{"damage_healed":0,"gold_gain":0,"player_choice":"Upgraded","damage_taken":0,"max_hp_gain":0,"max_hp_loss":0,"event_name":"Upgrade Shrine","floor":2,"gold_loss":0,"cards_upgraded":["Backflip"]},{"damage_healed":0,"gold_gain":0,"player_choice":"Bought 1 Potion","damage_taken":0,"max_hp_gain":0,"max_hp_loss":0,"event_name":"The Woman in Blue","floor":19,"gold_loss":0},{"damage_healed":0,"gold_gain":0,"player_choice":"Ignored","damage_taken":0,"max_hp_gain":0,"max_hp_loss":0,"event_name":"Beggar","floor":27,"gold_loss":0},{"damage_healed":0,"gold_gain":0,"player_choice":"Read","damage_taken":0,"max_hp_gain":0,"max_hp_loss":0,"event_name":"The Library","floor":28,"gold_loss":0,"cards_obtained":["Predator"]}],"is_beta":false,"boss_relics":[{"not_picked":["White Beast Statue","Tiny House"],"picked":"Pandora\u0027s Box"}],"items_purged_floors":[],"is_endless":false,"potions_floor_spawned":[1,3,6,7,16,18,22],"killed_by":"Snake Plant","ascension_level":4}