{"gold_per_floor":[113,130,205,205,24,24,34,34,116,133,133,133,150,162,162,260,260,273,298,298,298,308,308,208,208,208,208,225,225,177,190,190,190],"floor_reached":33,"playtime":1350,"items_purged":["Strike_B","Strike_B"],"score":235,"play_id":"e6a0ea0d-41f8-4b5c-a5c0-2c8d783b7003","local_time":"20180730233938","is_ascension_mode":false,"campfire_choices":[{"data":"Streamline","floor":6,"key":"SMITH"},{"data":"Melter","floor":8,"key":"SMITH"},{"data":"Streamline","floor":11,"key":"SMITH"},{"floor":15,"key":"REST"},{"floor":23,"key":"REST"},{"data":"Strike_B","floor":25,"key":"SMITH"},{"data":"Strike_B","floor":27,"key":"SMITH"},{"data":"Go for the Eyes","floor":29,"key":"SMITH"},{"floor":32,"key":"REST"}],"neow_cost":"","seed_source_timestamp":448025299874784,"circlet_count":0,"master_deck":["Strike_B+1","Strike_B+1","Defend_B","Defend_B","Defend_B","Defend_B","Zap","Dualcast","Melter+1","Self Repair","Streamline+1","Self Repair","Gash","Steam Power","Go for the Eyes+1","Defragment+1","Defragment+1","Barrage+1","Ball Lightning","Conserve Battery+1"],"special_seed":0,"relics":["Cracked Core","Nunchaku","Mercury Hourglass","Nuclear Battery","Art of War","Question Card"],"potions_floor_usage":[22,33],"damage_taken":[{"damage":0,"enemies":"Small Slimes","floor":1,"turns":2},{"damage":6,"enemies":"Jaw Worm","floor":2,"turns":3},{"damage":0,"enemies":"2 Louse","floor":7,"turns":2},{"damage":10,"enemies":"Looter","floor":10,"turns":2},{"damage":20,"enemies":"Red Slaver","floor":13,"turns":5},{"damage":15,"enemies":"Gremlin Gang","floor":14,"turns":3},{"damage":18,"enemies":"Slime Boss","floor":16,"turns":9},{"damage":27,"enemies":"2 Thieves","floor":18,"turns":4},{"damage":25,"enemies":"3 Byrds","floor":22,"turns":4},{"damage":27,"enemies":"Snake Plant","floor":28,"turns":3},{"damage":30,"enemies":"Sentry and Sphere","floor":31,"turns":4},{"damage":86,"enemies":"Collector","floor":33,"turns":7}],"seed_played":"-91176212456908194","potions_obtained":[{"floor":7,"key":"AttackPotion"},{"floor":10,"key":"Dexterity Potion"},{"floor":14,"key":"Energy Potion"},{"floor":28,"key":"SteroidPotion"}],"is_trial":false,"path_per_floor":["M","M","?","?","$","R","M","R","T","M","R","?","M","M","R","B",null,"M","T","?","?","M","R","$","R","T","R","M","R","$","M","R"],"character_chosen":"DEFECT","items_purchased":["Streamline","Self Repair","Ball Lightning"],"campfire_rested":3,"item_purchase_floors":[5,5,30],"current_hp_per_floor":[75,69,58,51,51,51,58,58,58,55,55,55,49,48,70,59,75,62,62,62,62,51,73,73,73,73,73,60,60,60,44,66,0],"gold":190,"neow_bonus":"","is_prod":false,"is_daily":false,"chose_seed":false,"campfire_upgraded":6,"win_rate":0.0,"timestamp":1533008378,"path_taken":["M","M","?","?","$","R","M","R","T","M","R","?","M","M","R","BOSS","M","?","?","?","M","R","?","R","T","R","M","R","$","?","R","BOSS"],"build_version":"2018-07-26","purchased_purges":2,"victory":false,"max_hp_per_floor":[75,75,75,75,75,75,75,75,75,75,75,75,75,75,75,75,75,75,75,75,75,75,75,75,75,75,75,75,75,75,75,75,75],"card_choices":[{"not_picked":["Hologram","Leap"],"picked":"Melter","floor":1},{"not_picked":["Reinforced Body","FTL"],"picked":"Self Repair","floor":2},{"not_picked":["Undo","Chaos"],"picked":"Gash","floor":7},{"not_picked":["Storm","Genetic Algorithm"],"picked":"Streamline","floor":10},{"not_picked":["Stack","Streamline"],"picked":"Go for the Eyes","floor":13},{"not_picked":["Melter","Go for the Eyes","Hologram"],"picked":"SKIP","floor":14},{"not_picked":["Skim","Loop"],"picked":"Defragment+1","floor":18},{"not_picked":["Fusion","Barrage","Gash"],"picked":"SKIP","floor":22},{"not_picked":["Steam","Hologram+1","Go for the Eyes+1"],"picked":"Barrage+1","floor":28},{"not_picked":["Coolheaded","Cold Snap","Hologram"],"picked":"Conserve Battery+1","floor":31}],"player_experience":83822,"relics_obtained":[{"floor":9,"key":"Mercury Hourglass"},{"floor":19,"key":"Art of War"},{"floor":26,"key":"Question Card"}],"event_choices":[{"event_name":"World of Goop","player_choice":"Gather Gold","floor":3,"damage_taken":0},{"event_name":"Scrap Ooze","player_choice":"success","floor":4,"damage_taken":7},{"event_name":"Living Wall","player_choice":"Change","floor":12,"damage_taken":0},{"event_name":"Duplicator","player_choice":"One dupe","floor":20,"damage_taken":0},{"event_name":"Vampires","player_choice":"Ignored","floor":21,"damage_taken":0}],"is_beta":false,"boss_relics":[{"not_picked":["Snecko Eye","Astrolabe"],"picked":"Nuclear Battery"}],"items_purged_floors":[5,24],"is_endless":false,"potions_floor_spawned":[7,10,14,28],"killed_by":"Collector","ascension_level":0}