{"gold_per_floor":[118,129,129,142,142,142,161,187,187,201,220,231,306,324,324,427,427,441,441],"floor_reached":19,"playtime":2244,"items_purged":[],"score":198,"play_id":"9d73da0c-3e59-417a-9269-88aab552b666","local_time":"20180720200822","is_ascension_mode":false,"campfire_choices":[{"data":"Bash","floor":6,"key":"SMITH"},{"data":"Bloodletting","floor":15,"key":"SMITH"}],"neow_cost":"","seed_source_timestamp":601824488911775,"circlet_count":0,"master_deck":["Strike_R","Strike_R","Strike_R","Strike_R","Strike_R","Defend_R","Defend_R","Defend_R","Defend_R","Bash+1","Iron Wave","Iron Wave","Clash","Anger","Armaments","Rage","Bloodletting+1","Battle Trance","Pommel Strike","Demon Form"],"relics":["Burning Blood","Red Skull","Bag of Preparation","Snecko Eye"],"potions_floor_usage":[14,14,16,16],"damage_taken":[{"damage":0,"enemies":"2 Louse","floor":1,"turns":3},{"damage":0,"enemies":"Small Slimes","floor":2,"turns":4},{"damage":1,"enemies":"Cultist","floor":4,"turns":3},{"damage":3,"enemies":"Gremlin Gang","floor":7,"turns":6},{"damage":14,"enemies":"3 Sentries","floor":8,"turns":8},{"damage":0,"enemies":"Red Slaver","floor":10,"turns":3},{"damage":0,"enemies":"Looter","floor":11,"turns":3},{"damage":4,"enemies":"3 Louse","floor":12,"turns":3},{"damage":3,"enemies":"Large Slime","floor":14,"turns":5},{"damage":61,"enemies":"The Guardian","floor":16,"turns":8},{"damage":22,"enemies":"Chosen","floor":18,"turns":6},{"damage":80,"enemies":"3 Byrds","floor":19,"turns":7}],"seed_played":"-6330205099235855188","potions_obtained":[{"floor":4,"key":"Weak Potion"},{"floor":8,"key":"Ancient Potion"},{"floor":12,"key":"Fruit Juice"},{"floor":14,"key":"Fruit Juice"}],"is_trial":false,"path_per_floor":["M","M","?","M","$","R","M","E","T","M","M","M","?","M","R","B",null,"M"],"character_chosen":"IRONCLAD","items_purchased":[],"campfire_rested":0,"item_purchase_floors":[],"current_hp_per_floor":[80,80,85,85,85,85,85,77,77,83,85,85,74,82,82,32,95,79,0],"gold":441,"neow_bonus":"","is_prod":false,"is_daily":false,"chose_seed":false,"campfire_upgraded":2,"win_rate":0.0,"timestamp":1532131702,"path_taken":["M","M","?","M","$","R","M","E","T","?","?","M","?","M","R","BOSS","M","M"],"build_version":"2018-07-19v2","purchased_purges":0,"victory":false,"max_hp_per_floor":[80,80,85,85,85,85,85,85,85,85,85,85,85,90,90,95,95,95,95],"card_choices":[{"not_picked":["Headbutt","Pommel Strike"],"picked":"Iron Wave","floor":1},{"not_picked":["Fire Breathing","Perfected Strike"],"picked":"Iron Wave","floor":2},{"not_picked":["Anger","Cleave"],"picked":"Clash","floor":4},{"not_picked":["Thunderclap","Sword Boomerang"],"picked":"Anger","floor":7},{"not_picked":["Bludgeon","Feel No Pain"],"picked":"Armaments","floor":8},{"not_picked":["Headbutt","Hemokinesis"],"picked":"Rage","floor":10},{"not_picked":["Metallicize","Body Slam"],"picked":"Bloodletting","floor":11},{"not_picked":["Iron Wave","Shrug It Off"],"picked":"Battle Trance","floor":12},{"not_picked":["Sever Soul","Twin Strike"],"picked":"Pommel Strike","floor":14},{"not_picked":["Juggernaut","Reaper"],"picked":"Demon Form","floor":16},{"not_picked":["Sword Boomerang","Armaments","Pommel Strike"],"picked":"SKIP","floor":18}],"player_experience":12468,"relics_obtained":[{"floor":8,"key":"Red Skull"},{"floor":9,"key":"Bag of Preparation"}],"event_choices":[{"event_name":"Big Fish","player_choice":"Donut","floor":3,"damage_taken":0},{"event_name":"World of Goop","player_choice":"Gather Gold","floor":13,"damage_taken":0}],"is_beta":false,"boss_relics":[{"not_picked":["Calling Bell","Astrolabe"],"picked":"Snecko Eye"}],"items_purged_floors":[],"is_endless":false,"potions_floor_spawned":[4,8,12,14],"killed_by":"3 Byrds","ascension_level":0}