{"gold_per_floor":[111,111,122,135,153,153,169,16,42,55,66,93,180,155,155,155],"floor_reached":16,"playtime":880,"items_purged":["Limit Break"],"score":104,"play_id":"510c97c0-00a8-45fd-8cbd-701fdbac9482","local_time":"20180721184806","is_ascension_mode":false,"campfire_choices":[{"data":"Cleave","floor":6,"key":"SMITH"},{"floor":15,"key":"REST"}],"neow_cost":"NONE","seed_source_timestamp":684771423373211,"circlet_count":0,"master_deck":["Strike_R","Strike_R","Strike_R","Strike_R","Strike_R","Defend_R","Defend_R","Defend_R","Defend_R","Bash","Hemokinesis","Flex","Cleave+1","Blood for Blood","Rampage","Flex","Dual Wield","Battle Trance"],"relics":["Burning Blood","Omamori","MawBank"],"potions_floor_usage":[5],"damage_taken":[{"damage":5,"enemies":"2 Louse","floor":1,"turns":3},{"damage":5,"enemies":"Small Slimes","floor":3,"turns":4},{"damage":18,"enemies":"Cultist","floor":4,"turns":5},{"damage":6,"enemies":"Red Slaver","floor":5,"turns":4},{"damage":15,"enemies":"Looter","floor":7,"turns":3},{"damage":3,"enemies":"3 Louse","floor":10,"turns":3},{"damage":17,"enemies":"Large Slime","floor":11,"turns":6},{"damage":32,"enemies":"Lagavulin","floor":12,"turns":5},{"damage":47,"enemies":"The Guardian","floor":16,"turns":7}],"seed_played":"3587482354859611212","potions_obtained":[{"floor":1,"key":"Block Potion"},{"floor":5,"key":"SneckoOil"},{"floor":12,"key":"Explosive Potion"}],"is_trial":false,"path_per_floor":["M","?","M","M","M","R","M","$","T","M","M","E","?","$","R"],"character_chosen":"IRONCLAD","items_purchased":["Rampage","Battle Trance"],"campfire_rested":1,"item_purchase_floors":[8,14],"current_hp_per_floor":[80,85,85,73,73,73,64,64,64,67,56,30,19,19,44,0],"gold":155,"neow_bonus":"ONE_RANDOM_RARE_CARD","is_prod":false,"is_daily":false,"chose_seed":false,"campfire_upgraded":1,"win_rate":0.0,"timestamp":1532213286,"path_taken":["M","?","?","M","M","R","M","?","T","M","M","E","?","$","R","BOSS"],"build_version":"2018-07-19v2","purchased_purges":1,"victory":false,"max_hp_per_floor":[80,85,85,85,85,85,85,85,85,85,85,85,85,85,85,85],"card_choices":[{"not_picked":["Shockwave","Disarm"],"picked":"Hemokinesis","floor":1},{"not_picked":["Pommel Strike","Headbutt"],"picked":"Flex","floor":3},{"not_picked":["True Grit","Dropkick"],"picked":"Cleave","floor":4},{"not_picked":["Iron Wave","Warcry"],"picked":"Blood for Blood","floor":5},{"not_picked":["Burning Pact","Thunderclap","Dual Wield"],"picked":"SKIP","floor":7},{"not_picked":["Dark Embrace","Perfected Strike"],"picked":"Flex","floor":10},{"not_picked":["Twin Strike","Rupture","Cleave"],"picked":"SKIP","floor":11},{"not_picked":["Dropkick","Feel No Pain"],"picked":"Dual Wield","floor":12}],"player_experience":23077,"relics_obtained":[{"floor":9,"key":"Omamori"},{"floor":12,"key":"MawBank"}],"event_choices":[{"event_name":"Big Fish","player_choice":"Donut","floor":2,"damage_taken":0},{"event_name":"World of Goop","player_choice":"Gather Gold","floor":13,"damage_taken":0}],"is_beta":false,"boss_relics":[],"items_purged_floors":[8],"is_endless":false,"potions_floor_spawned":[1,5,12],"killed_by":"The Guardian","ascension_level":0}