{"gold_per_floor":[118,118,132,132,142,173,173,138,184,184,207,26,44,63,63,187,187,211,14,14,27,48,92,92],"floor_reached":24,"playtime":2772,"items_purged":[],"score":216,"play_id":"34125f02-7c60-434b-83a6-4d41ca3e335f","local_time":"20180714174829","is_ascension_mode":false,"campfire_choices":[{"data":"Backstab","floor":7,"key":"SMITH"},{"floor":15,"key":"REST"}],"neow_cost":"NONE","seed_source_timestamp":74497841364802,"circlet_count":0,"master_deck":["Defend_G","Defend_G","Defend_G","Strike_G","Strike_G","Strike_G","Strike_G+1","Survivor","Neutralize+1","Caltrops+1","Dagger Throw+1","Slice+1","Backflip","A Thousand Cuts","Slice","Backstab+1","Panache","Flying Knee","Tools of the Trade","Unload","Masterful Stab+1","Master of Strategy","Well Laid Plans+1","Dagger Throw+1","Eviscerate"],"relics":["Astrolabe","Pen Nib","Whetstone","Golden Idol","Oddly Smooth Stone","Black Star","Letter Opener","Bottled Flame"],"potions_floor_usage":[23,23],"damage_taken":[{"damage":0,"enemies":"Cultist","floor":1,"turns":3},{"damage":0,"enemies":"2 Louse","floor":3,"turns":3},{"damage":0,"enemies":"Jaw Worm","floor":5,"turns":3},{"damage":8,"enemies":"Lagavulin","floor":6,"turns":6},{"damage":1,"enemies":"Red Slaver","floor":13,"turns":2},{"damage":7,"enemies":"Lots of Slimes","floor":14,"turns":4},{"damage":38,"enemies":"The Guardian","floor":16,"turns":8},{"damage":20,"enemies":"Spheric Guardian","floor":18,"turns":4},{"damage":4,"enemies":"Chosen","floor":21,"turns":3},{"damage":9,"enemies":"3 Cultists","floor":22,"turns":4},{"damage":22,"enemies":"Gremlin Leader","floor":23,"turns":7},{"damage":24,"enemies":"Chosen and Byrds","floor":24,"turns":4}],"seed_played":"-1061113436057890304","potions_obtained":[{"floor":3,"key":"Strength Potion"},{"floor":6,"key":"GamblersBrew"},{"floor":16,"key":"Strength Potion"},{"floor":22,"key":"GhostInAJar"},{"floor":23,"key":"Energy Potion"}],"is_trial":false,"path_per_floor":["M","?","M","?","M","E","R","?","T","?","T","$","M","M","R","B",null,"M","$","?","M","M","E"],"character_chosen":"THE_SILENT","items_purchased":["Panache","Master of Strategy"],"campfire_rested":1,"item_purchase_floors":[12,19],"current_hp_per_floor":[70,70,70,70,70,62,62,70,70,53,53,53,52,45,66,28,70,50,50,50,46,37,15,0],"gold":92,"neow_bonus":"BOSS_RELIC","is_prod":false,"is_daily":false,"chose_seed":false,"campfire_upgraded":1,"win_rate":0.0,"timestamp":1531604909,"path_taken":["M","?","M","?","?","E","R","?","T","?","?","$","?","M","R","BOSS","M","?","?","M","M","E","M"],"build_version":"2018-07-12","purchased_purges":0,"victory":false,"max_hp_per_floor":[70,70,70,70,70,70,70,70,70,70,70,70,70,70,70,70,70,70,70,70,70,70,70,70],"card_choices":[{"not_picked":["Dodge and Roll","Acrobatics"],"picked":"Slice","floor":1},{"not_picked":["Riddle With Holes","PiercingWail"],"picked":"Backflip","floor":3},{"not_picked":["Backflip","Deadly Poison"],"picked":"Slice","floor":5},{"not_picked":["Crippling Poison","Slice"],"picked":"Backstab","floor":6},{"not_picked":["Backflip","PiercingWail"],"picked":"Flying Knee","floor":13},{"not_picked":["Slice","PiercingWail"],"picked":"Tools of the Trade","floor":14},{"not_picked":["Night Terror","Wraith Form v2"],"picked":"Unload","floor":16},{"not_picked":["Malaise","Backflip"],"picked":"Masterful Stab+1","floor":18},{"not_picked":["Sucker Punch+1","Infinite Blades+1"],"picked":"Well Laid Plans+1","floor":21},{"not_picked":["Footwork","Backflip"],"picked":"Dagger Throw+1","floor":22},{"not_picked":["Dash+1","Deadly Poison+1"],"picked":"Eviscerate","floor":23}],"player_experience":9678,"relics_obtained":[{"floor":6,"key":"Pen Nib"},{"floor":9,"key":"Whetstone"},{"floor":11,"key":"Oddly Smooth Stone"},{"floor":23,"key":"Letter Opener"},{"floor":23,"key":"Bottled Flame"}],"event_choices":[{"event_name":"Living Wall","player_choice":"Grow","floor":2,"damage_taken":0},{"event_name":"Transmorgrifier","player_choice":"Transform","floor":4,"damage_taken":0},{"event_name":"The Cleric","player_choice":"Healed","floor":8,"damage_taken":0},{"event_name":"Golden Idol","player_choice":"Take Damage","floor":10,"damage_taken":0},{"event_name":"Addict","player_choice":"Ignored","floor":20,"damage_taken":0}],"boss_relics":[{"not_picked":["Velvet Choker","Coffee Dripper"],"picked":"Black Star"}],"items_purged_floors":[],"is_endless":false,"potions_floor_spawned":[3,6,16,21,22,23],"killed_by":"Chosen and Byrds","ascension_level":0}