{"gold_per_floor":[117,42,55,73,88,88,113,133,133,146,175,175,208,221,221,317,317,329,329,299,310,61,61,94,94,94,122,221,235,254,314,314,314],"floor_reached":33,"playtime":4580,"items_purged":["Defend_R","Bash"],"score":500,"play_id":"79b3bdd8-9133-4130-a6a5-21f5f3193114","local_time":"20190914212059","is_ascension_mode":true,"campfire_choices":[{"data":"Warcry","floor":6.0,"key":"SMITH"},{"data":"1","floor":12.0,"key":"LIFT"},{"data":"2","floor":15.0,"key":"LIFT"},{"data":"3","floor":23.0,"key":"LIFT"},{"data":"Fire Breathing","floor":25.0,"key":"SMITH"},{"floor":32,"key":"REST"}],"neow_cost":"PERCENT_DAMAGE","seed_source_timestamp":0,"circlet_count":0,"master_deck":["Defend_R","Defend_R","Defend_R","Warcry+1","Pummel","Power Through","Warcry","Shrug It Off","Fire Breathing+1","Ghostly Armor","Body Slam","Burning Pact","Bloodletting","Demon Form","Feed","Havoc+1","Havoc","Bite","Bite","Bite","Bite","Bite","Sword Boomerang+1","Sword Boomerang","Uppercut","Whirlwind","Shrug It Off+1","Whirlwind","Ghostly Armor+1"],"special_seed":0,"relics":["Burning Blood","Red Skull","Girya","Bottled Flame","Prayer Wheel","Runic Dome","Pen Nib","Champion Belt","Sundial","Tiny Chest"],"potions_floor_usage":[],"damage_taken":[{"damage":5.0,"enemies":"Small Slimes","floor":1.0,"turns":4.0},{"damage":8.0,"enemies":"Cultist","floor":3.0,"turns":6.0},{"damage":4.0,"enemies":"Jaw Worm","floor":4.0,"turns":5.0},{"damage":2.0,"enemies":"Looter","floor":5.0,"turns":4.0},{"damage":45.0,"enemies":"3 Sentries","floor":7.0,"turns":14.0},{"damage":5.0,"enemies":"Lots of Slimes","floor":8.0,"turns":8.0},{"damage":0.0,"enemies":"3 Louse","floor":10.0,"turns":3.0},{"damage":12.0,"enemies":"Lagavulin","floor":11.0,"turns":8.0},{"damage":0.0,"enemies":"3 Sentries","floor":13.0,"turns":5.0},{"damage":1.0,"enemies":"Looter","floor":14.0,"turns":3.0},{"damage":15.0,"enemies":"Slime Boss","floor":16.0,"turns":11.0},{"damage":22.0,"enemies":"3 Byrds","floor":18.0,"turns":5.0},{"damage":9.0,"enemies":"Spheric Guardian","floor":21.0,"turns":4.0},{"damage":5.0,"enemies":"Gremlin Leader","floor":24.0,"turns":5.0},{"damage":40.0,"enemies":"Slavers","floor":27.0,"turns":6.0},{"damage":16.0,"enemies":"Snecko","floor":29.0,"turns":4.0},{"damage":35,"enemies":"Snake Plant","floor":30,"turns":5},{"damage":6,"enemies":"Book of Stabbing","floor":31,"turns":3},{"damage":54,"enemies":"Automaton","floor":33,"turns":6}],"seed_played":"-3292902402739584330","potions_obtained":[{"floor":4.0,"key":"Poison Potion"},{"floor":8.0,"key":"GamblersBrew"},{"floor":10.0,"key":"GamblersBrew"},{"floor":11.0,"key":"SkillPotion"},{"floor":13.0,"key":"Block Potion"},{"floor":14.0,"key":"Regen Potion"},{"floor":18.0,"key":"SkillPotion"},{"floor":20.0,"key":"SkillPotion"},{"floor":20.0,"key":"FearPotion"}],"is_trial":false,"path_per_floor":["M","$","M","M","M","R","E","M","T","M","E","R","E","M","R","B",null,"M","?","?","M","$","R","E","R","T","E","?","M","M","E","R","B"],"character_chosen":"IRONCLAD","items_purchased":["Pen Nib"],"campfire_rested":1,"item_purchase_floors":[22],"current_hp_per_floor":[52,52,50,52,56,56,17,18,18,24,18,18,24,29,29,35,69,56,56,56,57,57,57,58,58,58,37,37,34,17,21,40,0],"gold":314,"neow_bonus":"REMOVE_TWO","is_prod":false,"is_daily":false,"chose_seed":false,"campfire_upgraded":2,"win_rate":0,"timestamp":1568488859,"path_taken":["M","$","M","M","M","R","E","M","T","M","E","R","E","M","R","BOSS","M","?","?","?","$","R","E","R","T","E","?","M","?","E","R","BOSS"],"build_version":"2019-07-17","purchased_purges":2,"victory":false,"max_hp_per_floor":[80,80,80,80,80,80,80,80,80,80,80,80,80,80,80,80,80,83,58,58,58,58,58,58,58,58,61,61,64,64,64,64,64],"card_choices":[{"not_picked":["Thunderclap","Body Slam"],"picked":"Warcry","floor":1.0},{"not_picked":["Twin Strike","Cleave"],"picked":"Pummel","floor":3.0},{"not_picked":["Pommel Strike","Headbutt"],"picked":"Power Through","floor":4.0},{"not_picked":["Clothesline","Thunderclap"],"picked":"Warcry","floor":5.0},{"not_picked":["Cleave","Sentinel"],"picked":"Shrug It Off","floor":7.0},{"not_picked":["Spot Weakness","Pommel Strike"],"picked":"Fire Breathing","floor":8.0},{"not_picked":["Wild Strike","Entrench"],"picked":"Ghostly Armor","floor":10.0},{"not_picked":["Flex","Hemokinesis"],"picked":"Body Slam","floor":11.0},{"not_picked":["Twin Strike","Pommel Strike"],"picked":"Burning Pact","floor":13.0},{"not_picked":["Searing Blow","Wild Strike"],"picked":"Bloodletting","floor":14.0},{"not_picked":["Thunderclap","Clothesline"],"picked":"Demon Form","floor":14.0},{"not_picked":["Juggernaut","Immolate"],"picked":"Feed","floor":16.0},{"not_picked":["Clothesline+1","Flex+1"],"picked":"Havoc+1","floor":18.0},{"not_picked":["Wild Strike","Burning Pact"],"picked":"Havoc","floor":18.0},{"not_picked":["Shrug It Off","Iron Wave+1"],"picked":"Sword Boomerang+1","floor":21.0},{"not_picked":["Anger","True Grit+1"],"picked":"Sword Boomerang","floor":21.0},{"not_picked":["Burning Pact","Blood for Blood"],"picked":"Uppercut","floor":24.0},{"not_picked":["Entrench","Burning Pact","Heavy Blade"],"picked":"SKIP","floor":27.0},{"not_picked":["Evolve+1","Havoc"],"picked":"Whirlwind","floor":29.0},{"not_picked":["Brutality","Heavy Blade","Warcry"],"picked":"SKIP","floor":29.0},{"not_picked":["Clothesline+1","Ghostly Armor"],"picked":"Shrug It Off+1","floor":30},{"not_picked":["Body Slam","Thunderclap+1"],"picked":"Whirlwind","floor":30},{"not_picked":["Twin Strike","Berserk"],"picked":"Ghostly Armor+1","floor":31}],"player_experience":304873,"relics_obtained":[{"floor":7.0,"key":"Red Skull"},{"floor":9.0,"key":"Girya"},{"floor":11.0,"key":"Bottled Flame"},{"floor":13.0,"key":"Prayer Wheel"},{"floor":24.0,"key":"Champion Belt"},{"floor":27.0,"key":"Sundial"},{"floor":31,"key":"Tiny Chest"}],"event_choices":[{"damage_healed":0.0,"max_hp_gain":0.0,"max_hp_loss":25.0,"gold_gain":0.0,"event_name":"Vampires","player_choice":"Became a vampire","floor":19.0,"gold_loss":0.0,"damage_taken":0.0,"cards_obtained":["Bite","Bite","Bite","Bite","Bite"]},{"damage_healed":0.0,"max_hp_gain":0.0,"max_hp_loss":0.0,"gold_gain":0.0,"event_name":"The Woman in Blue","player_choice":"Bought 2 Potions","floor":20.0,"gold_loss":0.0,"damage_taken":0.0},{"damage_healed":0.0,"max_hp_gain":0.0,"max_hp_loss":0.0,"gold_gain":99.0,"event_name":"Nest","player_choice":"Stole From Cult","floor":28.0,"gold_loss":0.0,"damage_taken":0.0}],"is_beta":false,"boss_relics":[{"not_picked":["Black Blood","Mark of Pain"],"picked":"Runic Dome"}],"items_purged_floors":[2,22],"is_endless":false,"potions_floor_spawned":[4,8,10,11,13,14,18,21],"killed_by":"Automaton","ascension_level":7}