{"gold_per_floor":[114,131,131,142,155,155,181,181,181,193,208,225,258,132,132,132],"floor_reached":16,"playtime":621,"items_purged":["Strike_R"],"score":139,"play_id":"f2db2cd3-3db3-435f-8fc7-f0b2528d0806","local_time":"20180728222643","is_ascension_mode":false,"campfire_choices":[{"data":"Sword Boomerang","floor":6,"key":"SMITH"},{"data":"Iron Wave","floor":8,"key":"SMITH"},{"data":"Cleave","floor":15,"key":"SMITH"}],"neow_cost":"NONE","seed_source_timestamp":271595034588064,"circlet_count":0,"master_deck":["Strike_R","Strike_R","Strike_R","Defend_R","Defend_R","Defend_R","Defend_R","Bash","Sword Boomerang+1","Flex","Iron Wave+1","Flex","Infernal Blade","Headbutt","Blood for Blood","Cleave+1"],"relics":["Burning Blood","Letter Opener","Pear","Mercury Hourglass"],"potions_floor_usage":[16,16,16],"damage_taken":[{"damage":9,"enemies":"Jaw Worm","floor":1,"turns":4},{"damage":7,"enemies":"2 Louse","floor":2,"turns":3},{"damage":0,"enemies":"Cultist","floor":4,"turns":3},{"damage":15,"enemies":"Red Slaver","floor":5,"turns":5},{"damage":35,"enemies":"Lagavulin","floor":7,"turns":6},{"damage":2,"enemies":"Exordium Thugs","floor":10,"turns":5},{"damage":7,"enemies":"2 Fungi Beasts","floor":11,"turns":3},{"damage":4,"enemies":"3 Louse","floor":12,"turns":2},{"damage":11,"enemies":"3 Sentries","floor":13,"turns":7},{"damage":64,"enemies":"The Guardian","floor":16,"turns":7}],"seed_played":"-8888008871810909403","potions_obtained":[{"floor":1,"key":"SteroidPotion"},{"floor":7,"key":"GamblersBrew"},{"floor":11,"key":"Block Potion"},{"floor":12,"key":"Block Potion"}],"is_trial":false,"path_per_floor":["M","M","?","M","M","R","E","R","T","M","M","M","E","$","R"],"character_chosen":"IRONCLAD","items_purchased":["Cleave"],"campfire_rested":0,"item_purchase_floors":[14],"current_hp_per_floor":[77,76,81,85,76,76,47,47,57,61,60,62,57,57,57,0],"gold":132,"neow_bonus":"REMOVE_CARD","is_prod":false,"is_daily":false,"chose_seed":false,"campfire_upgraded":3,"win_rate":0,"timestamp":1532831203,"path_taken":["M","M","?","M","M","R","E","R","T","M","M","M","E","?","R","BOSS"],"build_version":"2018-07-26","purchased_purges":1,"victory":false,"max_hp_per_floor":[80,80,85,85,85,85,85,85,95,95,95,95,95,95,95,95],"card_choices":[{"not_picked":["Dual Wield","Wild Strike"],"picked":"Sword Boomerang","floor":1},{"not_picked":["Sentinel","Entrench"],"picked":"Flex","floor":2},{"not_picked":["Headbutt","Armaments"],"picked":"Iron Wave","floor":4},{"not_picked":["Twin Strike","Double Tap","Armaments"],"picked":"SKIP","floor":5},{"not_picked":["Warcry","Perfected Strike","Combust"],"picked":"SKIP","floor":7},{"not_picked":["Shrug It Off","Ghostly Armor"],"picked":"Flex","floor":10},{"not_picked":["Battle Trance","Evolve"],"picked":"Infernal Blade","floor":11},{"not_picked":["Body Slam","Warcry"],"picked":"Headbutt","floor":12},{"not_picked":["Sword Boomerang","Burning Pact"],"picked":"Blood for Blood","floor":13}],"player_experience":64304,"relics_obtained":[{"floor":7,"key":"Letter Opener"},{"floor":9,"key":"Pear"},{"floor":13,"key":"Mercury Hourglass"}],"event_choices":[{"event_name":"Big Fish","player_choice":"Donut","floor":3,"damage_taken":0}],"is_beta":false,"boss_relics":[],"items_purged_floors":[14],"is_endless":false,"potions_floor_spawned":[1,7,11,12,13],"killed_by":"The Guardian","ascension_level":0}