{"gold_per_floor":[111,130,205,205,218,218,247,247,272,272,305,323,323,335,335,335],"floor_reached":16,"playtime":417,"items_purged":[],"score":160,"play_id":"91d3f128-0860-4a3a-be92-804bd8e37a0b","local_time":"20190528121025","is_ascension_mode":true,"campfire_choices":[{"data":"Limit Break","floor":6.0,"key":"SMITH"},{"floor":8.0,"key":"REST"},{"data":"Bash","floor":10.0,"key":"SMITH"},{"floor":13.0,"key":"REST"},{"floor":15.0,"key":"REST"}],"neow_cost":"NONE","seed_source_timestamp":1134125773233396,"circlet_count":0,"master_deck":["Strike_R+1","Strike_R","Strike_R","Strike_R","Strike_R+1","Defend_R","Defend_R","Defend_R","Defend_R","Bash+1","Limit Break+1","Thunderclap","Perfected Strike"],"special_seed":0,"relics":["Burning Blood","PreservedInsect","Whetstone","Shuriken"],"potions_floor_usage":[16,16,16],"damage_taken":[{"damage":1.0,"enemies":"Cultist","floor":1.0,"turns":3.0},{"damage":10.0,"enemies":"Small Slimes","floor":2.0,"turns":3.0},{"damage":6.0,"enemies":"2 Louse","floor":5.0,"turns":3.0},{"damage":40.0,"enemies":"Gremlin Nob","floor":7.0,"turns":5.0},{"damage":36.0,"enemies":"Lagavulin","floor":11.0,"turns":5.0},{"damage":19.0,"enemies":"Blue Slaver","floor":12.0,"turns":5.0},{"damage":7.0,"enemies":"Looter","floor":14.0,"turns":3.0},{"damage":71,"enemies":"Hexaghost","floor":16,"turns":8}],"seed_played":"-8596660778587611966","potions_obtained":[{"floor":0.0,"key":"Swift Potion"},{"floor":0.0,"key":"SkillPotion"},{"floor":0.0,"key":"Ancient Potion"},{"floor":11.0,"key":"Regen Potion"},{"floor":14.0,"key":"FearPotion"}],"is_trial":false,"path_per_floor":["M","M","?","?","M","R","E","R","T","R","E","M","R","M","R","B"],"character_chosen":"IRONCLAD","items_purchased":[],"campfire_rested":3,"item_purchase_floors":[],"current_hp_per_floor":[77,73,62,62,62,62,28,52,52,52,22,9,33,32,56,0],"gold":335,"neow_bonus":"THREE_SMALL_POTIONS","is_prod":false,"is_daily":false,"chose_seed":false,"campfire_upgraded":2,"win_rate":0,"timestamp":1559059825,"path_taken":["M","M","?","?","?","R","E","R","T","R","E","M","R","M","R","BOSS"],"build_version":"2019-01-23","purchased_purges":0,"victory":false,"max_hp_per_floor":[80,80,80,80,80,80,80,80,80,80,80,80,80,80,80,80],"card_choices":[{"not_picked":["Clash","Rampage","Twin Strike"],"picked":"SKIP","floor":1.0},{"not_picked":["Blood for Blood","Corruption","Battle Trance"],"picked":"SKIP","floor":2.0},{"not_picked":["True Grit","Twin Strike"],"picked":"Limit Break","floor":5.0},{"not_picked":["Armaments","Dark Embrace","Anger"],"picked":"SKIP","floor":7.0},{"not_picked":["Blood for Blood","Cleave"],"picked":"Thunderclap","floor":11.0},{"not_picked":["Havoc","Cleave"],"picked":"Perfected Strike","floor":12.0},{"not_picked":["Headbutt","Wild Strike","Iron Wave"],"picked":"SKIP","floor":14.0}],"player_experience":298122,"relics_obtained":[{"floor":7.0,"key":"PreservedInsect"},{"floor":9.0,"key":"Whetstone"},{"floor":11.0,"key":"Shuriken"}],"event_choices":[{"damage_healed":0.0,"max_hp_gain":0.0,"max_hp_loss":0.0,"gold_gain":75.0,"event_name":"World of Goop","player_choice":"Gather Gold","floor":3.0,"gold_loss":0.0,"damage_taken":11.0},{"damage_healed":0.0,"max_hp_gain":0.0,"max_hp_loss":0.0,"gold_gain":0.0,"event_name":"Transmorgrifier","player_choice":"Ignored","floor":4.0,"gold_loss":0.0,"damage_taken":0.0}],"is_beta":false,"boss_relics":[],"items_purged_floors":[],"is_endless":false,"potions_floor_spawned":[2,11,14],"killed_by":"Hexaghost","ascension_level":9}