{"gold_per_floor":[110,126,76,76,93,123,123,151,151,151,171,182,182,208,208,308,308,318,27,27,27,27,27,62,80,104,104,129,129,54,64,64,167,167,183,60,72,90,104,104,139,139,166,192,192,192,69,83,83,83],"floor_reached":51,"playtime":4471,"items_purged":["Defend_R"],"score":1117,"play_id":"35b497c0-7fa3-4dac-892f-37b94869b914","local_time":"20190528160943","is_ascension_mode":true,"campfire_choices":[{"floor":7.0,"key":"REST"},{"floor":10.0,"key":"REST"},{"floor":13.0,"key":"REST"},{"floor":15.0,"key":"REST"},{"data":"Feed","floor":23.0,"key":"SMITH"},{"data":"Feed","floor":27.0,"key":"SMITH"},{"data":"Demon Form","floor":29.0,"key":"SMITH"},{"floor":32.0,"key":"REST"},{"data":"Reaper","floor":40.0,"key":"SMITH"},{"data":"Inflame","floor":42.0,"key":"SMITH"},{"floor":46.0,"key":"REST"},{"floor":49.0,"key":"REST"}],"neow_cost":"NONE","seed_source_timestamp":1143419991779899,"circlet_count":0,"master_deck":["Defend_R","Defend_R","Bash+1","Flex","Armaments+1","Demon Form+1","Seeing Red+1","Shrug It Off+1","Feed+1","Shockwave+1","Limit Break+1","Bite","Bite","Bite","Bite","Bite","Feed+1","Flex+1","Reaper+1","Inflame+1","Battle Trance+1","Double Tap+1","Normality","Deep Breath+1","Metallicize"],"special_seed":0,"relics":["Burning Blood","Toxic Egg 2","Oddly Smooth Stone","Kunai","Dodecahedron","Mark of Pain","Pen Nib","Nilry\u0027s Codex","Orichalcum","Lantern","Boot","Cursed Key","Question Card","Red Skull","Bag of Preparation"],"potions_floor_usage":[50,50],"damage_taken":[{"damage":18.0,"enemies":"Jaw Worm","floor":1.0,"turns":5.0},{"damage":1.0,"enemies":"Small Slimes","floor":2.0,"turns":4.0},{"damage":1.0,"enemies":"Cultist","floor":5.0,"turns":3.0},{"damage":55.0,"enemies":"3 Sentries","floor":6.0,"turns":10.0},{"damage":40.0,"enemies":"Lagavulin","floor":8.0,"turns":5.0},{"damage":0.0,"enemies":"Large Slime","floor":11.0,"turns":4.0},{"damage":11.0,"enemies":"Looter","floor":12.0,"turns":3.0},{"damage":42.0,"enemies":"3 Sentries","floor":14.0,"turns":9.0},{"damage":24.0,"enemies":"Slime Boss","floor":16.0,"turns":9.0},{"damage":24.0,"enemies":"Chosen","floor":18.0,"turns":7.0},{"damage":44.0,"enemies":"Slavers","floor":24.0,"turns":7.0},{"damage":7.0,"enemies":"3 Byrds","floor":25.0,"turns":5.0},{"damage":25.0,"enemies":"Book of Stabbing","floor":28.0,"turns":4.0},{"damage":16.0,"enemies":"Centurion and Healer","floor":31.0,"turns":5.0},{"damage":67.0,"enemies":"Collector","floor":33.0,"turns":7.0},{"damage":17.0,"enemies":"Orb Walker","floor":35.0,"turns":4.0},{"damage":49.0,"enemies":"3 Darklings","floor":37.0,"turns":5.0},{"damage":13.0,"enemies":"4 Shapes","floor":38.0,"turns":9.0},{"damage":28.0,"enemies":"Maw","floor":39.0,"turns":6.0},{"damage":20.0,"enemies":"Reptomancer","floor":41.0,"turns":4.0},{"damage":36.0,"enemies":"Nemesis","floor":44.0,"turns":5.0},{"damage":41.0,"enemies":"Jaw Worm Horde","floor":48.0,"turns":7.0},{"damage":94,"enemies":"Awakened One","floor":50,"turns":8}],"seed_played":"-983803657059696972","potions_obtained":[{"floor":2.0,"key":"Ancient Potion"},{"floor":8.0,"key":"Weak Potion"},{"floor":11.0,"key":"Poison Potion"},{"floor":24.0,"key":"SkillPotion"},{"floor":25.0,"key":"Dexterity Potion"},{"floor":31.0,"key":"Ancient Potion"},{"floor":35.0,"key":"LiquidBronze"},{"floor":39.0,"key":"FearPotion"},{"floor":48.0,"key":"Ancient Potion"}],"is_trial":false,"path_per_floor":["M","M","?","?","M","E","R","E","T","R","M","M","R","E","R","B",null,"M","$","?","?","?","R","E","M","T","R","E","R","$","M","R","B",null,"M","$","M","M","M","R","E","R","T","E","?","R","$","M","R","B",null],"character_chosen":"IRONCLAD","items_purchased":["Limit Break+1","Pen Nib","Fire Potion","Inflame","Metallicize","SkillPotion"],"campfire_rested":7,"item_purchase_floors":[19,19,36,36,47,47],"current_hp_per_floor":[60,65,65,65,70,21,45,11,11,35,41,36,60,24,48,30,68,53,53,37,64,58,58,34,52,52,52,44,44,44,55,74,30,66,65,65,33,71,90,90,80,80,80,54,54,81,81,81,94,69],"gold":83,"neow_bonus":"REMOVE_CARD","is_prod":false,"is_daily":false,"chose_seed":false,"campfire_upgraded":5,"win_rate":0,"timestamp":1559074183,"path_taken":["M","M","?","?","M","E","R","E","T","R","?","M","R","E","R","BOSS","M","$","?","?","?","R","E","M","T","R","E","R","$","M","R","BOSS","M","$","M","M","M","R","E","R","T","E","?","R","$","M","R","BOSS"],"build_version":"2019-01-23","purchased_purges":1,"victory":true,"max_hp_per_floor":[80,80,80,80,80,80,80,80,80,80,80,80,80,80,80,80,80,83,83,83,83,58,58,62,66,66,66,66,66,66,74,74,78,78,78,78,78,86,90,90,90,90,90,90,90,90,90,94,94,102],"card_choices":[{"not_picked":["Headbutt","Clash","Thunderclap"],"picked":"SKIP","floor":1.0},{"not_picked":["Twin Strike","Pommel Strike","Bloodletting"],"picked":"SKIP","floor":2.0},{"not_picked":["Battle Trance","Heavy Blade"],"picked":"Flex","floor":5.0},{"not_picked":["Whirlwind","Warcry","Wild Strike"],"picked":"SKIP","floor":6.0},{"not_picked":["Thunderclap","Body Slam"],"picked":"Armaments+1","floor":8.0},{"not_picked":["Havoc+1","Dual Wield+1"],"picked":"Demon Form","floor":11.0},{"not_picked":["Entrench+1","Second Wind+1"],"picked":"Seeing Red+1","floor":12.0},{"not_picked":["Rampage","Dropkick"],"picked":"Shrug It Off+1","floor":14.0},{"not_picked":["Offering+1","Dark Embrace"],"picked":"Feed","floor":16.0},{"not_picked":["Pommel Strike","Twin Strike"],"picked":"Shockwave+1","floor":18.0},{"not_picked":["Limit Break+1","Burning Pact+1"],"picked":"Feed","floor":24.0},{"not_picked":["Rampage","Thunderclap","Pommel Strike"],"picked":"SKIP","floor":25.0},{"not_picked":["Anger","Entrench+1","Perfected Strike+1"],"picked":"SKIP","floor":28.0},{"not_picked":["Blood for Blood","Thunderclap"],"picked":"Flex+1","floor":31.0},{"not_picked":["Demon Form","Offering+1"],"picked":"Reaper","floor":33.0},{"not_picked":["Bloodletting+1","Headbutt","Feel No Pain+1"],"picked":"SKIP","floor":35.0},{"not_picked":["Warcry+1","Armaments+1","Pommel Strike+1"],"picked":"SKIP","floor":37.0},{"not_picked":["Perfected Strike+1","Corruption+1"],"picked":"Battle Trance+1","floor":38.0},{"not_picked":["Thunderclap","Armaments+1","Iron Wave"],"picked":"SKIP","floor":39.0},{"not_picked":["Warcry+1","Whirlwind"],"picked":"Double Tap+1","floor":41.0},{"not_picked":["Armaments+1","Uppercut","Hemokinesis+1","Havoc+1"],"picked":"SKIP","floor":44.0},{"not_picked":["Dramatic Entrance","Finesse+1","Secret Weapon+1"],"picked":"Deep Breath+1","floor":45.0},{"not_picked":["Seeing Red+1","Flex+1","Intimidate+1","Clash"],"picked":"SKIP","floor":48.0}],"player_experience":305821,"relics_obtained":[{"floor":6.0,"key":"Toxic Egg 2"},{"floor":8.0,"key":"Oddly Smooth Stone"},{"floor":9.0,"key":"Kunai"},{"floor":14.0,"key":"Dodecahedron"},{"floor":20.0,"key":"Nilry\u0027s Codex"},{"floor":24.0,"key":"Orichalcum"},{"floor":26.0,"key":"Lantern"},{"floor":28.0,"key":"Boot"},{"floor":41.0,"key":"Question Card"},{"floor":43.0,"key":"Red Skull"},{"floor":44.0,"key":"Bag of Preparation"}],"event_choices":[{"cards_removed":["Defend_R"],"damage_healed":0.0,"max_hp_gain":0.0,"max_hp_loss":0.0,"gold_gain":0.0,"event_name":"The Cleric","player_choice":"Card Removal","floor":3.0,"gold_loss":50.0,"damage_taken":0.0},{"damage_healed":0.0,"max_hp_gain":0.0,"max_hp_loss":0.0,"gold_gain":0.0,"event_name":"Upgrade Shrine","player_choice":"Upgraded","floor":4.0,"gold_loss":0.0,"damage_taken":0.0,"cards_upgraded":["Bash"]},{"damage_healed":0.0,"max_hp_gain":0.0,"max_hp_loss":0.0,"gold_gain":0.0,"event_name":"Cursed Tome","player_choice":"Obtained Book","floor":20.0,"gold_loss":0.0,"damage_taken":16.0},{"damage_healed":27.0,"max_hp_gain":0.0,"max_hp_loss":0.0,"gold_gain":0.0,"event_name":"The Library","player_choice":"Heal","floor":21.0,"gold_loss":0.0,"damage_taken":0.0},{"damage_healed":0.0,"max_hp_gain":0.0,"max_hp_loss":25.0,"gold_gain":0.0,"event_name":"Vampires","player_choice":"Became a vampire","floor":22.0,"gold_loss":0.0,"damage_taken":0.0,"cards_obtained":["Bite","Bite","Bite","Bite","Bite"]},{"damage_healed":0.0,"max_hp_gain":0.0,"max_hp_loss":0.0,"gold_gain":0.0,"event_name":"SensoryStone","player_choice":"Memory 1","floor":45.0,"gold_loss":0.0,"damage_taken":0.0}],"is_beta":false,"boss_relics":[{"not_picked":["Snecko Eye","Fusion Hammer"],"picked":"Mark of Pain"},{"not_picked":["Orrery","Astrolabe"],"picked":"Cursed Key"}],"items_purged_floors":[30],"is_endless":false,"potions_floor_spawned":[2,8,11,24,25,31,35,39,48],"ascension_level":9}