{"gold_per_floor":[109,184,184,184,197,197,210,543,543,543,543,559,593,611,611,736,736,760,232,253,271,48,48,88,88,88,121,121],"floor_reached":28,"playtime":1156,"items_purged":["Strike_B","Strike_B"],"score":306,"play_id":"7883822b-72f9-496e-9494-5adcf6d2add8","local_time":"20190824184011","is_ascension_mode":true,"campfire_choices":[{"data":"Steam","floor":6.0,"key":"SMITH"},{"floor":11.0,"key":"REST"},{"floor":15.0,"key":"REST"},{"floor":23.0,"key":"REST"},{"floor":25.0,"key":"REST"}],"neow_cost":"NONE","seed_source_timestamp":799110415003900,"circlet_count":0,"master_deck":["Strike_B","Defend_B","Defend_B","Defend_B","Defend_B","Zap","Dualcast+1","Steam+1","Ball Lightning","Barrage","Redo","Coolheaded","Gash","Gash","Go for the Eyes","Streamline","Streamline","Cold Snap","Go for the Eyes+1","Compile Driver+1"],"special_seed":0,"relics":["Cracked Core","Old Coin","Ice Cream","Golden Idol","Mummified Hand","Philosopher\u0027s Stone","Membership Card","Ginger","Gremlin Horn","HandDrill","Bag of Marbles","Unceasing Top","Blue Candle","Girya"],"potions_floor_usage":[],"damage_taken":[{"damage":1.0,"enemies":"Cultist","floor":1.0,"turns":3.0},{"damage":9.0,"enemies":"Jaw Worm","floor":5.0,"turns":4.0},{"damage":0.0,"enemies":"Small Slimes","floor":7.0,"turns":2.0},{"damage":32.0,"enemies":"3 Sentries","floor":8.0,"turns":7.0},{"damage":11.0,"enemies":"Blue Slaver","floor":12.0,"turns":3.0},{"damage":16.0,"enemies":"Gremlin Nob","floor":13.0,"turns":5.0},{"damage":8.0,"enemies":"Large Slime","floor":14.0,"turns":4.0},{"damage":34.0,"enemies":"Hexaghost","floor":16.0,"turns":9.0},{"damage":15.0,"enemies":"3 Byrds","floor":18.0,"turns":3.0},{"damage":22.0,"enemies":"Spheric Guardian","floor":20.0,"turns":4.0},{"damage":25.0,"enemies":"Centurion and Healer","floor":21.0,"turns":4.0},{"damage":30.0,"enemies":"Gremlin Leader","floor":24.0,"turns":7.0},{"damage":21.0,"enemies":"Book of Stabbing","floor":27.0,"turns":5.0},{"damage":6,"enemies":"Sentry and Sphere","floor":28,"turns":2}],"seed_played":"-8272511210658300542","potions_obtained":[{"floor":1.0,"key":"Regen Potion"},{"floor":5.0,"key":"EssenceOfSteel"},{"floor":12.0,"key":"Block Potion"},{"floor":14.0,"key":"Explosive Potion"},{"floor":16.0,"key":"FocusPotion"},{"floor":18.0,"key":"Energy Potion"},{"floor":20.0,"key":"Fire Potion"}],"is_trial":false,"path_per_floor":["M","?","?","?","M","R","M","E","T","?","R","M","E","M","R","B",null,"M","$","M","M","$","R","E","R","T","E","M"],"character_chosen":"DEFECT","items_purchased":["Membership Card","Streamline","Ginger","Gremlin Horn","HandDrill","Bag of Marbles"],"campfire_rested":4,"item_purchase_floors":[19,19,19,19,22,22],"current_hp_per_floor":[74,63,56,61,52,52,52,29,29,29,51,40,24,16,38,4,74,59,59,37,12,12,34,4,26,26,5,0],"gold":121,"neow_bonus":"UPGRADE_CARD","is_prod":false,"is_daily":false,"chose_seed":false,"campfire_upgraded":1,"win_rate":0,"timestamp":1566664811,"path_taken":["M","?","?","?","M","R","M","E","T","?","R","?","E","M","R","BOSS","M","$","M","M","$","R","E","R","T","E","M"],"build_version":"2019-07-17","purchased_purges":2,"victory":false,"max_hp_per_floor":[75,75,75,80,80,80,80,80,80,74,74,74,74,74,74,74,74,74,74,74,74,74,74,74,74,74,74,74],"card_choices":[{"not_picked":["Loop","Turbo"],"picked":"Steam","floor":1.0},{"not_picked":["Chill","Self Repair"],"picked":"Ball Lightning","floor":5.0},{"not_picked":["Reinforced Body","Stack"],"picked":"Barrage","floor":7.0},{"not_picked":["Storm","Compile Driver"],"picked":"Redo","floor":8.0},{"not_picked":["Hyperbeam","Barrage"],"picked":"Coolheaded","floor":12.0},{"not_picked":["Fusion","Undo"],"picked":"Gash","floor":13.0},{"not_picked":["Reinforced Body","Skim"],"picked":"Gash","floor":14.0},{"not_picked":["Redo","Chill"],"picked":"Go for the Eyes","floor":18.0},{"not_picked":["Rebound","Redo+1"],"picked":"Streamline","floor":20.0},{"not_picked":["White Noise","Streamline"],"picked":"Cold Snap","floor":21.0},{"not_picked":["Coolheaded","Static Discharge+1"],"picked":"Go for the Eyes+1","floor":24.0},{"not_picked":["Fusion+1","Storm"],"picked":"Compile Driver+1","floor":27.0}],"player_experience":186795,"relics_obtained":[{"floor":8.0,"key":"Old Coin"},{"floor":9.0,"key":"Ice Cream"},{"floor":13.0,"key":"Mummified Hand"},{"floor":24.0,"key":"Unceasing Top"},{"floor":26.0,"key":"Blue Candle"},{"floor":27.0,"key":"Girya"}],"event_choices":[{"damage_healed":0.0,"max_hp_gain":0.0,"max_hp_loss":0.0,"gold_gain":75.0,"event_name":"World of Goop","player_choice":"Gather Gold","floor":2.0,"gold_loss":0.0,"damage_taken":11.0},{"cards_removed":["Strike_B"],"damage_healed":0.0,"max_hp_gain":0.0,"max_hp_loss":0.0,"gold_gain":0.0,"event_name":"Golden Wing","player_choice":"Card Removal","floor":3.0,"gold_loss":0.0,"damage_taken":7.0},{"damage_healed":0.0,"max_hp_gain":5.0,"max_hp_loss":0.0,"gold_gain":0.0,"event_name":"Big Fish","player_choice":"Donut","floor":4.0,"gold_loss":0.0,"damage_taken":0.0},{"damage_healed":0.0,"max_hp_gain":0.0,"max_hp_loss":6.0,"gold_gain":0.0,"event_name":"Golden Idol","player_choice":"Lose Max HP","floor":10.0,"gold_loss":0.0,"damage_taken":0.0,"relics_obtained":["Golden Idol"]}],"is_beta":false,"boss_relics":[{"not_picked":["Coffee Dripper","Runic Pyramid"],"picked":"Philosopher\u0027s Stone"}],"items_purged_floors":[19,22],"is_endless":false,"potions_floor_spawned":[1,5,12,14,16,18,20],"killed_by":"Sentry and Sphere","ascension_level":3}