{"gold_per_floor":[213,193,209,13,24,51,51,16,16,48,48,79,94,244,244,244],"floor_reached":16,"playtime":1655,"items_purged":["Strike_R"],"score":212,"play_id":"8195c981-3e19-4905-bea2-5d9c2c973340","local_time":"20190817231255","is_ascension_mode":true,"campfire_choices":[{"data":"True Grit","floor":7,"key":"SMITH"},{"floor":11,"key":"REST"},{"floor":15,"key":"REST"}],"neow_cost":"NONE","seed_source_timestamp":88276066724019,"circlet_count":0,"master_deck":["AscendersBane","Strike_R","Strike_R","Strike_R","Strike_R","Defend_R","Defend_R","Defend_R","Defend_R","Bash","Headbutt","Bloodletting","Spot Weakness","Rampage","True Grit+1","Whirlwind","Rupture","Clothesline","Doubt"],"relics":["Burning Blood","Singing Bowl","Pen Nib","Centennial Puzzle","Question Card"],"potions_floor_usage":[5,6,16],"damage_taken":[{"damage":15,"enemies":"Jaw Worm","floor":1,"turns":6},{"damage":6,"enemies":"Cultist","floor":3,"turns":3},{"damage":10,"enemies":"2 Louse","floor":5,"turns":3},{"damage":26,"enemies":"Gremlin Nob","floor":6,"turns":5},{"damage":35,"enemies":"3 Sentries","floor":10,"turns":7},{"damage":26,"enemies":"Lagavulin","floor":12,"turns":5},{"damage":5,"enemies":"Looter","floor":13,"turns":2},{"damage":53,"enemies":"The Guardian","floor":16,"turns":9}],"seed_played":"-6291890287184719509","potions_obtained":[{"floor":1,"key":"Energy Potion"},{"floor":2,"key":"SneckoOil"},{"floor":10,"key":"Ancient Potion"},{"floor":13,"key":"Weak Potion"}],"is_trial":false,"path_per_floor":["M","?","M","$","M","E","R","?","T","E","R","E","M","?","R","B"],"character_chosen":"IRONCLAD","items_purchased":["Spot Weakness","Rampage"],"campfire_rested":2,"item_purchase_floors":[4,4],"current_hp_per_floor":[59,59,59,59,55,35,35,53,53,26,49,29,30,30,53,0],"gold":244,"neow_bonus":"HUNDRED_GOLD","is_prod":false,"is_daily":false,"chose_seed":false,"campfire_upgraded":1,"win_rate":0,"timestamp":1566076375,"path_taken":["M","?","?","$","M","E","R","?","T","E","R","E","M","?","R","BOSS"],"build_version":"2019-07-17","purchased_purges":1,"victory":false,"max_hp_per_floor":[75,75,75,75,75,75,75,75,75,77,77,77,77,77,77,77],"card_choices":[{"not_picked":["Havoc","Infernal Blade"],"picked":"Headbutt","floor":1},{"not_picked":["Headbutt","Perfected Strike"],"picked":"Bloodletting","floor":3},{"not_picked":["Heavy Blade","Body Slam"],"picked":"True Grit","floor":5},{"not_picked":["Wild Strike","Fiend Fire"],"picked":"Whirlwind","floor":6},{"not_picked":["Armaments","Evolve","Perfected Strike"],"picked":"Singing Bowl","floor":10},{"not_picked":["Havoc","Whirlwind"],"picked":"Rupture","floor":12},{"not_picked":["Pummel","Evolve","Intimidate"],"picked":"Clothesline","floor":13}],"player_experience":712036,"relics_obtained":[{"floor":6,"key":"Singing Bowl"},{"floor":9,"key":"Pen Nib"},{"floor":10,"key":"Centennial Puzzle"},{"floor":12,"key":"Question Card"}],"event_choices":[{"damage_healed":0,"gold_gain":0,"player_choice":"Bought 1 Potion","damage_taken":0,"max_hp_gain":0,"max_hp_loss":0,"event_name":"The Woman in Blue","floor":2,"gold_loss":0},{"damage_healed":18,"gold_gain":0,"player_choice":"Healed","damage_taken":0,"max_hp_gain":0,"max_hp_loss":0,"event_name":"The Cleric","floor":8,"gold_loss":35},{"damage_healed":0,"gold_gain":150,"player_choice":"AGREE","damage_taken":0,"max_hp_gain":0,"max_hp_loss":0,"event_name":"Liars Game","floor":14,"gold_loss":0,"cards_obtained":["Doubt"]}],"is_beta":false,"boss_relics":[],"items_purged_floors":[4],"is_endless":false,"potions_floor_spawned":[1,10,13],"killed_by":"The Guardian","ascension_level":16}