{"gold_per_floor":[111,111,111,121,141,141,31,45,45,45,71,71,86,36,36,137,137,154,135,135,153,181,181,196,196,272,272,10,26,26,39,39,39],"floor_reached":33,"playtime":1428,"items_purged":[],"score":322,"play_id":"86fa665e-88ee-4a70-b582-4882abeb7b34","local_time":"20180801234719","is_ascension_mode":false,"campfire_choices":[{"data":"Twin Strike","floor":6,"key":"SMITH"},{"data":"Carnage","floor":10,"key":"SMITH"},{"floor":12,"key":"REST"},{"data":"Heavy Blade","floor":15,"key":"SMITH"},{"floor":23,"key":"REST"},{"floor":25,"key":"REST"},{"floor":30,"key":"REST"},{"data":"Inflame","floor":32,"key":"SMITH"}],"neow_cost":"","seed_source_timestamp":621220975449577,"circlet_count":0,"master_deck":["Strike_R","Strike_R","Defend_R","Defend_R","Bash","Twin Strike","Twin Strike+1","Pummel","Inflame+1","Carnage+1","Cleave","Anger","Heavy Blade+1","Feed","Dropkick+1","Demon Form+1","Power Through+1","Shrug It Off+1","Cleave","Rage","Heavy Blade","Flame Barrier","Immolate","Shrug It Off","Battle Trance","Anger","Inflame"],"relics":["Burning Blood","Incense Burner","Pear","Astrolabe","Red Mask","The Courier"],"potions_floor_usage":[11,18,31,33,33],"damage_taken":[{"damage":10,"enemies":"Small Slimes","floor":1,"turns":3},{"damage":1,"enemies":"Cultist","floor":4,"turns":3},{"damage":11,"enemies":"2 Louse","floor":5,"turns":3},{"damage":14,"enemies":"Blue Slaver","floor":8,"turns":3},{"damage":32,"enemies":"3 Sentries","floor":11,"turns":5},{"damage":8,"enemies":"Red Slaver","floor":13,"turns":2},{"damage":0,"enemies":"Slime Boss","floor":16,"turns":8},{"damage":27,"enemies":"3 Byrds","floor":18,"turns":4},{"damage":12,"enemies":"2 Thieves","floor":19,"turns":4},{"damage":17,"enemies":"Snake Plant","floor":21,"turns":5},{"damage":42,"floor":22,"turns":5},{"damage":8,"enemies":"3 Cultists","floor":24,"turns":5},{"damage":31,"enemies":"Centurion and Healer","floor":29,"turns":5},{"damage":5,"enemies":"Sentry and Sphere","floor":31,"turns":4},{"damage":99,"enemies":"Automaton","floor":33,"turns":6}],"seed_played":"6146322360847764181","potions_obtained":[{"floor":2,"key":"Energy Potion"},{"floor":2,"key":"GamblersBrew"},{"floor":2,"key":"Fruit Juice"},{"floor":11,"key":"AttackPotion"},{"floor":13,"key":"FairyPotion"},{"floor":18,"key":"Dexterity Potion"},{"floor":22,"key":"SteroidPotion"},{"floor":31,"key":"Dexterity Potion"}],"is_trial":false,"path_per_floor":["M","?","?","M","M","R","$","M","T","R","E","R","M","?","R","B",null,"M","M","?","M","?","R","M","R","T","?","$","M","R","M","R"],"character_chosen":"IRONCLAD","items_purchased":["Inflame","Carnage","Flame Barrier","Immolate","Shrug It Off","Battle Trance"],"campfire_rested":4,"item_purchase_floors":[7,7,28,28,28,28],"current_hp_per_floor":[76,76,76,80,75,75,75,67,67,67,56,84,82,82,82,88,95,77,71,51,40,19,50,51,83,83,83,83,58,90,91,91,0],"gold":39,"neow_bonus":"","is_prod":false,"is_daily":false,"chose_seed":false,"campfire_upgraded":4,"win_rate":0,"timestamp":1533181639,"path_taken":["M","?","?","M","M","R","$","M","T","R","E","R","?","?","R","BOSS","M","M","?","M","?","R","M","R","T","?","$","?","R","M","R","BOSS"],"build_version":"2018-07-26","purchased_purges":0,"victory":false,"max_hp_per_floor":[80,80,80,80,80,80,80,80,80,80,95,95,95,95,95,95,95,98,98,103,103,106,106,109,109,109,109,109,109,109,109,109,109],"card_choices":[{"not_picked":["Disarm","Perfected Strike"],"picked":"Twin Strike","floor":1},{"not_picked":["Bloodletting","Combust"],"picked":"Pummel","floor":4},{"not_picked":["Bloodletting","Body Slam","Armaments"],"picked":"SKIP","floor":5},{"not_picked":["Wild Strike","Sever Soul"],"picked":"Cleave","floor":8},{"not_picked":["Brutality","True Grit"],"picked":"Anger","floor":11},{"not_picked":["True Grit","Pommel Strike"],"picked":"Heavy Blade","floor":13},{"not_picked":["Exhume","Dark Embrace"],"picked":"Feed","floor":16},{"not_picked":["Thunderclap","Bloodletting"],"picked":"Shrug It Off+1","floor":18},{"not_picked":["Thunderclap","True Grit","Body Slam+1"],"picked":"SKIP","floor":19},{"not_picked":["Warcry+1","Havoc"],"picked":"Cleave","floor":21},{"not_picked":["Metallicize","Dual Wield"],"picked":"Rage","floor":22},{"not_picked":["Disarm","Hemokinesis","Evolve"],"picked":"SKIP","floor":24},{"not_picked":["Corruption","Hemokinesis"],"picked":"Anger","floor":29},{"not_picked":["Anger","Iron Wave"],"picked":"Inflame","floor":31}],"player_experience":92996,"relics_obtained":[{"floor":9,"key":"Incense Burner"},{"floor":11,"key":"Pear"},{"floor":22,"key":"Red Mask"},{"floor":26,"key":"The Courier"}],"event_choices":[{"event_name":"The Lab","player_choice":"Got Potions","floor":2,"damage_taken":0},{"event_name":"Transmorgrifier","player_choice":"Transform","floor":3,"damage_taken":0},{"event_name":"The Cleric","player_choice":"Card Removal","floor":14,"damage_taken":0},{"event_name":"Forgotten Altar","player_choice":"Shed Blood","floor":20,"damage_taken":0},{"event_name":"Masked Bandits","player_choice":"Fought over 153 gold","floor":22,"damage_taken":0},{"event_name":"The Library","player_choice":"Read","floor":27,"damage_taken":0}],"is_beta":false,"boss_relics":[{"not_picked":["Velvet Choker","Black Star"],"picked":"Astrolabe"}],"items_purged_floors":[],"is_endless":false,"potions_floor_spawned":[11,13,18,22,24,31],"killed_by":"Automaton","ascension_level":0}