{"gold_per_floor":[117,117,117,117,131,131,150,150,200,200,224,238,253,253,253,372,372,393,407,9,23,36,36,56,80,104,123,142,142,142,166,166,287,287,306,306,329,662,191,219,234,234,258,258,258,274,10,10,10,10],"floor_reached":51,"playtime":5939,"items_purged":["Strike_P","Strike_P"],"score":723,"play_id":"431c4a67-8bc9-41fd-9754-fcfc8ec3270e","local_time":"20190913022550","is_ascension_mode":false,"campfire_choices":[{"data":"DevaForm","floor":6.0,"key":"SMITH"},{"data":"Judgement","floor":8.0,"key":"SMITH"},{"data":"Vigilance","floor":10.0,"key":"SMITH"},{"data":"DevaForm","floor":15.0,"key":"SMITH"},{"data":"Ragnarok","floor":23.0,"key":"SMITH"},{"data":"Nirvana","floor":30.0,"key":"SMITH"},{"data":"RitualDagger","floor":32.0,"key":"SMITH"},{"floor":42.0,"key":"REST"},{"data":"DeusExMachina","floor":44.0,"key":"SMITH"},{"floor":49.0,"key":"REST"}],"neow_cost":"CURSE","seed_source_timestamp":0,"circlet_count":0,"master_deck":["Defend_P","Defend_P","Defend_P","Defend_P","Vigilance+1","DevaForm+1","Judgement+1","EmptyFist","EmptyFist","Evaluate","Fasting","DeusExMachina+1","DevaForm+1","Nirvana+1","Adaptation","FearNoEvil","Ragnarok+1","Wallop","RitualDagger+1","Pray","EmptyBody+1","Dark Shackles","Worship+1","TalkToTheHand","FearNoEvil+1","Impatience","DeusExMachina"],"special_seed":0,"relics":["PureWater","Toy Ornithopter","Philosopher\u0027s Stone","Bottled Tornado","Centennial Puzzle","VioletLotus","Letter Opener","Happy Flower","Dead Branch","Melange"],"potions_floor_usage":[],"damage_taken":[{"damage":0.0,"enemies":"2 Louse","floor":1.0,"turns":4.0},{"damage":0.0,"enemies":"Cultist","floor":5.0,"turns":3.0},{"damage":1.0,"enemies":"Jaw Worm","floor":7.0,"turns":4.0},{"damage":0.0,"enemies":"Gremlin Gang","floor":11.0,"turns":5.0},{"damage":0.0,"enemies":"Blue Slaver","floor":12.0,"turns":4.0},{"damage":0.0,"enemies":"Exordium Wildlife","floor":13.0,"turns":4.0},{"damage":3.0,"enemies":"Slime Boss","floor":16.0,"turns":23.0},{"damage":0.0,"enemies":"Shell Parasite","floor":18.0,"turns":6.0},{"damage":0.0,"enemies":"Chosen","floor":19.0,"turns":6.0},{"damage":0.0,"enemies":"Centurion and Healer","floor":21.0,"turns":5.0},{"damage":0.0,"enemies":"Shelled Parasite and Fungi","floor":22.0,"turns":4.0},{"damage":0.0,"enemies":"Chosen and Byrds","floor":24.0,"turns":4.0},{"damage":1.0,"enemies":"Centurion and Healer","floor":25.0,"turns":4.0},{"damage":0.0,"enemies":"3 Cultists","floor":27.0,"turns":5.0},{"damage":0.0,"enemies":"Cultist and Chosen","floor":28.0,"turns":6.0},{"damage":0.0,"enemies":"Shelled Parasite and Fungi","floor":31.0,"turns":7.0},{"damage":38.0,"enemies":"Automaton","floor":33.0,"turns":12.0},{"damage":9.0,"enemies":"3 Shapes","floor":35.0,"turns":16.0},{"damage":15.0,"enemies":"Orb Walker","floor":37.0,"turns":9.0},{"damage":0.0,"enemies":"Giant Head","floor":40.0,"turns":10.0},{"damage":13.0,"enemies":"Transient","floor":41.0,"turns":5.0},{"damage":22.0,"enemies":"Jaw Worm Horde","floor":46.0,"turns":4.0},{"damage":3,"enemies":"Donu and Deca","floor":50,"turns":15}],"seed_played":"4657720443643787853","potions_obtained":[{"floor":11.0,"key":"Energy Potion"},{"floor":12.0,"key":"Block Potion"},{"floor":18.0,"key":"GamblersBrew"},{"floor":22.0,"key":"Explosive Potion"},{"floor":28.0,"key":"PowerPotion"},{"floor":33.0,"key":"PowerPotion"},{"floor":41.0,"key":"EssenceOfSteel"}],"is_trial":false,"path_per_floor":["M","?","?","?","M","R","M","R","T","R","M","M","M","?","R","B",null,"M","M","$","M","M","R","M","M","T","M","M","?","R","M","R","B",null,"M","?","M","?","$","E","M","R","T","R","?","M","$","?","R","B",null],"character_chosen":"WATCHER","items_purchased":["Bottled Tornado","FearNoEvil","Letter Opener","Happy Flower","TalkToTheHand","Impatience","DeusExMachina"],"campfire_rested":2,"item_purchase_floors":[20,20,39,39,39,47,47],"current_hp_per_floor":[65,58,42,42,42,42,41,41,41,41,41,41,41,41,41,38,65,65,65,65,65,65,65,65,64,64,64,65,59,59,59,59,31,65,56,56,41,41,41,41,33,52,52,52,46,29,29,29,48,45],"gold":10,"neow_bonus":"TRANSFORM_TWO_CARDS","is_prod":false,"is_daily":false,"chose_seed":false,"campfire_upgraded":8,"win_rate":0.0,"timestamp":1568355950,"path_taken":["M","?","?","?","M","R","M","R","T","R","?","?","M","?","R","BOSS","M","M","$","M","?","R","M","M","T","M","M","?","R","M","R","BOSS","M","?","?","?","$","E","M","R","T","R","?","?","?","?","R","BOSS"],"build_version":"2019-09-11v2","purchased_purges":2,"victory":true,"max_hp_per_floor":[65,65,65,65,65,65,65,65,65,65,65,65,65,65,65,65,65,65,65,65,65,65,65,65,65,65,65,65,65,65,65,65,65,65,65,65,65,65,65,65,65,65,65,65,65,65,65,65,65,65],"card_choices":[{"not_picked":["Crescendo","ThirdEye"],"picked":"EmptyFist","floor":1.0},{"not_picked":["Weave","JustLucky","FlyingSleeves"],"picked":"SKIP","floor":5.0},{"not_picked":["Weave","WaveOfTheHand","Sanctity"],"picked":"SKIP","floor":7.0},{"not_picked":["EmptyFist","Halt"],"picked":"Evaluate","floor":11.0},{"not_picked":["CarveReality","EmptyBody"],"picked":"Fasting","floor":12.0},{"not_picked":["Protect","Adaptation"],"picked":"DeusExMachina","floor":13.0},{"not_picked":["Metaphysics","Vault"],"picked":"Nirvana","floor":16.0},{"not_picked":["Sanctity","CrushJoints","Weave+1"],"picked":"SKIP","floor":18.0},{"not_picked":["Crescendo+1","Vengeance"],"picked":"Adaptation","floor":19.0},{"not_picked":["JustLucky","Swivel","CarveReality"],"picked":"SKIP","floor":21.0},{"not_picked":["Conclude","EmptyMind+1"],"picked":"Ragnarok","floor":22.0},{"not_picked":["SpiritShield","EmptyMind","CrushJoints"],"picked":"SKIP","floor":24.0},{"not_picked":["Sanctity","ForeignInfluence","ClearTheMind"],"picked":"SKIP","floor":25.0},{"not_picked":["Consecrate","Collect"],"picked":"Wallop","floor":27.0},{"not_picked":["CleanseEvil","JustLucky+1","BowlingBash"],"picked":"SKIP","floor":28.0},{"not_picked":["ThirdEye","Weave","BowlingBash"],"picked":"SKIP","floor":31.0},{"not_picked":["DeusExMachina","LessonLearned"],"picked":"Pray","floor":33.0},{"not_picked":["Meditate","ThirdEye"],"picked":"EmptyBody+1","floor":35.0},{"not_picked":["Tantrum","FollowUp"],"picked":"Worship+1","floor":37.0},{"not_picked":["DeceiveReality+1","Adaptation"],"picked":"FearNoEvil+1","floor":40.0},{"not_picked":["Halt","JustLucky","SpiritShield+1"],"picked":"SKIP","floor":41.0},{"not_picked":["Collect","JustLucky+1","EmptyBody+1"],"picked":"SKIP","floor":46.0}],"player_experience":608064,"relics_obtained":[{"floor":9.0,"key":"Toy Ornithopter"},{"floor":26.0,"key":"Centennial Puzzle"},{"floor":40.0,"key":"Dead Branch"},{"floor":43.0,"key":"Melange"}],"event_choices":[{"cards_removed":["Clumsy"],"damage_healed":0.0,"max_hp_gain":0.0,"max_hp_loss":0.0,"gold_gain":0.0,"event_name":"Golden Wing","player_choice":"Card Removal","floor":2.0,"gold_loss":0.0,"damage_taken":7.0},{"damage_healed":0.0,"max_hp_gain":0.0,"max_hp_loss":0.0,"gold_gain":0.0,"event_name":"Golden Idol","player_choice":"Take Damage","floor":3.0,"gold_loss":0.0,"damage_taken":16.0,"relics_obtained":["Golden Idol"]},{"damage_healed":0.0,"max_hp_gain":0.0,"max_hp_loss":0.0,"gold_gain":0.0,"event_name":"Match and Keep!","player_choice":"1 cards matched","floor":4.0,"gold_loss":0.0,"damage_taken":0.0,"cards_obtained":["EmptyFist"]},{"damage_healed":0.0,"max_hp_gain":0.0,"max_hp_loss":0.0,"gold_gain":0.0,"cards_transformed":["Strike_P"],"event_name":"Transmorgrifier","player_choice":"Transformed","floor":14.0,"gold_loss":0.0,"damage_taken":0.0,"cards_obtained":["DevaForm"]},{"damage_healed":0.0,"max_hp_gain":0.0,"max_hp_loss":0.0,"gold_gain":0.0,"event_name":"Nest","player_choice":"Joined the Cult","floor":29.0,"gold_loss":0.0,"damage_taken":6.0,"cards_obtained":["RitualDagger"]},{"damage_healed":0.0,"max_hp_gain":0.0,"max_hp_loss":0.0,"gold_gain":0.0,"event_name":"Match and Keep!","player_choice":"1 cards matched","floor":36.0,"gold_loss":0.0,"damage_taken":0.0,"cards_obtained":["Dark Shackles"]},{"damage_healed":0.0,"max_hp_gain":0.0,"max_hp_loss":0.0,"gold_gain":333.0,"event_name":"The Moai Head","player_choice":"Gave Idol","floor":38.0,"relics_lost":["Golden Idol"],"gold_loss":0.0,"damage_taken":0.0},{"damage_healed":0.0,"max_hp_gain":0.0,"max_hp_loss":0.0,"gold_gain":0.0,"event_name":"Wheel of Change","player_choice":"Damaged","floor":45.0,"gold_loss":0.0,"damage_taken":6.0},{"damage_healed":0.0,"max_hp_gain":0.0,"max_hp_loss":0.0,"gold_gain":0.0,"event_name":"WeMeetAgain","player_choice":"Ignored","floor":48.0,"gold_loss":0.0,"damage_taken":0.0}],"is_beta":true,"boss_relics":[{"not_picked":["Empty Cage","SacredBark"],"picked":"Philosopher\u0027s Stone"},{"not_picked":["Coffee Dripper","Pandora\u0027s Box"],"picked":"VioletLotus"}],"items_purged_floors":[20,47],"is_endless":false,"potions_floor_spawned":[11,12,18,22,24,28,31,33,41],"ascension_level":0}