{"gold_per_floor":[12,28,46,59,59,59,59,59,59,59,79,79,79,109,109,109],"floor_reached":16,"playtime":802,"items_purged":[],"score":100,"play_id":"ec00901e-eedd-4368-9467-db3d945c44f3","local_time":"20190629224756","is_ascension_mode":false,"campfire_choices":[{"floor":6,"key":"RECALL"},{"data":"Metallicize","floor":8,"key":"SMITH"},{"data":"Shrug It Off","floor":10,"key":"SMITH"},{"floor":15,"key":"REST"}],"neow_cost":"NO_GOLD","seed_source_timestamp":1381013546867934,"circlet_count":0,"master_deck":["Strike_R","Strike_R","Strike_R","Strike_R","Defend_R","Defend_R","Bash","Metallicize+1","Shrug It Off+1"],"relics":["Burning Blood","Champion Belt","Dead Branch","Blood Vial"],"potions_floor_usage":[4,16],"damage_taken":[{"damage":10,"enemies":"Small Slimes","floor":1,"turns":6},{"damage":2,"enemies":"Jaw Worm","floor":2,"turns":4},{"damage":8,"enemies":"2 Louse","floor":3,"turns":3},{"damage":9,"enemies":"Large Slime","floor":4,"turns":6},{"damage":8,"enemies":"Blue Slaver","floor":11,"turns":4},{"damage":20,"enemies":"3 Sentries","floor":14,"turns":10},{"damage":69,"enemies":"Hexaghost","floor":16,"turns":14}],"seed_played":"4995695696873548497","potions_obtained":[{"floor":2,"key":"Fire Potion"},{"floor":14,"key":"SpeedPotion"}],"is_trial":false,"path_per_floor":["M","M","M","M","?","R","$","R","T","R","M","?","?","E","R","B"],"character_chosen":"IRONCLAD","items_purchased":[],"campfire_rested":1,"item_purchase_floors":[],"current_hp_per_floor":[76,80,78,75,68,68,68,68,68,68,66,66,54,40,64,0],"gold":109,"neow_bonus":"REMOVE_TWO","is_prod":false,"is_daily":false,"chose_seed":false,"campfire_upgraded":2,"win_rate":0,"timestamp":1561862876,"path_taken":["M","M","M","M","?","R","?","R","T","R","M","?","?","E","R","BOSS"],"build_version":"2019-01-23","purchased_purges":0,"victory":false,"max_hp_per_floor":[80,80,80,80,80,80,80,80,80,80,80,80,80,80,80,80],"card_choices":[{"not_picked":["Flex","Thunderclap"],"picked":"Metallicize","floor":1},{"not_picked":["Flex","Power Through","Clash"],"picked":"SKIP","floor":2},{"not_picked":["Warcry","Intimidate"],"picked":"Shrug It Off","floor":3},{"not_picked":["Ghostly Armor","Disarm","Rupture"],"picked":"SKIP","floor":4},{"not_picked":["Clash","Corruption","Wild Strike"],"picked":"SKIP","floor":11},{"not_picked":["Disarm","Burning Pact","Bloodletting"],"picked":"SKIP","floor":14}],"player_experience":428091,"relics_obtained":[{"floor":9,"key":"Champion Belt"},{"floor":14,"key":"Blood Vial"}],"event_choices":[{"cards_removed":["Defend_R"],"damage_healed":0,"gold_gain":0,"player_choice":"Card Removal","damage_taken":7,"max_hp_gain":0,"max_hp_loss":0,"event_name":"Golden Wing","floor":5,"gold_loss":0},{"damage_healed":0,"gold_gain":0,"player_choice":"Ignored","damage_taken":0,"max_hp_gain":0,"max_hp_loss":0,"event_name":"Liars Game","floor":12,"gold_loss":0},{"damage_healed":0,"gold_gain":0,"player_choice":"Success","damage_taken":12,"relics_obtained":["Dead Branch"],"max_hp_gain":0,"max_hp_loss":0,"event_name":"Scrap Ooze","floor":13,"gold_loss":0}],"is_beta":false,"boss_relics":[],"items_purged_floors":[],"is_endless":false,"potions_floor_spawned":[2,14],"killed_by":"Hexaghost","ascension_level":0}