{"gold_per_floor":[113,113,188,138,63,63,88,103,103,135,135,147,9,36,36,138,138,158,358,374,92,107,141,141,151,226,226],"floor_reached":27,"playtime":3833,"items_purged":["Defend_R","Strike_R","Defend_R"],"score":315,"play_id":"2dd2dd6f-a2e9-4ea9-85ec-254ec6ff2a11","local_time":"20180922144426","is_ascension_mode":true,"campfire_choices":[{"data":"Shockwave","floor":6.0,"key":"SMITH"},{"data":"Ghostly Armor","floor":11.0,"key":"SMITH"},{"data":"Whirlwind","floor":15.0,"key":"SMITH"},{"data":"Entrench","floor":24.0,"key":"SMITH"}],"neow_cost":"NONE","seed_source_timestamp":0,"circlet_count":0,"master_deck":["Strike_R","Strike_R","Defend_R+1","Defend_R+1","Bash","Shockwave+1","Battle Trance","True Grit","Ghostly Armor+1","Flame Barrier","Whirlwind+1","Entrench+1","Reaper","True Grit","True Grit","Dark Embrace","Ghostly Armor","Shrug It Off+1"],"special_seed":0,"relics":["Burning Blood","NeowsBlessing","Mummified Hand","Juzu Bracelet","Art of War","War Paint","Black Star","Strawberry","Boot","Matryoshka"],"potions_floor_usage":[27],"damage_taken":[{"damage":0.0,"enemies":"Jaw Worm","floor":1.0,"turns":1.0},{"damage":0.0,"enemies":"Lagavulin","floor":7.0,"turns":1.0},{"damage":0.0,"enemies":"Cultist","floor":8.0,"turns":1.0},{"damage":20.0,"enemies":"Gremlin Nob","floor":10.0,"turns":4.0},{"damage":0.0,"enemies":"Small Slimes","floor":12.0,"turns":4.0},{"damage":15.0,"enemies":"Lagavulin","floor":14.0,"turns":13.0},{"damage":48.0,"enemies":"The Guardian","floor":16.0,"turns":14.0},{"damage":1.0,"enemies":"Chosen","floor":18.0,"turns":4.0},{"damage":0.0,"enemies":"3 Byrds","floor":20.0,"turns":4.0},{"damage":13.0,"enemies":"3 Cultists","floor":22.0,"turns":4.0},{"damage":32.0,"enemies":"Slavers","floor":23.0,"turns":5.0},{"damage":24,"enemies":"Centurion and Healer","floor":25,"turns":12},{"damage":52,"enemies":"Gremlin Leader","floor":27,"turns":9}],"seed_played":"214418675620715515","potions_obtained":[{"floor":1.0,"key":"Energy Potion"},{"floor":8.0,"key":"Weak Potion"},{"floor":16.0,"key":"Dexterity Potion"},{"floor":20.0,"key":"FearPotion"},{"floor":23.0,"key":"EssenceOfSteel"},{"floor":25,"key":"BloodPotion"}],"is_trial":false,"path_per_floor":["M","?","?","?","$","R","E","M","T","E","R","M","$","E","R","B",null,"M","?","M","$","M","E","R","M","T"],"character_chosen":"IRONCLAD","items_purchased":["Whirlwind","Dark Embrace"],"campfire_rested":0,"item_purchase_floors":[13,21],"current_hp_per_floor":[80,80,72,72,72,72,78,80,80,66,66,72,72,63,63,21,80,80,80,80,80,73,54,54,48,48,0],"gold":226,"neow_bonus":"THREE_ENEMY_KILL","is_prod":false,"is_daily":false,"chose_seed":false,"campfire_upgraded":4,"win_rate":0,"timestamp":1537620266,"path_taken":["M","?","?","?","?","R","E","M","T","E","R","M","$","E","R","BOSS","M","?","M","$","M","E","R","M","T","E"],"build_version":"2018-09-20","purchased_purges":3,"victory":false,"max_hp_per_floor":[80,80,80,80,80,80,80,80,80,80,80,80,80,80,80,80,80,80,80,80,80,80,87,87,87,87,87],"card_choices":[{"not_picked":["Seeing Red","Clothesline"],"picked":"Shockwave","floor":1.0},{"not_picked":["Burning Pact","Intimidate"],"picked":"Battle Trance","floor":7.0},{"not_picked":["Wild Strike","Twin Strike"],"picked":"True Grit","floor":8.0},{"not_picked":["Clash","Perfected Strike"],"picked":"Ghostly Armor","floor":10.0},{"not_picked":["Iron Wave","Sever Soul"],"picked":"Flame Barrier","floor":12.0},{"not_picked":["Wild Strike","Twin Strike"],"picked":"Entrench","floor":14.0},{"not_picked":["Juggernaut","Immolate"],"picked":"Reaper","floor":16.0},{"not_picked":["Clash+1","Ghostly Armor"],"picked":"True Grit","floor":18.0},{"not_picked":["Flex","Heavy Blade"],"picked":"True Grit","floor":20.0},{"not_picked":["Wild Strike","Cleave","Fire Breathing"],"picked":"SKIP","floor":22.0},{"not_picked":["Armaments","Immolate"],"picked":"Ghostly Armor","floor":23.0},{"not_picked":["Heavy Blade+1","Anger"],"picked":"Shrug It Off+1","floor":25}],"player_experience":125578,"relics_obtained":[{"floor":7.0,"key":"Mummified Hand"},{"floor":9.0,"key":"Juzu Bracelet"},{"floor":10.0,"key":"Art of War"},{"floor":14.0,"key":"War Paint"},{"floor":23.0,"key":"Strawberry"},{"floor":23.0,"key":"Boot"},{"floor":26,"key":"Matryoshka"}],"event_choices":[{"event_name":"Bonfire Elementals","player_choice":"BASIC","floor":2.0,"damage_taken":0.0},{"event_name":"FaceTrader","player_choice":"Touch","floor":3.0,"damage_taken":0.0},{"event_name":"The Cleric","player_choice":"Card Removal","floor":4.0,"damage_taken":0.0},{"event_name":"The Joust","player_choice":"Bet on Owner","floor":19.0,"damage_taken":0.0}],"is_beta":false,"boss_relics":[{"not_picked":["Empty Cage","Tiny House"],"picked":"Black Star"}],"items_purged_floors":[5,13,21],"is_endless":false,"potions_floor_spawned":[1,8,16,20,23,25],"killed_by":"Gremlin Leader","ascension_level":3}