{"gold_per_floor":[109,109,122,141,151,151,180,180,180,200,265,279,297,329,329,428,428,447,464,32,32,32,32,59,59,59,72,72,86,116,131,131,131],"floor_reached":33,"playtime":1937,"items_purged":[],"score":299,"play_id":"15e92540-e20a-434d-8c86-6b364f2c3866","local_time":"20180816220457","is_ascension_mode":false,"campfire_choices":[{"floor":6.0,"key":"REST"},{"floor":8.0,"key":"REST"},{"data":"Dagger Spray","floor":15.0,"key":"SMITH"},{"floor":23,"key":"REST"},{"floor":25,"key":"REST"},{"floor":32,"key":"REST"}],"neow_cost":"","seed_source_timestamp":163867718873353,"circlet_count":0,"master_deck":["Defend_G","Defend_G+1","Defend_G","Defend_G","Defend_G+1","Strike_G","Strike_G","Strike_G","Strike_G","Strike_G","Survivor","Neutralize","Dash","Bane","Cloak And Dagger","Poisoned Stab","Dagger Throw","Reflex","Flying Knee","Flying Knee","Dagger Spray+1","Adrenaline","Dagger Spray","Underhanded Strike","Footwork","Grand Finale","RitualDagger","Crippling Poison","Bullet Time+1","PiercingWail+1","Doppelganger+1","Bane"],"special_seed":0,"relics":["Ring of the Snake","Bag of Marbles","Art of War","Gremlin Horn","Fusion Hammer","Lee\u0027s Waffle","Thread and Needle","Toxic Egg 2","Mummified Hand"],"potions_floor_usage":[24,33,33],"damage_taken":[{"damage":4.0,"enemies":"2 Louse","floor":1.0,"turns":2.0},{"damage":0.0,"enemies":"Cultist","floor":3.0,"turns":3.0},{"damage":0.0,"enemies":"Jaw Worm","floor":4.0,"turns":3.0},{"damage":3.0,"enemies":"2 Fungi Beasts","floor":5.0,"turns":3.0},{"damage":21.0,"enemies":"Lagavulin","floor":7.0,"turns":7.0},{"damage":0.0,"enemies":"Looter","floor":10.0,"turns":3.0},{"damage":0.0,"enemies":"Large Slime","floor":12.0,"turns":4.0},{"damage":1.0,"enemies":"Blue Slaver","floor":13.0,"turns":3.0},{"damage":12.0,"enemies":"3 Sentries","floor":14.0,"turns":8.0},{"damage":23,"enemies":"Slime Boss","floor":16,"turns":10},{"damage":0,"enemies":"Chosen","floor":18,"turns":3},{"damage":6,"enemies":"Shell Parasite","floor":19,"turns":5},{"damage":23,"enemies":"Book of Stabbing","floor":24,"turns":7},{"damage":11,"enemies":"Snake Plant","floor":27,"turns":4},{"damage":9,"enemies":"Centurion and Healer","floor":29,"turns":6},{"damage":14,"enemies":"Slavers","floor":30,"turns":5},{"damage":4,"enemies":"3 Cultists","floor":31,"turns":4},{"damage":83,"enemies":"Collector","floor":33,"turns":11}],"seed_played":"295834599242967581","potions_obtained":[{"floor":3.0,"key":"Poison Potion"},{"floor":4.0,"key":"GhostInAJar"},{"floor":7.0,"key":"Swift Potion"},{"floor":10.0,"key":"PowerPotion"},{"floor":14.0,"key":"Energy Potion"},{"floor":19,"key":"Regen Potion"},{"floor":24,"key":"EssenceOfSteel"}],"is_trial":false,"path_per_floor":["M","?","M","M","M","R","E","R","T","M","?","M","M","E","R","B",null,"M","M","$","?","?","R","E","R","T","M","?","M","E","M","R"],"character_chosen":"THE_SILENT","items_purchased":["Footwork","Grand Finale","Lee\u0027s Waffle"],"campfire_rested":5,"item_purchase_floors":[20,20,20],"current_hp_per_floor":[66,52,52,52,49,70,49,70,70,70,70,70,69,57,57,34,70,70,64,77,77,71,77,54,77,77,66,66,57,43,39,62,0],"gold":131,"neow_bonus":"","is_prod":false,"is_daily":false,"chose_seed":false,"campfire_upgraded":1,"win_rate":0.0,"timestamp":1534471497,"path_taken":["M","?","M","M","M","R","E","R","T","M","?","M","M","E","R","BOSS","M","M","$","?","?","R","E","R","T","M","?","M","E","M","R","BOSS"],"build_version":"2018-08-09","purchased_purges":0,"victory":false,"max_hp_per_floor":[70,70,70,70,70,70,70,70,70,70,70,70,70,70,70,70,70,70,70,77,77,77,77,77,77,77,77,77,77,77,77,77,77],"card_choices":[{"not_picked":["PiercingWail","Blade Dance"],"picked":"Dash","floor":1.0},{"not_picked":["Quick Slash","Expertise"],"picked":"Bane","floor":3.0},{"not_picked":["Terror","Well Laid Plans"],"picked":"Cloak And Dagger","floor":4.0},{"not_picked":["Backflip","Flying Knee"],"picked":"Poisoned Stab","floor":5.0},{"not_picked":["Burst","Riddle With Holes"],"picked":"Dagger Throw","floor":7.0},{"not_picked":["Underhanded Strike","Predator"],"picked":"Reflex","floor":10.0},{"not_picked":["Bane","Blade Dance"],"picked":"Flying Knee","floor":12.0},{"not_picked":["Acrobatics","Riddle With Holes"],"picked":"Flying Knee","floor":13.0},{"not_picked":["All Out Attack","Acrobatics"],"picked":"Dagger Spray","floor":14.0},{"not_picked":["Wraith Form v2","Tools of the Trade"],"picked":"Adrenaline","floor":16},{"not_picked":["Slice","PiercingWail"],"picked":"Dagger Spray","floor":18},{"not_picked":["Blade Dance","PiercingWail"],"picked":"Underhanded Strike","floor":19},{"not_picked":["Acrobatics+1","Dagger Spray+1"],"picked":"Crippling Poison","floor":24},{"not_picked":["Blade Dance+1","Outmaneuver+1"],"picked":"Bullet Time+1","floor":27},{"not_picked":["Choke","Accuracy"],"picked":"PiercingWail+1","floor":29},{"not_picked":["Blade Dance+1","Cloak And Dagger+1"],"picked":"Doppelganger+1","floor":30},{"not_picked":["Sucker Punch","Venomology+1"],"picked":"Bane","floor":31}],"player_experience":139111,"relics_obtained":[{"floor":7.0,"key":"Bag of Marbles"},{"floor":9.0,"key":"Art of War"},{"floor":14.0,"key":"Gremlin Horn"},{"floor":24,"key":"Thread and Needle"},{"floor":26,"key":"Toxic Egg 2"},{"floor":30,"key":"Mummified Hand"}],"event_choices":[{"event_name":"Shining Light","player_choice":"Entered Light","floor":2.0,"damage_taken":0.0},{"event_name":"Golden Wing","player_choice":"Gained Gold","floor":11.0,"damage_taken":0.0},{"event_name":"Addict","player_choice":"Ignored","floor":21,"damage_taken":0},{"event_name":"Nest","player_choice":"Joined the Cult","floor":22,"damage_taken":0},{"event_name":"Vampires","player_choice":"Ignored","floor":28,"damage_taken":0}],"is_beta":false,"boss_relics":[{"not_picked":["Ring of the Serpent","Sozu"],"picked":"Fusion Hammer"}],"items_purged_floors":[],"is_endless":false,"potions_floor_spawned":[3,4,7,10,14,19,24,31],"killed_by":"Collector","ascension_level":0}