{"gold_per_floor":[111,125,135,150,150,181,28,28,28,47,47,60,81,81],"floor_reached":14,"playtime":963,"items_purged":[],"score":113,"play_id":"dbb4ab3f-1ff4-43dc-80b6-324e95d52bc8","local_time":"20190912140322","is_ascension_mode":true,"campfire_choices":[],"neow_cost":"NONE","seed_source_timestamp":78459183600300,"circlet_count":0,"master_deck":["Strike_G","Strike_G","Strike_G","Strike_G","Defend_G","Defend_G+1","Defend_G+1","Defend_G","Defend_G","Survivor","Neutralize","Slice","Endless Agony","Catalyst","Bane","Backflip+1","Escape Plan","Acrobatics","Outmaneuver"],"relics":["Ring of the Snake","Golden Idol","War Paint","Potion Belt"],"potions_floor_usage":[6,6,14],"damage_taken":[{"damage":1,"enemies":"2 Louse","floor":1,"turns":4},{"damage":0,"enemies":"Jaw Worm","floor":2,"turns":5},{"damage":4,"enemies":"Small Slimes","floor":3,"turns":4},{"damage":4,"enemies":"Blue Slaver","floor":4,"turns":6},{"damage":22,"enemies":"Lagavulin","floor":6,"turns":6},{"damage":10,"enemies":"Exordium Wildlife","floor":10,"turns":7},{"damage":1,"enemies":"Large Slime","floor":12,"turns":6},{"damage":10,"enemies":"Exordium Thugs","floor":13,"turns":10},{"damage":2,"enemies":"Lots of Slimes","floor":14,"turns":1}],"seed_played":"8634533202443601827","potions_obtained":[{"floor":3,"key":"Poison Potion"},{"floor":4,"key":"Swift Potion"},{"floor":6,"key":"PowerPotion"},{"floor":13,"key":"Fire Potion"}],"is_trial":false,"path_per_floor":["M","M","M","M","?","E","$","?","T","M","?","M","M","M"],"character_chosen":"THE_SILENT","items_purchased":["Potion Belt"],"campfire_rested":0,"item_purchase_floors":[7],"current_hp_per_floor":[69,69,65,61,44,22,22,22,22,12,12,11,1,0],"gold":81,"neow_bonus":"REMOVE_CARD","is_prod":false,"is_daily":false,"chose_seed":false,"campfire_upgraded":0,"win_rate":0,"timestamp":1568315002,"path_taken":["M","M","M","M","?","E","$","?","T","M","?","M","M","M"],"build_version":"2019-07-17","purchased_purges":0,"victory":false,"max_hp_per_floor":[70,70,70,70,70,70,70,70,70,70,70,70,70,70],"card_choices":[{"not_picked":["Choke","Masterful Stab"],"picked":"Slice","floor":1},{"not_picked":["Deflect","Deadly Poison"],"picked":"Endless Agony","floor":2},{"not_picked":["Riddle With Holes","Dagger Throw"],"picked":"Catalyst","floor":3},{"not_picked":["Dagger Throw","Setup"],"picked":"Bane","floor":4},{"not_picked":["Poisoned Stab","Quick Slash"],"picked":"Backflip","floor":6},{"not_picked":["Cloak And Dagger","Blade Dance"],"picked":"Escape Plan","floor":10},{"not_picked":["Dodge and Roll","Dagger Throw"],"picked":"Acrobatics","floor":12},{"not_picked":["Concentrate","Underhanded Strike"],"picked":"Outmaneuver","floor":13}],"player_experience":357039,"relics_obtained":[{"floor":6,"key":"War Paint"}],"event_choices":[{"damage_healed":0,"gold_gain":0,"player_choice":"Take Damage","damage_taken":17,"relics_obtained":["Golden Idol"],"max_hp_gain":0,"max_hp_loss":0,"event_name":"Golden Idol","floor":5,"gold_loss":0},{"damage_healed":0,"gold_gain":0,"player_choice":"Grow","damage_taken":0,"max_hp_gain":0,"max_hp_loss":0,"event_name":"Living Wall","floor":8,"gold_loss":0,"cards_upgraded":["Backflip"]},{"damage_healed":0,"gold_gain":0,"player_choice":"Fled","damage_taken":0,"max_hp_gain":0,"max_hp_loss":0,"event_name":"Scrap Ooze","floor":11,"gold_loss":0}],"is_beta":false,"boss_relics":[],"items_purged_floors":[],"is_endless":false,"potions_floor_spawned":[3,4,6,13],"killed_by":"Lots of Slimes","ascension_level":4}