{"gold_per_floor":[110,110,120,131,56,56,91,110,134,134,146,156,156,166,166,264,264,278,238,258,64,78,78,93,93,118,131,150,150,78,94,94,191,191,202,1201,1215,1215,706,706],"floor_reached":40,"playtime":2891,"items_purged":["Strike_G","Normality"],"score":417,"play_id":"8217ca0e-d134-40ac-b283-40e93983b4e4","local_time":"20180729010027","is_ascension_mode":false,"campfire_choices":[{"data":"Poisoned Stab","floor":6,"key":"SMITH"},{"data":"Predator","floor":10,"key":"SMITH"},{"data":"Dagger Throw","floor":13,"key":"SMITH"},{"data":"Neutralize","floor":15,"key":"SMITH"},{"floor":25,"key":"REST"},{"floor":32,"key":"REST"}],"neow_cost":"NONE","seed_source_timestamp":278539614693105,"circlet_count":0,"master_deck":["Defend_G","Defend_G","Defend_G","Defend_G","Defend_G","Strike_G","Strike_G","Strike_G","Strike_G","Survivor","Neutralize+1","Dagger Spray+1","Poisoned Stab+1","Flying Knee","Predator+1","Dagger Throw+1","Envenom","Backstab","Outmaneuver","Apotheosis","Bane","Predator","Prepared+1","Backflip+1","Footwork","Backstab+1","Normality","Slice+1","Slice","Panache","Bullet Time"],"relics":["Ring of the Snake","Potion Belt","Anchor","Regal Pillow","Eternal Feather","Pear","Centennial Puzzle","Black Star"],"potions_floor_usage":[16,16,16,16,22,28,31,37],"damage_taken":[{"damage":2,"enemies":"Small Slimes","floor":1,"turns":6},{"damage":3,"enemies":"Jaw Worm","floor":3,"turns":5},{"damage":0,"enemies":"Cultist","floor":4,"turns":3},{"damage":17,"enemies":"Gremlin Nob","floor":7,"turns":5},{"damage":0,"enemies":"3 Louse","floor":8,"turns":2},{"damage":0,"enemies":"Red Slaver","floor":11,"turns":2},{"damage":1,"enemies":"Exordium Thugs","floor":12,"turns":3},{"damage":0,"enemies":"3 Louse","floor":14,"turns":2},{"damage":36,"enemies":"The Guardian","floor":16,"turns":7},{"damage":11,"enemies":"Shell Parasite","floor":18,"turns":6},{"damage":0,"enemies":"3 Byrds","floor":20,"turns":4},{"damage":15,"enemies":"Snake Plant","floor":22,"turns":4},{"damage":30,"enemies":"Cultist and Chosen","floor":24,"turns":7},{"damage":11,"enemies":"Chosen and Byrds","floor":27,"turns":6},{"damage":38,"enemies":"Centurion and Healer","floor":28,"turns":7},{"damage":7,"enemies":"Snake Plant","floor":31,"turns":6},{"damage":58,"enemies":"Champ","floor":33,"turns":18},{"damage":9,"enemies":"Orb Walker","floor":35,"turns":5},{"damage":45,"enemies":"Flame Bruiser 1 Orb","floor":37,"turns":7},{"damage":99,"enemies":"Giant Head","floor":40,"turns":8}],"seed_played":"-8046304157235268943","potions_obtained":[{"floor":4,"key":"FearPotion"},{"floor":7,"key":"Poison Potion"},{"floor":11,"key":"PowerPotion"},{"floor":12,"key":"SteroidPotion"},{"floor":14,"key":"PowerPotion"},{"floor":19,"key":"FairyPotion"},{"floor":19,"key":"SneckoOil"},{"floor":19,"key":"SkillPotion"},{"floor":22,"key":"Weak Potion"},{"floor":27,"key":"Ancient Potion"},{"floor":28,"key":"Block Potion"},{"floor":33,"key":"Explosive Potion"},{"floor":35,"key":"SpeedPotion"}],"is_trial":false,"path_per_floor":["M","?","M","M","$","R","E","M","T","R","M","M","R","M","R","B",null,"M","?","M","$","M","T","M","R","T","M","M","?","$","M","R","B",null,"M","?","M","?","$"],"character_chosen":"THE_SILENT","items_purchased":["Apotheosis","Footwork","Slice","Panache","Bullet Time","Swift Potion"],"campfire_rested":2,"item_purchase_floors":[21,30,39,39,39,39],"current_hp_per_floor":[68,68,65,65,65,65,48,48,48,48,48,47,47,47,47,11,70,59,59,59,59,44,54,24,75,75,64,26,26,26,19,73,15,80,71,71,26,70,70,0],"gold":706,"neow_bonus":"RANDOM_COMMON_RELIC","is_prod":false,"is_daily":false,"chose_seed":false,"campfire_upgraded":4,"win_rate":0.0,"timestamp":1532840427,"path_taken":["M","?","M","M","$","R","E","M","T","R","M","M","R","M","R","BOSS","M","?","?","$","M","?","M","R","T","M","M","?","?","M","R","BOSS","M","?","M","?","$","E"],"build_version":"2018-07-26","purchased_purges":2,"victory":false,"max_hp_per_floor":[70,70,70,70,70,70,70,70,70,70,70,70,70,70,70,70,70,70,70,70,70,70,80,80,80,80,80,80,80,80,80,80,80,80,80,80,80,70,70,70],"card_choices":[{"not_picked":["Backflip","Sucker Punch"],"picked":"Dagger Spray","floor":1},{"not_picked":["Dodge and Roll","Flechettes"],"picked":"Poisoned Stab","floor":3},{"not_picked":["Expertise","Backflip"],"picked":"Flying Knee","floor":4},{"not_picked":["Quick Slash","Calculated Gamble"],"picked":"Predator","floor":7},{"not_picked":["Prepared","Deflect"],"picked":"Dagger Throw","floor":8},{"not_picked":["Finisher","Tools of the Trade","Caltrops"],"picked":"SKIP","floor":11},{"not_picked":["Catalyst","Acrobatics","Sucker Punch"],"picked":"SKIP","floor":12},{"not_picked":["Calculated Gamble","Distraction","Bane"],"picked":"SKIP","floor":14},{"not_picked":["Night Terror","Venomology"],"picked":"Envenom","floor":16},{"not_picked":["Catalyst","Sucker Punch"],"picked":"Backstab","floor":18},{"not_picked":["Heel Hook","Dagger Spray"],"picked":"Outmaneuver","floor":20},{"not_picked":["Calculated Gamble","Escape Plan+1"],"picked":"Bane","floor":22},{"not_picked":["Deadly Poison","Deflect+1"],"picked":"Predator","floor":24},{"not_picked":["Reflex+1","Choke+1"],"picked":"Prepared+1","floor":27},{"not_picked":["Dodge and Roll+1","Heel Hook"],"picked":"Backflip+1","floor":28},{"not_picked":["Prepared","Dagger Spray","Deadly Poison"],"picked":"SKIP","floor":31},{"not_picked":["Dagger Throw","Quick Slash"],"picked":"Backstab+1","floor":35},{"not_picked":["Quick Slash+1","PiercingWail+1"],"picked":"Slice+1","floor":37}],"player_experience":71029,"relics_obtained":[{"floor":7,"key":"Anchor"},{"floor":9,"key":"Regal Pillow"},{"floor":23,"key":"Pear"},{"floor":26,"key":"Centennial Puzzle"}],"event_choices":[{"event_name":"Living Wall","player_choice":"Grow","floor":2,"damage_taken":0},{"event_name":"The Woman in Blue","player_choice":"Bought 3 Potions","floor":19,"damage_taken":0},{"event_name":"Drug Dealer","player_choice":"Ignored","floor":29,"damage_taken":0},{"event_name":"MindBloom","player_choice":"Gold","floor":36,"damage_taken":0},{"event_name":"The Moai Head","player_choice":"Heal","floor":38,"damage_taken":0}],"is_beta":false,"boss_relics":[{"not_picked":["Snecko Eye","Ectoplasm"],"picked":"Eternal Feather"},{"not_picked":["Coffee Dripper","Philosopher\u0027s Stone"],"picked":"Black Star"}],"items_purged_floors":[5,39],"is_endless":false,"potions_floor_spawned":[4,7,11,12,14,22,27,28,33,35],"killed_by":"Giant Head","ascension_level":0}