{"gold_per_floor":[113,127,142,18,30,60,73,134,160,171,171],"floor_reached":11,"playtime":790,"items_purged":[],"score":77,"play_id":"a21b706d-c022-4b61-8a40-4e7069f2aebe","local_time":"20190908094246","is_ascension_mode":false,"campfire_choices":[],"neow_cost":"CURSE","seed_source_timestamp":1895033207349700,"circlet_count":0,"master_deck":["Strike_G","Strike_G","Strike_G","Strike_G","Strike_G","Defend_G","Defend_G","Defend_G","Defend_G","Defend_G","Survivor","Neutralize","Parasite","Bane","Crippling Poison","Catalyst","Poisoned Stab","Deadly Poison","Bane","Backstab","Blur"],"relics":["Ring of the Snake","Incense Burner","The Specimen","Boot","Pen Nib"],"potions_floor_usage":[6,11],"damage_taken":[{"damage":7,"enemies":"Cultist","floor":1,"turns":5},{"damage":1,"enemies":"Jaw Worm","floor":2,"turns":4},{"damage":0,"enemies":"Small Slimes","floor":3,"turns":4},{"damage":5,"enemies":"3 Louse","floor":5,"turns":3},{"damage":27,"enemies":"Gremlin Nob","floor":6,"turns":6},{"damage":0,"enemies":"Blue Slaver","floor":7,"turns":3},{"damage":19,"enemies":"3 Sentries","floor":8,"turns":8},{"damage":6,"enemies":"Lots of Slimes","floor":10,"turns":3},{"damage":9,"enemies":"The Mushroom Lair","floor":11,"turns":1}],"seed_played":"4057629565824987459","potions_obtained":[{"floor":3,"key":"Fire Potion"},{"floor":8,"key":"FearPotion"},{"floor":10,"key":"PowerPotion"}],"is_trial":false,"path_per_floor":["M","M","M","$","M","E","M","?","T","M","?"],"character_chosen":"THE_SILENT","items_purchased":["Catalyst","Poisoned Stab"],"campfire_rested":0,"item_purchase_floors":[4,4],"current_hp_per_floor":[63,62,62,62,57,30,30,11,11,5,0],"gold":171,"neow_bonus":"ONE_RARE_RELIC","is_prod":false,"is_daily":false,"chose_seed":false,"campfire_upgraded":0,"win_rate":0,"timestamp":1567950166,"path_taken":["M","?","M","$","M","E","M","?","T","M","?"],"build_version":"2019-07-17","purchased_purges":0,"victory":false,"max_hp_per_floor":[70,70,70,70,70,70,70,70,70,70,70],"card_choices":[{"not_picked":["Bane","Sucker Punch","Flying Knee"],"picked":"SKIP","floor":1},{"not_picked":["Sucker Punch","Flying Knee"],"picked":"Bane","floor":1},{"not_picked":["Underhanded Strike","Flying Knee","Tactician"],"picked":"SKIP","floor":2},{"not_picked":["All Out Attack","Quick Slash"],"picked":"Crippling Poison","floor":3},{"not_picked":["Grand Finale","Deflect"],"picked":"Deadly Poison","floor":5},{"not_picked":["Accuracy","Predator"],"picked":"Bane","floor":6},{"not_picked":["Blade Dance","Dodge and Roll","Dagger Throw"],"picked":"SKIP","floor":7},{"not_picked":["Poisoned Stab","Dodge and Roll"],"picked":"Backstab","floor":8},{"not_picked":["Choke","Eviscerate"],"picked":"Blur","floor":10}],"player_experience":582721,"relics_obtained":[{"floor":6,"key":"The Specimen"},{"floor":8,"key":"Boot"},{"floor":9,"key":"Pen Nib"}],"event_choices":[{"damage_healed":0,"gold_gain":0,"player_choice":"Searched \u00272\u0027 times","damage_taken":0,"max_hp_gain":0,"max_hp_loss":0,"event_name":"Dead Adventurer","floor":8,"gold_loss":0},{"damage_healed":0,"gold_gain":0,"player_choice":"Fought Mushrooms","damage_taken":0,"max_hp_gain":0,"max_hp_loss":0,"event_name":"Mushrooms","floor":11,"gold_loss":0}],"is_beta":false,"boss_relics":[],"items_purged_floors":[],"is_endless":false,"potions_floor_spawned":[3,8,10],"killed_by":"The Mushroom Lair","ascension_level":0}