{"gold_per_floor":[114,114,114,134,209,209,224,249,249,199,47,67,67,87,87,185,185,200,125,138,138,156,156,186,212,235,235,263,263,276,276,276,375,375,392,410,200,214,436,436,536,567,567,238,248,248,80,80,80,80],"floor_reached":51,"playtime":5253,"items_purged":["Defend_B","Defend_B"],"score":875,"play_id":"d73b9abc-01a5-49ad-aa0a-e284d3ea812f","local_time":"20190816232226","is_ascension_mode":true,"campfire_choices":[{"data":"Streamline","floor":6.0,"key":"SMITH"},{"data":"Streamline","floor":13.0,"key":"SMITH"},{"data":"Multi-Cast","floor":15.0,"key":"SMITH"},{"data":"Force Field","floor":23.0,"key":"SMITH"},{"data":"Coolheaded","floor":27.0,"key":"SMITH"},{"data":"Echo Form","floor":29.0,"key":"SMITH"},{"floor":32.0,"key":"REST"},{"floor":40,"key":"REST"},{"data":"Meteor Strike","floor":46,"key":"SMITH"},{"data":"Reinforced Body","floor":49,"key":"SMITH"}],"neow_cost":"NONE","seed_source_timestamp":34787851095945,"circlet_count":0,"master_deck":["Zap","Dualcast+1","Streamline+1","Streamline+1","Glacier","Fusion","Multi-Cast+1","Echo Form+1","Coolheaded+1","Force Field+1","Streamline+1","All For One","Storm","Double Energy","Machine Learning","Coolheaded+1","Reinforced Body+1","Meteor Strike+1","Glacier","Reinforced Body+1"],"special_seed":0,"relics":["Snecko Eye","War Paint","Dodecahedron","Velvet Choker","PreservedInsect","Red Mask","Orichalcum","Ginger","Sozu","Runic Capacitor","FossilizedHelix","Bird Faced Urn","Symbiotic Virus"],"potions_floor_usage":[],"damage_taken":[{"damage":7.0,"enemies":"Jaw Worm","floor":1.0,"turns":2.0},{"damage":0.0,"enemies":"Small Slimes","floor":4.0,"turns":2.0},{"damage":0.0,"enemies":"2 Louse","floor":7.0,"turns":1.0},{"damage":5.0,"enemies":"3 Sentries","floor":8.0,"turns":6.0},{"damage":0.0,"enemies":"Looter","floor":12.0,"turns":3.0},{"damage":1.0,"enemies":"Exordium Wildlife","floor":14.0,"turns":2.0},{"damage":25.0,"enemies":"Hexaghost","floor":16.0,"turns":11.0},{"damage":0.0,"enemies":"Chosen","floor":18.0,"turns":3.0},{"damage":0.0,"enemies":"Spheric Guardian","floor":20.0,"turns":3.0},{"damage":0.0,"enemies":"Centurion and Healer","floor":22.0,"turns":4.0},{"damage":0.0,"enemies":"Gremlin Leader","floor":24.0,"turns":7.0},{"damage":0.0,"enemies":"Masked Bandits","floor":25.0,"turns":4.0},{"damage":4.0,"enemies":"Slavers","floor":28.0,"turns":7.0},{"damage":32.0,"enemies":"Shelled Parasite and Fungi","floor":30.0,"turns":5.0},{"damage":4.0,"enemies":"Automaton","floor":33.0,"turns":9.0},{"damage":0,"enemies":"Orb Walker","floor":35,"turns":4},{"damage":11,"enemies":"3 Darklings","floor":36,"turns":5},{"damage":0,"enemies":"4 Shapes","floor":38,"turns":6},{"damage":0,"enemies":"Mind Bloom Boss Battle","floor":41,"turns":6},{"damage":0,"enemies":"Nemesis","floor":42,"turns":3},{"damage":0,"enemies":"Spire Growth","floor":45,"turns":4},{"damage":0,"enemies":"Donu and Deca","floor":50,"turns":6}],"seed_played":"-7157059432113468916","potions_obtained":[{"floor":14.0,"key":"FearPotion"},{"floor":16.0,"key":"Weak Potion"},{"floor":20.0,"key":"Block Potion"},{"floor":28.0,"key":"Explosive Potion"},{"floor":33.0,"key":"Weak Potion"}],"is_trial":false,"path_per_floor":["M","?","$","M","?","R","M","E","T","?","$","M","R","M","R","B",null,"M","?","M","?","M","R","E","?","T","R","E","R","M","?","R","B",null,"M","M","$","M","?","R","?","E","T","$","M","R","$","?","R","B",null],"character_chosen":"DEFECT","items_purchased":["Glacier","Runic Capacitor","Symbiotic Virus","Glacier","Reinforced Body"],"campfire_rested":2,"item_purchase_floors":[11,37,44,44,47],"current_hp_per_floor":[68,61,61,61,50,50,50,45,45,45,45,45,45,44,44,19,75,75,75,75,75,75,75,75,75,75,75,71,71,39,39,61,57,75,75,64,64,64,64,75,75,75,75,75,75,75,75,75,75,75],"gold":80,"neow_bonus":"BOSS_RELIC","is_prod":false,"is_daily":false,"chose_seed":false,"campfire_upgraded":8,"win_rate":0,"timestamp":1565990546,"path_taken":["M","?","$","M","?","R","M","E","T","?","$","M","R","M","R","BOSS","M","?","M","?","M","R","E","?","T","R","E","R","?","?","R","BOSS","M","M","$","M","?","R","?","E","T","?","?","R","$","?","R","BOSS"],"build_version":"2019-07-17","purchased_purges":2,"victory":true,"max_hp_per_floor":[75,75,75,75,75,75,75,75,75,75,75,75,75,75,75,75,75,75,75,75,75,75,75,75,75,75,75,75,75,75,75,75,75,75,75,75,75,75,75,75,75,75,75,75,75,75,75,75,75,75],"card_choices":[{"not_picked":["Coolheaded","Sweeping Beam"],"picked":"Streamline","floor":1.0},{"not_picked":["Hologram","Steam"],"picked":"Streamline","floor":4.0},{"not_picked":["Capacitor","Heatsinks","Redo"],"picked":"SKIP","floor":7.0},{"not_picked":["Go for the Eyes","Redo","Double Energy"],"picked":"SKIP","floor":8.0},{"not_picked":["Rebound","BootSequence"],"picked":"Fusion","floor":12.0},{"not_picked":["Storm","Leap"],"picked":"Multi-Cast","floor":14.0},{"not_picked":["Amplify","Buffer"],"picked":"Echo Form","floor":16.0},{"not_picked":["Turbo","Beam Cell","Lockon"],"picked":"SKIP","floor":18.0},{"not_picked":["Cold Snap","Defragment+1"],"picked":"Coolheaded","floor":20.0},{"not_picked":["Coolheaded","Rebound+1"],"picked":"Force Field","floor":22.0},{"not_picked":["Compile Driver+1","Fusion+1"],"picked":"Streamline+1","floor":24.0},{"not_picked":["FTL","Redo"],"picked":"All For One","floor":25.0},{"not_picked":["Cold Snap+1","Storm","Rebound"],"picked":"SKIP","floor":28.0},{"not_picked":["Sweeping Beam","Rebound","Cold Snap+1"],"picked":"SKIP","floor":30.0},{"not_picked":["Core Surge","Thunder Strike"],"picked":"Machine Learning","floor":33.0},{"not_picked":["Gash","Leap+1"],"picked":"Coolheaded+1","floor":35},{"not_picked":["Sweeping Beam","Go for the Eyes+1","Double Energy"],"picked":"SKIP","floor":36},{"not_picked":["Sweeping Beam","Go for the Eyes+1","Double Energy"],"picked":"SKIP","floor":36},{"not_picked":["Auto Shields","Steam+1"],"picked":"Reinforced Body+1","floor":38},{"not_picked":["Ball Lightning","Stack"],"picked":"Meteor Strike","floor":42},{"not_picked":["Cold Snap+1","Stack+1","Leap+1"],"picked":"SKIP","floor":45}],"player_experience":666817,"relics_obtained":[{"floor":8.0,"key":"War Paint"},{"floor":9.0,"key":"Dodecahedron"},{"floor":24.0,"key":"PreservedInsect"},{"floor":25.0,"key":"Red Mask"},{"floor":26.0,"key":"Orichalcum"},{"floor":28.0,"key":"Ginger"},{"floor":41,"key":"FossilizedHelix"},{"floor":42,"key":"Bird Faced Urn"}],"event_choices":[{"cards_removed":["Strike_B"],"damage_healed":0.0,"max_hp_gain":0.0,"max_hp_loss":0.0,"gold_gain":0.0,"event_name":"Golden Wing","player_choice":"Card Removal","floor":2.0,"gold_loss":0.0,"damage_taken":7.0},{"damage_healed":0.0,"max_hp_gain":0.0,"max_hp_loss":0.0,"gold_gain":75.0,"event_name":"World of Goop","player_choice":"Gather Gold","floor":5.0,"gold_loss":0.0,"damage_taken":11.0},{"cards_removed":["Strike_B"],"damage_healed":0.0,"max_hp_gain":0.0,"max_hp_loss":0.0,"gold_gain":0.0,"event_name":"The Cleric","player_choice":"Card Removal","floor":10.0,"gold_loss":50.0,"damage_taken":0.0},{"cards_removed":["Strike_B"],"damage_healed":0.0,"max_hp_gain":0.0,"max_hp_loss":0.0,"gold_gain":0.0,"event_name":"Beggar","player_choice":"Gave Gold","floor":19.0,"gold_loss":75.0,"damage_taken":0.0},{"damage_healed":0.0,"max_hp_gain":0.0,"max_hp_loss":0.0,"gold_gain":0.0,"event_name":"Vampires","player_choice":"Ignored","floor":21.0,"gold_loss":0.0,"damage_taken":0.0},{"damage_healed":0.0,"max_hp_gain":0.0,"max_hp_loss":0.0,"gold_gain":0.0,"event_name":"Masked Bandits","player_choice":"Fought Bandits","floor":25.0,"gold_loss":0.0,"damage_taken":0.0},{"damage_healed":0.0,"max_hp_gain":0.0,"max_hp_loss":0.0,"gold_gain":0.0,"cards_transformed":["Strike_B","Defend_B"],"event_name":"Drug Dealer","player_choice":"Became Test Subject","floor":31.0,"gold_loss":0.0,"damage_taken":0.0,"cards_obtained":["Storm","Double Energy"]},{"damage_healed":0,"gold_gain":222,"player_choice":"Wore Mask","damage_taken":0,"max_hp_gain":0,"max_hp_loss":0,"event_name":"Tomb of Lord Red Mask","floor":39,"gold_loss":0},{"damage_healed":0,"gold_gain":0,"player_choice":"Fight","damage_taken":0,"max_hp_gain":0,"max_hp_loss":0,"event_name":"MindBloom","floor":41,"gold_loss":0},{"cards_removed":["Defend_B"],"damage_healed":0,"gold_gain":0,"player_choice":"Removed Skill","damage_taken":0,"max_hp_gain":0,"max_hp_loss":0,"event_name":"Falling","floor":48,"gold_loss":0}],"is_beta":false,"boss_relics":[{"not_picked":["Fusion Hammer","Runic Pyramid"],"picked":"Velvet Choker"},{"not_picked":["Busted Crown","Nuclear Battery"],"picked":"Sozu"}],"items_purged_floors":[11,47],"is_endless":false,"potions_floor_spawned":[14,16,20,28,33,41,42],"ascension_level":3}