{"gold_per_floor":[119,138,158,158,173,173,190,190,190,190,202,202,231,248,248,345,345,362,362,36,56,56,56,68,0,52,69,69,69,79,97,97,97],"floor_reached":33,"playtime":1521,"items_purged":[],"score":276,"play_id":"d19dfcaf-76c2-42ec-9674-039368bc96e1","local_time":"20190730233520","is_ascension_mode":false,"campfire_choices":[{"data":"Bouncing Flask","floor":6.0,"key":"SMITH"},{"data":"Dagger Spray","floor":8.0,"key":"SMITH"},{"data":"Backflip","floor":10.0,"key":"SMITH"},{"floor":15.0,"key":"REST"},{"data":"Catalyst","floor":23.0,"key":"SMITH"},{"floor":28.0,"key":"REST"},{"floor":32.0,"key":"REST"}],"neow_cost":"NONE","seed_source_timestamp":4061260553607479,"circlet_count":0,"master_deck":["Defend_G","Defend_G","Defend_G","Defend_G","Defend_G","Survivor","Neutralize+1","Dagger Spray+1","Backflip+1","Bouncing Flask+1","Outmaneuver","Slice","Poisoned Stab","Riddle With Holes","Die Die Die","Catalyst+1","Noxious Fumes","Sucker Punch+1","Bite","Bite","Bite","Bite","Bite","Blur","Dodge and Roll+1","Necronomicurse","Crippling Poison+1","Footwork"],"special_seed":0,"relics":["Ring of the Snake","Paper Crane","Bottled Lightning","Orrery","Matryoshka","Necronomicon","Orichalcum","Lantern"],"potions_floor_usage":[33],"damage_taken":[{"damage":0.0,"enemies":"Small Slimes","floor":1.0,"turns":4.0},{"damage":6.0,"enemies":"Cultist","floor":2.0,"turns":3.0},{"damage":0.0,"enemies":"2 Louse","floor":3.0,"turns":2.0},{"damage":4.0,"enemies":"Blue Slaver","floor":5.0,"turns":4.0},{"damage":13.0,"enemies":"Large Slime","floor":7.0,"turns":5.0},{"damage":17.0,"enemies":"Exordium Wildlife","floor":11.0,"turns":5.0},{"damage":14.0,"enemies":"Gremlin Nob","floor":13.0,"turns":3.0},{"damage":0.0,"enemies":"Red Slaver","floor":14.0,"turns":4.0},{"damage":26.0,"enemies":"The Guardian","floor":16.0,"turns":10.0},{"damage":28.0,"enemies":"2 Thieves","floor":18.0,"turns":5.0},{"damage":5.0,"enemies":"3 Byrds","floor":21.0,"turns":4.0},{"damage":30.0,"enemies":"Centurion and Healer","floor":24.0,"turns":6.0},{"damage":3.0,"enemies":"Snecko","floor":27.0,"turns":3.0},{"damage":15.0,"enemies":"Snake Plant","floor":30.0,"turns":2.0},{"damage":1.0,"enemies":"Centurion and Healer","floor":31.0,"turns":3.0},{"damage":66,"enemies":"Automaton","floor":33,"turns":12}],"seed_played":"-5676679478927176952","potions_obtained":[{"floor":1.0,"key":"FearPotion"},{"floor":11.0,"key":"Block Potion"},{"floor":13.0,"key":"Ancient Potion"},{"floor":24.0,"key":"Fire Potion"},{"floor":27.0,"key":"SpeedPotion"},{"floor":30.0,"key":"GhostInAJar"}],"is_trial":false,"path_per_floor":["M","M","M","?","M","R","M","R","T","R","M","?","E","M","R","B",null,"M","?","$","M","?","R","M","?","T","M","R","$","M","M","R","B"],"character_chosen":"THE_SILENT","items_purchased":["Matryoshka","Blur"],"campfire_rested":3,"item_purchase_floors":[20,20],"current_hp_per_floor":[77,71,71,71,67,67,54,54,54,54,37,37,23,23,46,20,77,49,49,49,50,34,34,8,8,8,9,24,24,13,16,31,0],"gold":97,"neow_bonus":"TEN_PERCENT_HP_BONUS","is_prod":false,"is_daily":false,"chose_seed":false,"campfire_upgraded":4,"win_rate":0,"timestamp":1564544120,"path_taken":["M","M","M","?","M","R","M","R","T","R","?","?","E","M","R","BOSS","M","?","$","M","?","R","M","?","T","M","R","$","M","M","R","BOSS"],"build_version":"2019-07-17","purchased_purges":0,"victory":false,"max_hp_per_floor":[77,77,77,77,77,77,77,77,77,77,77,77,77,77,77,77,77,77,53,53,53,53,53,53,53,53,53,53,53,53,53,53,53],"card_choices":[{"not_picked":["Terror","PiercingWail"],"picked":"Dagger Spray","floor":1.0},{"not_picked":["Dodge and Roll","Dagger Spray"],"picked":"Backflip","floor":2.0},{"not_picked":["Slice","Caltrops"],"picked":"Bouncing Flask","floor":3.0},{"not_picked":["PiercingWail","Dagger Throw"],"picked":"Outmaneuver","floor":5.0},{"not_picked":["Underhanded Strike","Blade Dance","Dagger Spray"],"picked":"SKIP","floor":7.0},{"not_picked":["Cloak And Dagger","Storm of Steel"],"picked":"Slice","floor":11.0},{"not_picked":["All Out Attack","Heel Hook"],"picked":"Poisoned Stab","floor":13.0},{"not_picked":["Calculated Gamble","Acrobatics"],"picked":"Riddle With Holes","floor":14.0},{"not_picked":["Storm of Steel","Doppelganger"],"picked":"Die Die Die","floor":16.0},{"not_picked":["Sucker Punch","Flechettes"],"picked":"Catalyst","floor":17.0},{"not_picked":["Unload","PiercingWail"],"picked":"Noxious Fumes","floor":17.0},{"not_picked":["Accuracy+1","Flechettes+1"],"picked":"Sucker Punch+1","floor":18.0},{"not_picked":["Flying Knee","Deflect"],"picked":"Dodge and Roll+1","floor":21.0},{"not_picked":["Reflex","Noxious Fumes","Cloak And Dagger+1"],"picked":"SKIP","floor":24.0},{"not_picked":["Poisoned Stab","Calculated Gamble"],"picked":"Crippling Poison+1","floor":27.0},{"not_picked":["Flying Knee","Quick Slash","Backflip"],"picked":"SKIP","floor":30.0},{"not_picked":["Poisoned Stab+1","Prepared+1"],"picked":"Footwork","floor":31.0}],"player_experience":502470,"relics_obtained":[{"floor":9.0,"key":"Paper Crane"},{"floor":13.0,"key":"Bottled Lightning"},{"floor":22.0,"key":"Necronomicon"},{"floor":26.0,"key":"Orichalcum"},{"floor":26.0,"key":"Lantern"}],"event_choices":[{"damage_healed":0.0,"max_hp_gain":0.0,"max_hp_loss":0.0,"gold_gain":0.0,"event_name":"NoteForYourself","player_choice":"Ignored","floor":4.0,"gold_loss":0.0,"damage_taken":0.0},{"damage_healed":0.0,"max_hp_gain":0.0,"max_hp_loss":0.0,"gold_gain":0.0,"event_name":"Living Wall","player_choice":"Grow","floor":12.0,"gold_loss":0.0,"damage_taken":0.0,"cards_upgraded":["Neutralize"]},{"damage_healed":0.0,"max_hp_gain":0.0,"max_hp_loss":24.0,"gold_gain":0.0,"event_name":"Vampires","player_choice":"Became a vampire","floor":19.0,"gold_loss":0.0,"damage_taken":0.0,"cards_obtained":["Bite","Bite","Bite","Bite","Bite"]},{"damage_healed":0.0,"max_hp_gain":0.0,"max_hp_loss":0.0,"gold_gain":0.0,"event_name":"Cursed Tome","player_choice":"Obtained Book","floor":22.0,"gold_loss":0.0,"damage_taken":16.0},{"damage_healed":0.0,"max_hp_gain":0.0,"max_hp_loss":0.0,"gold_gain":0.0,"event_name":"Masked Bandits","player_choice":"Paid Fearfully","floor":25.0,"gold_loss":68.0,"damage_taken":0.0}],"is_beta":false,"boss_relics":[{"not_picked":["Pandora\u0027s Box","Coffee Dripper"],"picked":"Orrery"}],"items_purged_floors":[],"is_endless":false,"potions_floor_spawned":[1,11,13,24,27,30],"killed_by":"Automaton","ascension_level":0}