{"gold_per_floor":[219,232,232,243,243,243,262,227,227,242,242,275,275,111,111,214,214,233,251,201,217,217,217,217,217,217,217,31,31,43,53,53,53],"floor_reached":33,"playtime":1521,"items_purged":[],"score":270,"play_id":"06d0204e-62dc-45f7-a98d-47c5a50d7e6e","local_time":"20180824003504","is_ascension_mode":false,"campfire_choices":[{"data":"Blade Dance","floor":6.0,"key":"SMITH"},{"data":"Dodge and Roll","floor":11.0,"key":"SMITH"},{"data":"Flying Knee","floor":13.0,"key":"SMITH"},{"data":"Die Die Die","floor":15.0,"key":"SMITH"},{"floor":23,"key":"REST"},{"floor":25,"key":"REST"},{"data":"RitualDagger","floor":27,"key":"SMITH"},{"floor":32,"key":"REST"}],"neow_cost":"NONE","seed_source_timestamp":0,"circlet_count":0,"master_deck":["Defend_G","Defend_G","Defend_G","Defend_G","Defend_G","Strike_G","Strike_G","Strike_G","Strike_G","Strike_G","Neutralize","Slice","Cloak And Dagger","Blade Dance+1","Die Die Die+1","Dodge and Roll+1","Flying Knee+1","Backstab","Quick Slash","Infinite Blades","Corpse Explosion","Deadly Poison","Bane","Skewer","Deadly Poison","Poisoned Stab+1","Bane","Outmaneuver","Poisoned Stab+1","J.A.X.","RitualDagger+1","Flying Knee","Footwork+1","Finisher","Well Laid Plans+1"],"special_seed":0,"relics":["Ring of the Snake","Incense Burner","Tough Bandages","Orrery","Frozen Egg 2"],"potions_floor_usage":[31,33,33],"damage_taken":[{"damage":2.0,"enemies":"Small Slimes","floor":1.0,"turns":5.0},{"damage":0.0,"enemies":"2 Louse","floor":2.0,"turns":3.0},{"damage":0.0,"enemies":"Cultist","floor":4.0,"turns":4.0},{"damage":2.0,"enemies":"Blue Slaver","floor":7.0,"turns":4.0},{"damage":2.0,"enemies":"Exordium Thugs","floor":10.0,"turns":4.0},{"damage":13.0,"enemies":"Gremlin Nob","floor":12.0,"turns":4.0},{"damage":25.0,"enemies":"Slime Boss","floor":16.0,"turns":11.0},{"damage":14,"enemies":"Spheric Guardian","floor":18,"turns":4},{"damage":7,"enemies":"Shell Parasite","floor":19,"turns":5},{"damage":23,"enemies":"Shelled Parasite and Fungi","floor":21,"turns":7},{"damage":1,"enemies":"Snecko","floor":30,"turns":4},{"damage":17,"enemies":"Cultist and Chosen","floor":31,"turns":6},{"damage":72,"enemies":"Champ","floor":33,"turns":10}],"seed_played":"7032272817633696833","potions_obtained":[{"floor":1.0,"key":"GamblersBrew"},{"floor":7.0,"key":"EssenceOfSteel"},{"floor":12.0,"key":"Dexterity Potion"},{"floor":19,"key":"EssenceOfSteel"}],"is_trial":false,"path_per_floor":["M","M","?","M","?","R","M","?","T","M","R","E","R","$","R","B",null,"M","M","$","M","?","R","?","R","T","R","$","?","M","M","R"],"character_chosen":"THE_SILENT","items_purchased":["Backstab","Quick Slash","Infinite Blades","Outmaneuver","Flying Knee","Footwork+1","Finisher"],"campfire_rested":3,"item_purchase_floors":[14,14,14,20,28,28,28],"current_hp_per_floor":[68,68,68,68,68,68,66,70,70,68,68,55,55,55,55,30,70,56,49,49,26,26,47,41,62,62,62,62,62,61,44,65,0],"gold":53,"neow_bonus":"HUNDRED_GOLD","is_prod":false,"is_daily":false,"chose_seed":false,"campfire_upgraded":5,"win_rate":0,"timestamp":1535085304,"path_taken":["M","M","?","M","?","R","M","?","T","?","R","E","R","$","R","BOSS","M","M","$","M","?","R","?","R","T","R","?","?","?","M","R","BOSS"],"build_version":"2018-08-23v2","purchased_purges":0,"victory":false,"max_hp_per_floor":[70,70,70,70,70,70,70,70,70,70,70,70,70,70,70,70,70,70,70,70,70,70,70,70,70,70,70,70,70,70,70,70,70],"card_choices":[{"not_picked":["Concentrate","Dodge and Roll"],"picked":"Slice","floor":1.0},{"not_picked":["Dagger Throw","Underhanded Strike"],"picked":"Cloak And Dagger","floor":2.0},{"not_picked":["Heel Hook","Prepared"],"picked":"Blade Dance","floor":4.0},{"not_picked":["Bane","Slice"],"picked":"Die Die Die","floor":7.0},{"not_picked":["Prepared","Caltrops"],"picked":"Dodge and Roll","floor":10.0},{"not_picked":["Dodge and Roll","Prepared"],"picked":"Flying Knee","floor":12.0},{"not_picked":["Dagger Spray","Quick Slash"],"picked":"Corpse Explosion","floor":17.0},{"not_picked":["Cloak And Dagger","Dagger Spray"],"picked":"Deadly Poison","floor":17.0},{"not_picked":["Acrobatics","Terror"],"picked":"Bane","floor":17.0},{"not_picked":["Prepared","Dodge and Roll"],"picked":"Skewer","floor":17.0},{"not_picked":["PiercingWail","Blade Dance"],"picked":"Deadly Poison","floor":17.0},{"not_picked":["PiercingWail","Crippling Poison"],"picked":"Poisoned Stab+1","floor":18},{"not_picked":["Leg Sweep","Prepared"],"picked":"Bane","floor":19},{"not_picked":["Die Die Die","Prepared"],"picked":"Poisoned Stab+1","floor":21},{"not_picked":["Deadly Poison","Bouncing Flask"],"picked":"Well Laid Plans+1","floor":30},{"not_picked":["Acrobatics+1","Dagger Spray","Slice"],"picked":"SKIP","floor":31}],"player_experience":183129,"relics_obtained":[{"floor":9.0,"key":"Incense Burner"},{"floor":12.0,"key":"Tough Bandages"},{"floor":26,"key":"Frozen Egg 2"}],"event_choices":[{"event_name":"Liars Game","player_choice":"disagreed","floor":3.0,"damage_taken":0.0},{"event_name":"Bonfire Elementals","player_choice":"BASIC","floor":5.0,"damage_taken":0.0},{"event_name":"The Cleric","player_choice":"Healed","floor":8.0,"damage_taken":0.0},{"event_name":"Drug Dealer","player_choice":"Got JAX","floor":22,"damage_taken":0},{"event_name":"Nest","player_choice":"Joined the Cult","floor":24,"damage_taken":0},{"event_name":"Ghosts","player_choice":"Ignored","floor":29,"damage_taken":0}],"is_beta":false,"boss_relics":[{"not_picked":["Pandora\u0027s Box","Astrolabe"],"picked":"Orrery"}],"items_purged_floors":[],"is_endless":false,"potions_floor_spawned":[1,7,12,19,21],"killed_by":"Champ","ascension_level":0}