{"gold_per_floor":[109,123,134,209,209,209,239,3,50,64,78,78,105,25,25,126,126,138,138,138,155,168,168,180,212,239,239,96,116,116,148,148,148],"floor_reached":33,"playtime":1478,"items_purged":[],"score":285,"play_id":"43a70726-600f-4284-b1ed-67ca54b2634f","local_time":"20190816001515","is_ascension_mode":false,"campfire_choices":[{"data":"Shrug It Off","floor":6.0,"key":"SMITH"},{"data":"Shockwave","floor":15.0,"key":"SMITH"},{"floor":23.0,"key":"REST"},{"floor":27.0,"key":"REST"},{"data":"1","floor":32.0,"key":"LIFT"}],"neow_cost":"NONE","seed_source_timestamp":9590428116700,"circlet_count":0,"master_deck":["Strike_R","Strike_R","Strike_R","Strike_R","Strike_R","Defend_R","Defend_R","Defend_R","Defend_R","Bash","Shrug It Off+1","Finesse","Flame Barrier","Shockwave+1","Impervious","Bludgeon+1","Shame","Normality","Shame","Shockwave","Battle Trance","Pummel","Armaments+1","Battle Trance","Power Through+1"],"special_seed":0,"relics":["Burning Blood","NeowsBlessing","Pantograph","Ancient Tea Set","Oddly Smooth Stone","Blood Vial","Odd Mushroom","Calling Bell","Orichalcum","Kunai","Girya","Nilry\u0027s Codex","Dodecahedron","Regal Pillow","Lantern","Bag of Marbles"],"potions_floor_usage":[33],"damage_taken":[{"damage":0.0,"enemies":"Cultist","floor":1.0,"turns":1.0},{"damage":0.0,"enemies":"Small Slimes","floor":2.0,"turns":2.0},{"damage":0.0,"enemies":"Jaw Worm","floor":3.0,"turns":1.0},{"damage":54.0,"enemies":"Gremlin Nob","floor":7.0,"turns":6.0},{"damage":7.0,"enemies":"Looter","floor":10.0,"turns":3.0},{"damage":0.0,"enemies":"3 Louse","floor":11.0,"turns":4.0},{"damage":16.0,"enemies":"The Mushroom Lair","floor":13.0,"turns":8.0},{"damage":31.0,"enemies":"Hexaghost","floor":16.0,"turns":13.0},{"damage":1.0,"enemies":"Chosen","floor":18.0,"turns":5.0},{"damage":22.0,"enemies":"Spheric Guardian","floor":21.0,"turns":9.0},{"damage":30.0,"enemies":"Snake Plant","floor":22.0,"turns":3.0},{"damage":10.0,"enemies":"Snecko","floor":24.0,"turns":7.0},{"damage":31.0,"enemies":"Slavers","floor":25.0,"turns":9.0},{"damage":10.0,"enemies":"Centurion and Healer","floor":29.0,"turns":6.0},{"damage":18.0,"enemies":"Book of Stabbing","floor":31.0,"turns":5.0},{"damage":89,"enemies":"Champ","floor":33,"turns":15}],"seed_played":"-5868775648948000940","potions_obtained":[{"floor":7.0,"key":"GamblersBrew"},{"floor":13.0,"key":"LiquidBronze"},{"floor":18.0,"key":"SpeedPotion"},{"floor":24.0,"key":"Poison Potion"},{"floor":31.0,"key":"GamblersBrew"}],"is_trial":false,"path_per_floor":["M","M","M","?","T","R","E","$","T","M","M","?","?","$","R","B",null,"M","?","?","M","M","R","M","E","T","R","$","M","?","E","R","B"],"character_chosen":"IRONCLAD","items_purchased":["Oddly Smooth Stone","Finesse","Impervious","Lantern"],"campfire_rested":2,"item_purchase_floors":[8,8,14,28],"current_hp_per_floor":[80,80,80,69,69,69,21,21,21,22,30,56,48,48,48,50,80,80,64,64,50,28,52,50,27,27,66,66,64,64,54,54,0],"gold":148,"neow_bonus":"THREE_ENEMY_KILL","is_prod":false,"is_daily":false,"chose_seed":false,"campfire_upgraded":2,"win_rate":0,"timestamp":1565928915,"path_taken":["M","?","M","?","?","R","E","$","T","M","M","?","?","?","R","BOSS","M","?","?","?","M","R","M","E","T","R","$","M","?","E","R","BOSS"],"build_version":"2019-07-17","purchased_purges":0,"victory":false,"max_hp_per_floor":[80,80,80,80,80,80,80,80,80,80,80,80,80,80,80,80,80,80,80,80,80,80,80,80,80,80,80,80,80,80,80,80,80],"card_choices":[{"not_picked":["Sword Boomerang","Shrug It Off","Anger"],"picked":"SKIP","floor":1.0},{"not_picked":["Sword Boomerang","Anger"],"picked":"Shrug It Off","floor":1.0},{"not_picked":["Clothesline","Cleave","Heavy Blade"],"picked":"SKIP","floor":2.0},{"not_picked":["Hemokinesis","Burning Pact","Clothesline"],"picked":"SKIP","floor":3.0},{"not_picked":["Hemokinesis","Burning Pact","Clothesline"],"picked":"SKIP","floor":3.0},{"not_picked":["Combust","Entrench","Headbutt"],"picked":"SKIP","floor":7.0},{"not_picked":["Wild Strike","Thunderclap","Blood for Blood"],"picked":"SKIP","floor":10.0},{"not_picked":["Perfected Strike","Wild Strike"],"picked":"Flame Barrier","floor":11.0},{"not_picked":["Perfected Strike","Rage"],"picked":"Shockwave","floor":13.0},{"not_picked":["Limit Break","Immolate"],"picked":"Bludgeon","floor":16.0},{"not_picked":["Armaments","Flex+1"],"picked":"Shockwave","floor":18.0},{"not_picked":["Flex","Twin Strike","Wild Strike"],"picked":"SKIP","floor":21.0},{"not_picked":["Body Slam","Clothesline"],"picked":"Battle Trance","floor":22.0},{"not_picked":["Power Through","Headbutt+1"],"picked":"Pummel","floor":24.0},{"not_picked":["Cleave","Iron Wave"],"picked":"Armaments+1","floor":25.0},{"not_picked":["Warcry","Corruption"],"picked":"Battle Trance","floor":29.0},{"not_picked":["Shrug It Off","Immolate"],"picked":"Power Through+1","floor":31.0}],"player_experience":541738,"relics_obtained":[{"floor":5.0,"key":"Pantograph"},{"floor":7.0,"key":"Ancient Tea Set"},{"floor":9.0,"key":"Blood Vial"},{"floor":13.0,"key":"Odd Mushroom"},{"floor":17.0,"key":"Orichalcum"},{"floor":17.0,"key":"Kunai"},{"floor":17.0,"key":"Girya"},{"floor":19.0,"key":"Nilry\u0027s Codex"},{"floor":25.0,"key":"Dodecahedron"},{"floor":26.0,"key":"Regal Pillow"},{"floor":31.0,"key":"Bag of Marbles"}],"event_choices":[{"damage_healed":0.0,"max_hp_gain":0.0,"max_hp_loss":0.0,"gold_gain":75.0,"event_name":"World of Goop","player_choice":"Gather Gold","floor":4.0,"gold_loss":0.0,"damage_taken":11.0},{"damage_healed":26.0,"max_hp_gain":0.0,"max_hp_loss":0.0,"gold_gain":0.0,"event_name":"Big Fish","player_choice":"Banana","floor":12.0,"gold_loss":0.0,"damage_taken":0.0},{"damage_healed":0.0,"max_hp_gain":0.0,"max_hp_loss":0.0,"gold_gain":0.0,"event_name":"Mushrooms","player_choice":"Fought Mushrooms","floor":13.0,"gold_loss":0.0,"damage_taken":0.0},{"damage_healed":0.0,"max_hp_gain":0.0,"max_hp_loss":0.0,"gold_gain":0.0,"event_name":"Cursed Tome","player_choice":"Obtained Book","floor":19.0,"gold_loss":0.0,"damage_taken":16.0},{"damage_healed":0.0,"max_hp_gain":0.0,"max_hp_loss":0.0,"gold_gain":0.0,"event_name":"Accursed Blacksmith","player_choice":"Forge","floor":20.0,"gold_loss":0.0,"damage_taken":0.0,"cards_upgraded":["Bludgeon"]},{"damage_healed":0.0,"max_hp_gain":0.0,"max_hp_loss":0.0,"gold_gain":0.0,"event_name":"Ghosts","player_choice":"Ignored","floor":30.0,"gold_loss":0.0,"damage_taken":0.0}],"is_beta":false,"boss_relics":[{"not_picked":["Tiny House","Fusion Hammer"],"picked":"Calling Bell"}],"items_purged_floors":[],"is_endless":false,"potions_floor_spawned":[7,13,18,24,31],"killed_by":"Champ","ascension_level":0}