{"gold_per_floor":[115,115,132,148,148,148,159,174,174,186,198,163,163,192,192,288,288,298,267,267,267,317],"floor_reached":22,"playtime":1456,"items_purged":[],"score":226,"play_id":"31fe9985-13a5-430f-b7f6-72cff88f44ea","local_time":"20190911225248","is_ascension_mode":true,"campfire_choices":[{"floor":6,"key":"RECALL"},{"data":"Reflex","floor":13,"key":"SMITH"},{"floor":15,"key":"REST"}],"neow_cost":"NONE","seed_source_timestamp":23326603629600,"circlet_count":0,"master_deck":["Strike_G","Strike_G","Strike_G","Strike_G","Strike_G","Defend_G","Defend_G","Defend_G","Defend_G","Defend_G","Survivor","Neutralize","Poisoned Stab+1","Reflex+1","Heel Hook","Envenom","Slice","Slice","Choke","Expertise","After Image","Expertise","Bane+1"],"relics":["Ring of the Snake","Regal Pillow","Omamori","Velvet Choker","Enchiridion","SsserpentHead"],"potions_floor_usage":[14,16,19,22],"damage_taken":[{"damage":0,"enemies":"Cultist","floor":1,"turns":4},{"damage":0,"enemies":"Jaw Worm","floor":3,"turns":5},{"damage":1,"enemies":"Small Slimes","floor":4,"turns":5},{"damage":4,"enemies":"Blue Slaver","floor":7,"turns":4},{"damage":16,"enemies":"Red Slaver","floor":8,"turns":5},{"damage":1,"enemies":"2 Fungi Beasts","floor":10,"turns":4},{"damage":2,"enemies":"3 Louse","floor":11,"turns":3},{"damage":27,"enemies":"Lagavulin","floor":14,"turns":6},{"damage":23,"enemies":"Hexaghost","floor":16,"turns":9},{"damage":7,"enemies":"3 Byrds","floor":18,"turns":6},{"damage":21,"enemies":"2 Thieves","floor":19,"turns":5},{"damage":27,"enemies":"Centurion and Healer","floor":22,"turns":5}],"seed_played":"1038313314003185275","potions_obtained":[{"floor":3,"key":"LiquidBronze"},{"floor":10,"key":"PowerPotion"},{"floor":11,"key":"Fire Potion"},{"floor":16,"key":"Ancient Potion"},{"floor":18,"key":"Strength Potion"},{"floor":19,"key":"PowerPotion"}],"is_trial":false,"path_per_floor":["M","$","M","M","?","R","M","M","T","M","M","?","R","E","R","B",null,"M","M","?","?","M"],"character_chosen":"THE_SILENT","items_purchased":[],"campfire_rested":1,"item_purchase_floors":[],"current_hp_per_floor":[70,70,70,69,69,69,65,49,49,48,46,63,63,36,70,47,70,63,42,26,26,0],"gold":317,"neow_bonus":"RANDOM_COMMON_RELIC","is_prod":false,"is_daily":false,"chose_seed":false,"campfire_upgraded":1,"win_rate":0,"timestamp":1568260368,"path_taken":["M","?","M","M","?","R","M","M","T","M","M","?","R","E","R","BOSS","M","M","?","?","?"],"build_version":"2019-07-17","purchased_purges":0,"victory":false,"max_hp_per_floor":[70,70,70,70,70,70,70,70,70,70,70,70,70,70,70,70,70,70,70,70,70,70],"card_choices":[{"not_picked":["Dodge and Roll","Dagger Spray"],"picked":"Poisoned Stab","floor":1},{"not_picked":["Blur","Finisher"],"picked":"Reflex","floor":3},{"not_picked":["Tactician","Blade Dance"],"picked":"Heel Hook","floor":4},{"not_picked":["Prepared","Crippling Poison"],"picked":"Envenom","floor":7},{"not_picked":["Sucker Punch","Cloak And Dagger"],"picked":"Slice","floor":8},{"not_picked":["Prepared","Accuracy"],"picked":"Slice","floor":10},{"not_picked":["PiercingWail","Blade Dance"],"picked":"Choke","floor":11},{"not_picked":["Deflect","Phantasmal Killer"],"picked":"Expertise","floor":14},{"not_picked":["Grand Finale","Die Die Die"],"picked":"After Image","floor":16},{"not_picked":["Dagger Spray","Blade Dance+1"],"picked":"Expertise","floor":18},{"not_picked":["Prepared","Deflect"],"picked":"Bane+1","floor":19}],"player_experience":344753,"relics_obtained":[{"floor":14,"key":"Omamori"},{"floor":20,"key":"Enchiridion"}],"event_choices":[{"damage_healed":0,"gold_gain":0,"player_choice":"Grow","damage_taken":0,"max_hp_gain":0,"max_hp_loss":0,"event_name":"Living Wall","floor":5,"gold_loss":0,"cards_upgraded":["Poisoned Stab"]},{"damage_healed":17,"gold_gain":0,"player_choice":"Healed","damage_taken":0,"max_hp_gain":0,"max_hp_loss":0,"event_name":"The Cleric","floor":12,"gold_loss":35},{"damage_healed":0,"gold_gain":0,"player_choice":"Obtained Book","damage_taken":16,"max_hp_gain":0,"max_hp_loss":0,"event_name":"Cursed Tome","floor":20,"gold_loss":0},{"damage_healed":0,"gold_gain":0,"player_choice":"Trade","damage_taken":0,"relics_obtained":["SsserpentHead"],"max_hp_gain":0,"max_hp_loss":0,"event_name":"FaceTrader","floor":21,"gold_loss":0}],"is_beta":false,"boss_relics":[{"not_picked":["WristBlade","Eternal Feather"],"picked":"Velvet Choker"}],"items_purged_floors":[],"is_endless":false,"potions_floor_spawned":[3,10,11,16,18,19],"killed_by":"Centurion and Healer","ascension_level":4}