{"gold_per_floor":[112,128,128,142,2,2,2,34,34,34,52,66,66,76,76,175,175,188,168,182,193,193],"floor_reached":22,"playtime":992,"items_purged":[],"score":190,"play_id":"be482695-4fa7-41f4-845f-a318a9f5ad02","local_time":"20190903231623","is_ascension_mode":false,"campfire_choices":[{"data":"Flex","floor":6.0,"key":"SMITH"},{"data":"Perfected Strike","floor":13.0,"key":"SMITH"},{"floor":15.0,"key":"REST"}],"neow_cost":"CURSE","seed_source_timestamp":1511553975474700,"circlet_count":0,"master_deck":["Strike_R","Strike_R","Strike_R","Strike_R","Strike_R","Defend_R","Defend_R","Defend_R","Defend_R","Bash","Doubt","Double Tap+1","Shrug It Off","Flex+1","Impervious","Metallicize","Perfected Strike+1","Battle Trance","Barricade","Sword Boomerang+1","Twin Strike+1","Armaments+1"],"special_seed":0,"relics":["Burning Blood","Ornamental Fan","Question Card","Velvet Choker"],"potions_floor_usage":[19],"damage_taken":[{"damage":28.0,"enemies":"Jaw Worm","floor":1.0,"turns":7.0},{"damage":1.0,"enemies":"Cultist","floor":2.0,"turns":3.0},{"damage":2.0,"enemies":"2 Louse","floor":4.0,"turns":5.0},{"damage":57.0,"enemies":"Gremlin Nob","floor":8.0,"turns":8.0},{"damage":0.0,"enemies":"2 Fungi Beasts","floor":11.0,"turns":4.0},{"damage":6.0,"enemies":"Lots of Slimes","floor":12.0,"turns":5.0},{"damage":11.0,"enemies":"3 Louse","floor":14.0,"turns":5.0},{"damage":38.0,"enemies":"The Guardian","floor":16.0,"turns":14.0},{"damage":15.0,"enemies":"Shell Parasite","floor":18.0,"turns":9.0},{"damage":16,"enemies":"2 Thieves","floor":19,"turns":4},{"damage":41,"enemies":"Snake Plant","floor":20,"turns":6},{"damage":16,"enemies":"Shelled Parasite and Fungi","floor":21,"turns":5},{"damage":22,"enemies":"Centurion and Healer","floor":22,"turns":4}],"seed_played":"8006458393529430639","potions_obtained":[{"floor":4.0,"key":"Energy Potion"},{"floor":11.0,"key":"Fruit Juice"},{"floor":12.0,"key":"Swift Potion"},{"floor":16.0,"key":"EssenceOfSteel"},{"floor":20,"key":"Energy Potion"}],"is_trial":false,"path_per_floor":["M","M","?","M","$","R","$","E","T","$","M","M","R","M","R","B",null,"M","M","M","M","M"],"character_chosen":"IRONCLAD","items_purchased":["Impervious"],"campfire_rested":1,"item_purchase_floors":[5],"current_hp_per_floor":[58,63,63,67,67,67,67,16,16,16,27,27,27,22,47,15,85,76,66,31,21,0],"gold":193,"neow_bonus":"THREE_RARE_CARDS","is_prod":false,"is_daily":false,"chose_seed":false,"campfire_upgraded":2,"win_rate":0,"timestamp":1567566983,"path_taken":["M","M","?","?","?","R","$","E","T","$","M","M","R","M","R","BOSS","M","M","M","M","M"],"build_version":"2019-07-17","purchased_purges":0,"victory":false,"max_hp_per_floor":[80,80,80,80,80,80,80,80,80,80,85,85,85,85,85,85,85,85,85,85,85,85],"card_choices":[{"not_picked":["Dark Embrace","Exhume"],"picked":"Double Tap","floor":0.0},{"not_picked":["True Grit","Cleave"],"picked":"Shrug It Off","floor":1.0},{"not_picked":["Rampage","Sever Soul"],"picked":"Flex","floor":2.0},{"not_picked":["Anger","Second Wind","Dark Embrace"],"picked":"SKIP","floor":4.0},{"not_picked":["Anger","Disarm"],"picked":"Metallicize","floor":8.0},{"not_picked":["Infernal Blade","Iron Wave","Wild Strike","Feel No Pain"],"picked":"SKIP","floor":11.0},{"not_picked":["Reckless Charge","Sword Boomerang","Fire Breathing"],"picked":"Perfected Strike","floor":12.0},{"not_picked":["Headbutt","Thunderclap","Twin Strike"],"picked":"Battle Trance","floor":14.0},{"not_picked":["Reaper","Limit Break","Juggernaut"],"picked":"Barricade","floor":16.0},{"not_picked":["Headbutt+1","Clash","Twin Strike","Clothesline+1"],"picked":"SKIP","floor":18.0},{"not_picked":["Body Slam","Combust","Shrug It Off"],"picked":"Sword Boomerang+1","floor":19},{"not_picked":["Searing Blow","Pommel Strike","Evolve"],"picked":"Twin Strike+1","floor":20},{"not_picked":["True Grit","Inflame","Flex"],"picked":"Armaments+1","floor":21}],"player_experience":576565,"relics_obtained":[{"floor":8.0,"key":"Ornamental Fan"},{"floor":9.0,"key":"Question Card"}],"event_choices":[{"damage_healed":0.0,"max_hp_gain":0.0,"max_hp_loss":0.0,"gold_gain":0.0,"event_name":"Accursed Blacksmith","player_choice":"Forge","floor":3.0,"gold_loss":0.0,"damage_taken":0.0,"cards_upgraded":["Double Tap"]}],"is_beta":false,"boss_relics":[{"not_picked":["Philosopher\u0027s Stone","Astrolabe"],"picked":"Velvet Choker"}],"items_purged_floors":[],"is_endless":false,"potions_floor_spawned":[4,11,12,16,20],"killed_by":"Centurion and Healer","ascension_level":0}