{"gold_per_floor":[12,30,47,65,83,83,83,83,83,109,125,141,158,174,174,274,274,288,305,322,322,340,340,368,368,436,436],"floor_reached":27,"playtime":1983,"items_purged":[],"score":241,"play_id":"2b0e4870-3062-41ad-9a39-5aaf33dc6ba2","local_time":"20180721180704","is_ascension_mode":false,"campfire_choices":[{"data":"Iron Wave","floor":6,"key":"SMITH"},{"data":"Thunderclap","floor":8,"key":"SMITH"},{"data":"Flex","floor":15,"key":"SMITH"},{"floor":23,"key":"REST"},{"data":"Fiend Fire","floor":25,"key":"SMITH"}],"neow_cost":"NO_GOLD","seed_source_timestamp":681210860959535,"circlet_count":0,"master_deck":["Strike_R","Strike_R","Strike_R","Strike_R","Defend_R","Defend_R","Defend_R","Bash","Iron Wave+1","Thunderclap+1","Iron Wave+1","Pummel","Flex+1","Clash","Pommel Strike","Double Tap","Iron Wave","Flex","Rampage+1","Flex+1","Fiend Fire+1"],"relics":["Burning Blood","Blood Vial","Pen Nib","Eternal Feather","Meat on the Bone","Dodecahedron"],"potions_floor_usage":[4,14,20,22,24],"damage_taken":[{"damage":3,"enemies":"Cultist","floor":1,"turns":5},{"damage":15,"enemies":"Jaw Worm","floor":2,"turns":5},{"damage":3,"enemies":"Small Slimes","floor":3,"turns":3},{"damage":7,"enemies":"3 Louse","floor":4,"turns":5},{"damage":9,"enemies":"2 Fungi Beasts","floor":5,"turns":3},{"damage":12,"enemies":"Lagavulin","floor":10,"turns":8},{"damage":4,"enemies":"Lots of Slimes","floor":11,"turns":3},{"damage":1,"enemies":"Red Slaver","floor":12,"turns":2},{"damage":0,"enemies":"Blue Slaver","floor":13,"turns":2},{"damage":0,"enemies":"Gremlin Gang","floor":14,"turns":3},{"damage":46,"enemies":"Hexaghost","floor":16,"turns":9},{"damage":3,"enemies":"Chosen","floor":18,"turns":3},{"damage":17,"enemies":"Spheric Guardian","floor":19,"turns":4},{"damage":19,"enemies":"Snake Plant","floor":20,"turns":5},{"damage":30,"enemies":"Slaver and Parasite","floor":22,"turns":5},{"damage":57,"enemies":"Book of Stabbing","floor":24,"turns":6},{"damage":34,"enemies":"Centurion and Healer","floor":27,"turns":3}],"seed_played":"-7424187940205444409","potions_obtained":[{"floor":1,"key":"Block Potion"},{"floor":2,"key":"Regen Potion"},{"floor":3,"key":"GamblersBrew"},{"floor":10,"key":"AttackPotion"},{"floor":14,"key":"PowerPotion"},{"floor":20,"key":"BloodPotion"}],"is_trial":false,"path_per_floor":["M","M","M","M","M","R","?","R","T","E","M","M","M","M","R","B",null,"M","M","M","?","M","R","E","R","T"],"character_chosen":"IRONCLAD","items_purchased":[],"campfire_rested":1,"item_purchase_floors":[],"current_hp_per_floor":[80,71,74,80,77,77,77,77,77,73,77,80,80,80,80,40,80,80,69,58,43,29,66,17,29,29,0],"gold":436,"neow_bonus":"REMOVE_TWO","is_prod":false,"is_daily":false,"chose_seed":false,"campfire_upgraded":4,"win_rate":0.0,"timestamp":1532210824,"path_taken":["M","M","M","M","M","R","?","R","T","E","M","M","M","M","R","BOSS","M","M","M","?","M","R","E","R","T","M"],"build_version":"2018-07-19v2","purchased_purges":0,"victory":false,"max_hp_per_floor":[80,80,80,80,80,80,80,80,80,80,80,80,80,80,80,80,80,80,80,80,85,85,85,85,85,85,85],"card_choices":[{"not_picked":["Shockwave","True Grit","Sword Boomerang"],"picked":"SKIP","floor":1},{"not_picked":["Sever Soul","Headbutt"],"picked":"Iron Wave","floor":2},{"not_picked":["Sword Boomerang","Perfected Strike","Body Slam"],"picked":"SKIP","floor":3},{"not_picked":["Flame Barrier","Warcry"],"picked":"Thunderclap","floor":4},{"not_picked":["Flame Barrier","Armaments"],"picked":"Iron Wave","floor":5},{"not_picked":["Headbutt","Heavy Blade"],"picked":"Pummel","floor":10},{"not_picked":["True Grit","Berserk","Perfected Strike"],"picked":"SKIP","floor":11},{"not_picked":["Pommel Strike","Armaments"],"picked":"Flex","floor":12},{"not_picked":["Flex","Sword Boomerang"],"picked":"Clash","floor":13},{"not_picked":["Anger","Carnage"],"picked":"Pommel Strike","floor":14},{"not_picked":["Berserk","Dark Embrace"],"picked":"Double Tap","floor":16},{"not_picked":["Flex","Warcry"],"picked":"Iron Wave","floor":18},{"not_picked":["Headbutt","Armaments"],"picked":"Flex","floor":19},{"not_picked":["Seeing Red","Ghostly Armor+1"],"picked":"Rampage+1","floor":20},{"not_picked":["Pommel Strike","Shrug It Off"],"picked":"Flex+1","floor":22},{"not_picked":["Anger","Thunderclap+1"],"picked":"Fiend Fire","floor":24}],"player_experience":19545,"relics_obtained":[{"floor":9,"key":"Blood Vial"},{"floor":10,"key":"Pen Nib"},{"floor":24,"key":"Meat on the Bone"},{"floor":26,"key":"Dodecahedron"}],"event_choices":[{"event_name":"Living Wall","player_choice":"Grow","floor":7,"damage_taken":0},{"event_name":"Forgotten Altar","player_choice":"Shed Blood","floor":21,"damage_taken":0}],"is_beta":false,"boss_relics":[{"not_picked":["Ectoplasm","Mark of Pain"],"picked":"Eternal Feather"}],"items_purged_floors":[],"is_endless":false,"potions_floor_spawned":[1,2,3,10,13,14,18,20],"killed_by":"Centurion and Healer","ascension_level":0}