{"gold_per_floor":[115,135,135,135,150,150,166,166,166,166,186,186,202,377,377,475,475,487,506,506,506,520,551,551,577,577,492,492,506,506,524,524,621,621,640,640,656,656,673,673,708,727,727,35,55,74,91,106,106,106],"floor_reached":51,"playtime":1919,"items_purged":[],"score":1166,"play_id":"f4cc7dc8-dc9f-4ba5-be46-9eddbaf4fa41","local_time":"20190608220554","is_ascension_mode":true,"campfire_choices":[{"data":"Shrug It Off","floor":6.0,"key":"SMITH"},{"data":"Shrug It Off","floor":8.0,"key":"SMITH"},{"floor":10.0,"key":"REST"},{"data":"Bash","floor":15.0,"key":"SMITH"},{"floor":24.0,"key":"REST"},{"floor":28.0,"key":"REST"},{"floor":30.0,"key":"REST"},{"floor":32.0,"key":"REST"},{"floor":40.0,"key":"REST"},{"data":"Limit Break","floor":49,"key":"SMITH"}],"neow_cost":"PERCENT_DAMAGE","seed_source_timestamp":21005034884211,"circlet_count":0,"master_deck":["AscendersBane","Strike_R+1","Strike_R+1","Strike_R+1","Strike_R+1","Strike_R+1","Defend_R+1","Defend_R+1","Defend_R+1","Bash+1","Perfected Strike+1","Shrug It Off+1","Shrug It Off+1","Doubt","Demon Form","Perfected Strike","Twin Strike+1","Reaper+1","Perfected Strike+1","Twin Strike+1","Limit Break+1","Clumsy","Dropkick+1"],"special_seed":0,"relics":["Burning Blood","Pocketwatch","Ginger","Singing Bowl","Sozu","Frozen Egg 2","Orichalcum","Red Skull","Molten Egg 2","Cursed Key","FaceOfCleric","Pen Nib","The Courier","Bag of Preparation","PreservedInsect","Torii","Blue Candle"],"potions_floor_usage":[],"damage_taken":[{"damage":4.0,"enemies":"Small Slimes","floor":1.0,"turns":4.0},{"damage":7.0,"enemies":"Jaw Worm","floor":2.0,"turns":3.0},{"damage":0.0,"enemies":"2 Louse","floor":5.0,"turns":2.0},{"damage":8.0,"enemies":"Blue Slaver","floor":7.0,"turns":3.0},{"damage":0.0,"enemies":"2 Fungi Beasts","floor":11.0,"turns":3.0},{"damage":1.0,"enemies":"Large Slime","floor":13.0,"turns":4.0},{"damage":69.0,"enemies":"The Guardian","floor":16.0,"turns":10.0},{"damage":33.0,"enemies":"3 Byrds","floor":18.0,"turns":7.0},{"damage":17.0,"enemies":"2 Thieves","floor":19.0,"turns":4.0},{"damage":24.0,"enemies":"Snake Plant","floor":22.0,"turns":5.0},{"damage":38.0,"enemies":"Book of Stabbing","floor":23.0,"turns":6.0},{"damage":29.0,"enemies":"Slavers","floor":25.0,"turns":6.0},{"damage":25.0,"enemies":"Centurion and Healer","floor":29.0,"turns":4.0},{"damage":26.0,"enemies":"Cultist and Chosen","floor":31.0,"turns":5.0},{"damage":57.0,"enemies":"Champ","floor":33.0,"turns":10.0},{"damage":4.0,"enemies":"3 Shapes","floor":35.0,"turns":5.0},{"damage":5.0,"enemies":"Orb Walker","floor":37.0,"turns":2.0},{"damage":44.0,"enemies":"Writhing Mass","floor":39.0,"turns":4.0},{"damage":67.0,"enemies":"Nemesis","floor":41.0,"turns":7.0},{"damage":29,"enemies":"Jaw Worm Horde","floor":42,"turns":3},{"damage":1,"enemies":"Spire Growth","floor":45,"turns":2},{"damage":9,"enemies":"4 Shapes","floor":46,"turns":4},{"damage":18,"enemies":"3 Darklings","floor":47,"turns":5},{"damage":14,"enemies":"Sphere and 2 Shapes","floor":48,"turns":5},{"damage":118,"enemies":"Awakened One","floor":50,"turns":9}],"seed_played":"-3650972608257516075","potions_obtained":[{"floor":1.0,"key":"Fire Potion"},{"floor":5.0,"key":"BloodPotion"},{"floor":7.0,"key":"Ancient Potion"}],"is_trial":false,"path_per_floor":["M","M","?","T","M","R","M","R","T","R","M","$","M","?","R","B",null,"M","M","?","?","M","E","R","E","T","?","R","M","R","M","R","B",null,"M","?","M","?","M","R","E","M","T","$","M","M","M","M","R","B",null],"character_chosen":"IRONCLAD","items_purchased":["Bag of Preparation","PreservedInsect","Torii","Blue Candle"],"campfire_rested":6,"item_purchase_floors":[44,44,44,44],"current_hp_per_floor":[53,52,36,36,42,42,48,48,48,72,80,80,84,84,84,21,68,43,34,34,63,47,17,44,21,21,21,48,29,56,38,66,15,74,83,83,92,92,57,87,32,39,39,39,47,91,103,108,108,13],"gold":106,"neow_bonus":"ONE_RARE_RELIC","is_prod":false,"is_daily":false,"chose_seed":false,"campfire_upgraded":4,"win_rate":0,"timestamp":1560045954,"path_taken":["M","M","?","?","M","R","M","R","T","R","M","$","M","?","R","BOSS","M","M","?","?","M","E","R","E","T","?","R","M","R","M","R","BOSS","M","?","?","?","M","R","E","?","T","$","?","M","M","M","R","BOSS"],"build_version":"2019-01-23","purchased_purges":0,"victory":true,"max_hp_per_floor":[80,80,80,80,80,80,80,80,80,80,82,82,84,84,84,84,84,86,88,88,88,90,92,92,92,92,92,92,92,92,94,94,94,94,96,96,97,97,100,100,101,102,102,102,105,108,111,112,112,113],"card_choices":[{"not_picked":["Uppercut","Cleave"],"picked":"Perfected Strike","floor":1.0},{"not_picked":["Armaments","Clash"],"picked":"Shrug It Off","floor":2.0},{"not_picked":["Twin Strike","Anger"],"picked":"Shrug It Off","floor":5.0},{"not_picked":["Offering","Armaments","Warcry"],"picked":"SKIP","floor":7.0},{"not_picked":["Bloodletting","Carnage","Fire Breathing"],"picked":"Singing Bowl","floor":11.0},{"not_picked":["Pummel","Warcry","Cleave"],"picked":"Singing Bowl","floor":13.0},{"not_picked":["Berserk","Offering"],"picked":"Demon Form","floor":16.0},{"not_picked":["Thunderclap","Wild Strike","Shrug It Off"],"picked":"Singing Bowl","floor":18.0},{"not_picked":["Corruption","Rupture+1","Entrench+1"],"picked":"Singing Bowl","floor":19.0},{"not_picked":["Clothesline","Anger","Sword Boomerang"],"picked":"Singing Bowl","floor":22.0},{"not_picked":["Anger+1","Ghostly Armor","Warcry"],"picked":"Singing Bowl","floor":23.0},{"not_picked":["Feed","Bloodletting"],"picked":"Perfected Strike","floor":25.0},{"not_picked":["Flame Barrier","Wild Strike+1"],"picked":"Twin Strike+1","floor":29.0},{"not_picked":["Feel No Pain+1","Sword Boomerang+1","Havoc+1"],"picked":"Singing Bowl","floor":31.0},{"not_picked":["Immolate+1","Offering"],"picked":"Reaper+1","floor":33.0},{"not_picked":["Flex","Sword Boomerang+1","Pommel Strike+1"],"picked":"Singing Bowl","floor":35.0},{"not_picked":["True Grit","Searing Blow+1"],"picked":"Perfected Strike+1","floor":37.0},{"not_picked":["Havoc","Wild Strike+1","Warcry"],"picked":"Singing Bowl","floor":39.0},{"not_picked":["Headbutt+1","Shrug It Off+1"],"picked":"Twin Strike+1","floor":41.0},{"not_picked":["Combust+1","Reckless Charge+1"],"picked":"Limit Break","floor":42},{"not_picked":["Carnage+1","Second Wind+1","Havoc+1"],"picked":"Singing Bowl","floor":45},{"not_picked":["Warcry","Fire Breathing+1","Ghostly Armor"],"picked":"Singing Bowl","floor":46},{"not_picked":["Pommel Strike+1","Clash+1","Evolve+1"],"picked":"Singing Bowl","floor":47},{"not_picked":["Shrug It Off+1","Anger+1"],"picked":"Dropkick+1","floor":48}],"player_experience":339475,"relics_obtained":[{"floor":4.0,"key":"Ginger"},{"floor":9.0,"key":"Singing Bowl"},{"floor":23.0,"key":"Frozen Egg 2"},{"floor":25.0,"key":"Orichalcum"},{"floor":26.0,"key":"Red Skull"},{"floor":41.0,"key":"Pen Nib"},{"floor":43,"key":"The Courier"}],"event_choices":[{"damage_healed":0.0,"max_hp_gain":0.0,"max_hp_loss":0.0,"gold_gain":0.0,"event_name":"Shining Light","player_choice":"Entered Light","floor":3.0,"gold_loss":0.0,"damage_taken":16.0,"cards_upgraded":["Perfected Strike","Strike_R"]},{"damage_healed":0.0,"max_hp_gain":0.0,"max_hp_loss":0.0,"gold_gain":175.0,"event_name":"Liars Game","player_choice":"AGREE","floor":14.0,"gold_loss":0.0,"damage_taken":0.0,"cards_obtained":["Doubt"]},{"damage_healed":0.0,"max_hp_gain":0.0,"max_hp_loss":0.0,"gold_gain":0.0,"event_name":"Back to Basics","player_choice":"Simplicity","floor":20.0,"gold_loss":0.0,"damage_taken":0.0,"cards_upgraded":["Strike_R","Strike_R","Strike_R","Strike_R","Defend_R","Defend_R","Defend_R","Defend_R"]},{"damage_healed":29.0,"max_hp_gain":0.0,"max_hp_loss":0.0,"gold_gain":0.0,"event_name":"The Library","player_choice":"Heal","floor":21.0,"gold_loss":0.0,"damage_taken":0.0},{"damage_healed":0.0,"max_hp_gain":0.0,"max_hp_loss":0.0,"gold_gain":0.0,"event_name":"Addict","player_choice":"Obtained Relic","floor":27.0,"gold_loss":85.0,"damage_taken":0.0,"relics_obtained":["Molten Egg 2"]},{"damage_healed":0.0,"max_hp_gain":0.0,"max_hp_loss":0.0,"gold_gain":0.0,"event_name":"FaceTrader","player_choice":"Trade","floor":36.0,"gold_loss":0.0,"damage_taken":0.0,"relics_obtained":["FaceOfCleric"]},{"cards_removed":["Defend_R"],"damage_healed":0.0,"max_hp_gain":0.0,"max_hp_loss":0.0,"gold_gain":0.0,"event_name":"Bonfire Elementals","player_choice":"Offered Basic","floor":38.0,"gold_loss":0.0,"damage_taken":0.0}],"is_beta":false,"boss_relics":[{"not_picked":["Runic Pyramid","Lizard Tail"],"picked":"Sozu"},{"not_picked":["Eternal Feather","Runic Cube"],"picked":"Cursed Key"}],"items_purged_floors":[],"is_endless":false,"potions_floor_spawned":[1,5,7,23,25,33,35,41,46,48],"ascension_level":11}