{"gold_per_floor":[109,121,135,135,158,193,193,216,242,262,227,263,45,69,69,190,190,206,26,46,1,1,1,24,38,38,38,38,61,61,81,81,205,205,225,150,166,224,36,36,36,36,63,63,63,63,81,97,97,97],"floor_reached":51,"playtime":10304,"items_purged":["Injury","Well Laid Plans"],"score":634,"play_id":"80e1e4b8-a8bc-44ac-8138-6ffecb9747df","local_time":"20180916003500","is_ascension_mode":false,"campfire_choices":[{"floor":7,"key":"REST"},{"data":"Backstab","floor":15,"key":"SMITH"},{"data":"Flechettes","floor":23,"key":"SMITH"},{"floor":28,"key":"REST"},{"data":"Neutralize","floor":30,"key":"SMITH"},{"floor":32,"key":"REST"},{"floor":40,"key":"REST"},{"data":"Burst","floor":42,"key":"SMITH"},{"data":"Tactician","floor":49,"key":"SMITH"}],"neow_cost":"","seed_source_timestamp":177722505194580,"circlet_count":0,"master_deck":["Defend_G","Defend_G","Defend_G","Defend_G","Defend_G","Strike_G","Strike_G","Strike_G","Strike_G","Strike_G","Survivor","Neutralize+1","Poisoned Stab","Quick Slash","Footwork","Endless Agony","Backflip","Backstab+1","Acrobatics","Quick Slash","PanicButton","Dash","PiercingWail","Adrenaline","Sucker Punch","Flechettes+1","Good Instincts","Dagger Throw+1","Underhanded Strike","Backstab","Tactician+1","Footwork","Burst+1","After Image","Footwork","Prepared+1","Tactician+1","Eviscerate+1","Deflect","Flying Knee+1","Dagger Spray+1","All Out Attack+1","Dark Shackles","After Image","Underhanded Strike","Adrenaline"],"relics":["Ring of the Snake","Golden Idol","Juzu Bracelet","PreservedInsect","Runic Pyramid","Nloth\u0027s Gift","Kunai","Orrery","WingedGreaves","Pen Nib"],"potions_floor_usage":[12,12,16,16,29,33,50,50,50],"damage_taken":[{"damage":3,"enemies":"Jaw Worm","floor":1,"turns":4},{"damage":1,"enemies":"Cultist","floor":2,"turns":4},{"damage":0,"enemies":"Small Slimes","floor":3,"turns":3},{"damage":4,"enemies":"3 Louse","floor":5,"turns":6},{"damage":27,"enemies":"Gremlin Nob","floor":6,"turns":5},{"damage":0,"enemies":"Large Slime","floor":8,"turns":5},{"damage":3,"enemies":"Red Slaver","floor":10,"turns":4},{"damage":12,"enemies":"3 Sentries","floor":12,"turns":10},{"damage":2,"enemies":"Gremlin Gang","floor":14,"turns":4},{"damage":36,"enemies":"Slime Boss","floor":16,"turns":15},{"damage":0,"enemies":"Spheric Guardian","floor":18,"turns":4},{"damage":0,"enemies":"Chosen","floor":20,"turns":3},{"damage":23,"enemies":"Shelled Parasite and Fungi","floor":24,"turns":6},{"damage":11,"enemies":"Centurion and Healer","floor":25,"turns":4},{"damage":2,"enemies":"Snecko","floor":29,"turns":6},{"damage":10,"enemies":"3 Cultists","floor":31,"turns":6},{"damage":80,"enemies":"Champ","floor":33,"turns":19},{"damage":13,"enemies":"3 Darklings","floor":35,"turns":11},{"damage":7,"enemies":"Orb Walker","floor":37,"turns":4},{"damage":9,"enemies":"Mysterious Sphere","floor":38,"turns":7},{"damage":3,"enemies":"Reptomancer","floor":47,"turns":8},{"damage":2,"enemies":"Maw","floor":48,"turns":11},{"damage":21,"enemies":"Awakened One","floor":50,"turns":33}],"seed_played":"4528459054429293643","potions_obtained":[{"floor":3,"key":"FairyPotion"},{"floor":5,"key":"SpeedPotion"},{"floor":8,"key":"SneckoOil"},{"floor":12,"key":"Block Potion"},{"floor":14,"key":"Regen Potion"},{"floor":20,"key":"SmokeBomb"},{"floor":25,"key":"Weak Potion"},{"floor":31,"key":"Energy Potion"},{"floor":35,"key":"EssenceOfSteel"},{"floor":38,"key":"Dexterity Potion"},{"floor":44,"key":"SpeedPotion"}],"is_trial":false,"path_per_floor":["M","M","M","?","M","E","R","M","T","M","?","E","$","M","R","B",null,"M","$","M","$","?","R","M","M","T","?","R","M","R","M","R","B",null,"M","$","M","?","$","R","?","R","T","?","$","$","M","M","R","B"],"character_chosen":"THE_SILENT","items_purchased":["PanicButton","Well Laid Plans","Dash","Flechettes","Good Instincts","Underhanded Strike","Dark Shackles"],"campfire_rested":4,"item_purchase_floors":[13,13,13,19,19,21,39],"current_hp_per_floor":[67,66,66,66,62,35,56,56,56,53,70,58,58,56,56,35,70,70,70,70,70,70,70,47,36,36,36,57,55,55,45,66,7,70,57,57,50,41,41,62,62,62,62,62,62,62,59,57,57,36],"gold":97,"neow_bonus":"","is_prod":false,"is_daily":false,"chose_seed":false,"campfire_upgraded":5,"win_rate":0.0,"timestamp":1537050900,"path_taken":["M","M","M","?","M","E","R","M","T","M","?","E","$","M","R","BOSS","M","$","M","$","?","R","M","M","T","?","R","M","R","M","R","BOSS","M","$","M","?","$","R","?","R","T","?","?","$","M","M","R","BOSS"],"build_version":"2018-09-06","purchased_purges":2,"victory":true,"max_hp_per_floor":[70,70,70,70,70,70,70,70,70,70,70,70,70,70,70,70,70,70,70,70,70,70,70,70,70,70,70,70,70,70,70,70,70,70,70,70,70,70,70,70,70,70,70,70,70,70,70,70,70,70],"card_choices":[{"not_picked":["Dagger Spray","Masterful Stab"],"picked":"Poisoned Stab","floor":1},{"not_picked":["Poisoned Stab","Outmaneuver"],"picked":"Quick Slash","floor":2},{"not_picked":["Noxious Fumes","Dodge and Roll"],"picked":"Footwork","floor":3},{"not_picked":["Poisoned Stab","Deflect"],"picked":"Endless Agony","floor":5},{"not_picked":["Prepared","Distraction"],"picked":"Backflip","floor":6},{"not_picked":["Calculated Gamble","Poisoned Stab"],"picked":"Backstab","floor":8},{"not_picked":["Distraction","Dagger Spray"],"picked":"Acrobatics","floor":10},{"not_picked":["Envenom","Backflip"],"picked":"Quick Slash","floor":12},{"not_picked":["Dodge and Roll","Backflip"],"picked":"PiercingWail","floor":14},{"not_picked":["Tools of the Trade","Malaise"],"picked":"Adrenaline","floor":16},{"not_picked":["Acrobatics","Quick Slash"],"picked":"Sucker Punch","floor":18},{"not_picked":["Finisher","All Out Attack"],"picked":"Dagger Throw+1","floor":20},{"not_picked":["Envenom","Flying Knee"],"picked":"Backstab","floor":24},{"not_picked":["Deadly Poison","Backflip"],"picked":"Tactician+1","floor":25},{"not_picked":["Blade Dance","Underhanded Strike+1"],"picked":"Footwork","floor":29},{"not_picked":["Prepared+1","Dagger Spray"],"picked":"Burst","floor":31},{"not_picked":["Night Terror","Envenom"],"picked":"After Image","floor":33},{"not_picked":["Quick Slash","Underhanded Strike+1"],"picked":"Footwork","floor":34},{"not_picked":["Sucker Punch","Bouncing Flask"],"picked":"Prepared+1","floor":34},{"not_picked":["Prepared","Sucker Punch"],"picked":"Tactician","floor":34},{"not_picked":["Deflect","After Image"],"picked":"Eviscerate+1","floor":34},{"not_picked":["Backflip","Burst"],"picked":"Deflect","floor":34},{"not_picked":["Quick Slash+1","Backflip+1"],"picked":"Flying Knee+1","floor":35},{"not_picked":["Deadly Poison","Acrobatics"],"picked":"Dagger Spray+1","floor":37},{"not_picked":["Phantasmal Killer","Flying Knee"],"picked":"All Out Attack+1","floor":38},{"not_picked":["Poisoned Stab+1","Backflip+1"],"picked":"Underhanded Strike","floor":47},{"not_picked":["Underhanded Strike+1","Dodge and Roll+1"],"picked":"Adrenaline","floor":48}],"player_experience":2606,"relics_obtained":[{"floor":6,"key":"Bronze Scales"},{"floor":9,"key":"Juzu Bracelet"},{"floor":12,"key":"PreservedInsect"},{"floor":26,"key":"Kunai"},{"floor":38,"key":"WingedGreaves"},{"floor":43,"key":"Pen Nib"}],"event_choices":[{"event_name":"Golden Idol","player_choice":"Take Wound","floor":4,"damage_taken":0},{"event_name":"The Cleric","player_choice":"Healed","floor":11,"damage_taken":0},{"event_name":"N\u0027loth","player_choice":"Traded a Bronze Scales","floor":22,"damage_taken":0},{"event_name":"The Mausoleum","player_choice":"No","floor":27,"damage_taken":0},{"event_name":"Mysterious Sphere","player_choice":"Fight","floor":38,"damage_taken":0},{"event_name":"Match and Keep!","player_choice":"1 cards matched","floor":41,"damage_taken":0},{"event_name":"The Lab","player_choice":"Got Potions","floor":44,"damage_taken":0}],"is_beta":false,"boss_relics":[{"not_picked":["WristBlade","Runic Dome"],"picked":"Runic Pyramid"},{"not_picked":["Ring of the Serpent","Lizard Tail"],"picked":"Orrery"}],"items_purged_floors":[36,39],"is_endless":false,"potions_floor_spawned":[3,5,8,12,14,20,25,31,35,38,47],"ascension_level":0}