{"gold_per_floor":[365,139,314,314,54,54,89,108,161,161,161,11,11],"floor_reached":13,"playtime":905,"items_purged":["Pain"],"score":91,"play_id":"e689d7c9-c8d2-46c6-aa58-d33a9e130bdd","local_time":"20190909142127","is_ascension_mode":true,"campfire_choices":[{"floor":6,"key":"RECALL"},{"floor":10,"key":"REST"}],"neow_cost":"CURSE","seed_source_timestamp":445180303594800,"circlet_count":0,"master_deck":["Strike_G","Strike_G","Strike_G","Strike_G","Strike_G","Defend_G","Defend_G","Defend_G+1","Defend_G","Defend_G","Survivor","Neutralize","Reflex","Dash","Reflex+1"],"relics":["Ring of the Snake","Oddly Smooth Stone","Mummified Hand","Bag of Marbles","War Paint","Omamori"],"potions_floor_usage":[],"damage_taken":[{"damage":5,"enemies":"Small Slimes","floor":1,"turns":4},{"damage":51,"enemies":"3 Sentries","floor":7,"turns":22},{"damage":0,"enemies":"Jaw Worm","floor":8,"turns":4},{"damage":32,"enemies":"Lagavulin","floor":13,"turns":11}],"seed_played":"-3065767601456797095","potions_obtained":[{"floor":7,"key":"PowerPotion"}],"is_trial":false,"path_per_floor":["M","$","?","?","$","R","E","M","T","R","?","$","E"],"character_chosen":"THE_SILENT","items_purchased":["Oddly Smooth Stone","Mummified Hand","Omamori"],"campfire_rested":1,"item_purchase_floors":[2,5,12],"current_hp_per_floor":[65,65,65,58,58,58,7,7,7,28,28,28,0],"gold":11,"neow_bonus":"TWO_FIFTY_GOLD","is_prod":false,"is_daily":false,"chose_seed":false,"campfire_upgraded":0,"win_rate":0,"timestamp":1568056887,"path_taken":["M","$","?","?","$","R","E","M","T","R","?","$","E"],"build_version":"2019-07-17","purchased_purges":1,"victory":false,"max_hp_per_floor":[70,70,70,70,70,70,70,70,70,70,70,70,70],"card_choices":[{"not_picked":["Outmaneuver","Escape Plan"],"picked":"Reflex","floor":1},{"not_picked":["Deadly Poison","Dodge and Roll"],"picked":"Dash","floor":7},{"not_picked":["Quick Slash","Choke"],"picked":"Reflex","floor":8}],"player_experience":302649,"relics_obtained":[{"floor":7,"key":"Bag of Marbles"}],"event_choices":[{"damage_healed":0,"gold_gain":175,"player_choice":"AGREE","damage_taken":0,"max_hp_gain":0,"max_hp_loss":0,"event_name":"Liars Game","floor":3,"gold_loss":0,"cards_obtained":["Doubt"]},{"cards_removed":["Doubt"],"damage_healed":0,"gold_gain":0,"player_choice":"Card Removal","damage_taken":7,"max_hp_gain":0,"max_hp_loss":0,"event_name":"Golden Wing","floor":4,"gold_loss":0},{"damage_healed":0,"gold_gain":0,"player_choice":"Gave Potion","damage_taken":0,"relics_obtained":["War Paint"],"max_hp_gain":0,"max_hp_loss":0,"event_name":"WeMeetAgain","floor":11,"gold_loss":0}],"is_beta":false,"boss_relics":[],"items_purged_floors":[2],"is_endless":false,"potions_floor_spawned":[7],"killed_by":"Lagavulin","ascension_level":3}