{"gold_per_floor":[116,136,35,35,50,79,79,106,153,183,202,218,245,262,262,363,363,376,396,118,118,128,155,167,42,42,68,88,88,117,117,117,213,213,231,242,255,255,255,289,289,321,393,32,32,64,64,79,79,79],"floor_reached":51,"playtime":8117,"items_purged":["Strike_G","Strike_G","Strike_G"],"score":1138,"play_id":"71cf628e-b947-4354-a672-dc4a210f4645","local_time":"20181006161813","is_ascension_mode":true,"campfire_choices":[{"floor":7.0,"key":"REST"},{"floor":15.0,"key":"REST"},{"floor":29.0,"key":"REST"},{"data":"Noxious Fumes","floor":32.0,"key":"SMITH"},{"floor":41.0,"key":"REST"},{"floor":49.0,"key":"REST"}],"neow_cost":"PERCENT_DAMAGE","seed_source_timestamp":0,"circlet_count":0,"master_deck":["Defend_G","Defend_G","Defend_G","Defend_G","Defend_G","Strike_G","Survivor","Neutralize","Backflip","Dagger Throw","Dagger Throw","Terror","PiercingWail","Cloak And Dagger","Cloak And Dagger","Blur","Noxious Fumes+1","Prepared+1","Malaise","Bane","Deadly Poison","Quick Slash","Masterful Stab+1","Outmaneuver+1","Deadly Poison","Well Laid Plans+1","Tools of the Trade+1","Deflect+1","Bane+1","Footwork+1","Bane","Corpse Explosion+1","Sucker Punch"],"special_seed":0,"relics":["Ring of the Snake","Pantograph","Potion Belt","Bag of Preparation","Darkstone Periapt","Pen Nib","Velvet Choker","Oddly Smooth Stone","Frozen Egg 2","Question Card","Omamori","Ancient Tea Set","Letter Opener","Busted Crown","Snake Skull","Lantern","Mercury Hourglass","War Paint","Torii"],"potions_floor_usage":[50,50,50],"damage_taken":[{"damage":0.0,"enemies":"Small Slimes","floor":1.0,"turns":3.0},{"damage":0.0,"enemies":"Cultist","floor":2.0,"turns":4.0},{"damage":0.0,"enemies":"2 Louse","floor":5.0,"turns":2.0},{"damage":29.0,"enemies":"Lagavulin","floor":6.0,"turns":9.0},{"damage":22.0,"enemies":"3 Sentries","floor":8.0,"turns":12.0},{"damage":17.0,"enemies":"Lagavulin","floor":10.0,"turns":5.0},{"damage":3.0,"enemies":"Red Slaver","floor":11.0,"turns":3.0},{"damage":1.0,"enemies":"Exordium Thugs","floor":12.0,"turns":8.0},{"damage":0.0,"enemies":"3 Sentries","floor":13.0,"turns":8.0},{"damage":0.0,"enemies":"Looter","floor":14.0,"turns":4.0},{"damage":2.0,"enemies":"The Guardian","floor":16.0,"turns":11.0},{"damage":1.0,"enemies":"2 Thieves","floor":18.0,"turns":5.0},{"damage":15.0,"enemies":"Spheric Guardian","floor":19.0,"turns":4.0},{"damage":0.0,"enemies":"Cultist and Chosen","floor":22.0,"turns":4.0},{"damage":1.0,"enemies":"Book of Stabbing","floor":23.0,"turns":6.0},{"damage":1.0,"enemies":"Chosen and Byrds","floor":24.0,"turns":5.0},{"damage":20.0,"enemies":"Slavers","floor":27.0,"turns":10.0},{"damage":11.0,"enemies":"Snake Plant","floor":28.0,"turns":5.0},{"damage":0.0,"enemies":"Gremlin Leader","floor":30.0,"turns":4.0},{"damage":79.0,"enemies":"Champ","floor":33.0,"turns":13.0},{"damage":4.0,"enemies":"3 Darklings","floor":35.0,"turns":5.0},{"damage":0.0,"enemies":"3 Shapes","floor":36.0,"turns":5.0},{"damage":12.0,"enemies":"Sphere and 2 Shapes","floor":37.0,"turns":6.0},{"damage":45.0,"enemies":"Giant Head","floor":40.0,"turns":8.0},{"damage":0.0,"enemies":"Nemesis","floor":42.0,"turns":7.0},{"damage":19.0,"enemies":"2 Orb Walkers","floor":46.0,"turns":3.0},{"damage":0.0,"enemies":"4 Shapes","floor":48.0,"turns":4.0},{"damage":31,"enemies":"Donu and Deca","floor":50,"turns":6}],"seed_played":"-8742152303364896895","potions_obtained":[{"floor":5.0,"key":"AttackPotion"},{"floor":6.0,"key":"Strength Potion"},{"floor":10.0,"key":"Dexterity Potion"},{"floor":11.0,"key":"AttackPotion"},{"floor":16.0,"key":"Strength Potion"},{"floor":19.0,"key":"Strength Potion"},{"floor":23.0,"key":"Dexterity Potion"},{"floor":27.0,"key":"GamblersBrew"},{"floor":28.0,"key":"Explosive Potion"},{"floor":33.0,"key":"Swift Potion"},{"floor":40.0,"key":"Strength Potion"},{"floor":42.0,"key":"Swift Potion"},{"floor":46.0,"key":"GamblersBrew"},{"floor":47.0,"key":"GamblersBrew"},{"floor":47.0,"key":"FearPotion"},{"floor":47.0,"key":"Dexterity Potion"},{"floor":48.0,"key":"Dexterity Potion"}],"is_trial":false,"path_per_floor":["M","M","$","?","M","E","R","E","T","E","M","M","E","M","R","B",null,"M","M","$","?","M","E","M","$","T","E","M","R","E","?","R","B",null,"M","M","M","?","?","E","R","E","T","$","?","E","?","M","R","B"],"character_chosen":"THE_SILENT","items_purchased":["Dagger Throw","Oddly Smooth Stone","Quick Slash","Corpse Explosion","FearPotion","War Paint"],"campfire_rested":5,"item_purchase_floors":[3,20,20,44,44,44],"current_hp_per_floor":[56,56,56,84,84,55,80,58,58,41,38,37,37,37,62,82,84,83,68,68,68,68,67,66,66,66,46,35,60,60,60,60,5,64,60,60,48,48,48,3,28,28,28,28,49,30,30,30,55,49],"gold":79,"neow_bonus":"TWENTY_PERCENT_HP_BONUS","is_prod":false,"is_daily":false,"chose_seed":false,"campfire_upgraded":1,"win_rate":1,"timestamp":1538835493,"path_taken":["M","M","$","?","M","E","R","E","T","E","M","M","E","M","R","BOSS","M","M","$","?","M","E","M","?","T","E","?","R","E","?","R","BOSS","M","M","?","?","?","E","R","E","T","$","?","E","?","M","R","BOSS"],"build_version":"2018-10-04v2","purchased_purges":3,"victory":true,"max_hp_per_floor":[84,84,84,84,84,84,84,84,84,84,84,84,84,84,84,84,84,84,84,84,84,84,84,84,84,84,84,84,84,84,84,84,84,84,84,84,84,84,84,84,84,84,84,84,84,84,84,84,84,84],"card_choices":[{"not_picked":["Slice","Well Laid Plans"],"picked":"Backflip","floor":1.0},{"not_picked":["Heel Hook","Catalyst"],"picked":"Dagger Throw","floor":2.0},{"not_picked":["Distraction","Flying Knee"],"picked":"Terror","floor":5.0},{"not_picked":["Malaise","Underhanded Strike"],"picked":"PiercingWail","floor":6.0},{"not_picked":["Acrobatics","Accuracy","Terror"],"picked":"SKIP","floor":8.0},{"not_picked":["Underhanded Strike","Bane"],"picked":"Cloak And Dagger","floor":10.0},{"not_picked":["Endless Agony","Backflip"],"picked":"Cloak And Dagger","floor":11.0},{"not_picked":["Tactician","Wraith Form v2"],"picked":"Blur","floor":12.0},{"not_picked":["Burst","Sucker Punch"],"picked":"Noxious Fumes","floor":13.0},{"not_picked":["PiercingWail","Dodge and Roll"],"picked":"Prepared","floor":14.0},{"not_picked":["A Thousand Cuts","Corpse Explosion"],"picked":"Malaise","floor":16.0},{"not_picked":["Flying Knee","PiercingWail"],"picked":"Bane","floor":18.0},{"not_picked":["Cloak And Dagger","All Out Attack"],"picked":"Deadly Poison","floor":19.0},{"not_picked":["Sucker Punch+1","Riddle With Holes+1"],"picked":"Masterful Stab+1","floor":22.0},{"not_picked":["Endless Agony","Dagger Spray"],"picked":"Tactician","floor":23.0},{"not_picked":["Dagger Throw","Bullet Time"],"picked":"Outmaneuver+1","floor":24.0},{"not_picked":["Venomology","Underhanded Strike","Backflip"],"picked":"Deadly Poison","floor":27.0},{"not_picked":["Blade Dance","Outmaneuver","Deflect","Prepared"],"picked":"SKIP","floor":28.0},{"not_picked":["Noxious Fumes+1","Envenom+1","Leg Sweep"],"picked":"Well Laid Plans+1","floor":30.0},{"not_picked":["Unload","Doppelganger","Night Terror"],"picked":"Tools of the Trade+1","floor":33.0},{"not_picked":["Acrobatics+1"],"picked":"Deflect+1","floor":35.0},{"not_picked":["Prepared","Flying Knee"],"picked":"SKIP","floor":36.0},{"not_picked":["Malaise"],"picked":"Bane+1","floor":37.0},{"not_picked":["Deadly Poison+1"],"picked":"Footwork+1","floor":40.0},{"not_picked":["Backflip"],"picked":"Bane","floor":42.0},{"not_picked":["Dagger Spray"],"picked":"Sucker Punch","floor":46.0},{"not_picked":["Calculated Gamble","Deflect"],"picked":"SKIP","floor":48.0}],"player_experience":177475,"relics_obtained":[{"floor":6.0,"key":"Pantograph"},{"floor":8.0,"key":"Potion Belt"},{"floor":9.0,"key":"Bag of Preparation"},{"floor":10.0,"key":"Darkstone Periapt"},{"floor":13.0,"key":"Pen Nib"},{"floor":23.0,"key":"Frozen Egg 2"},{"floor":26.0,"key":"Question Card"},{"floor":27.0,"key":"Omamori"},{"floor":30.0,"key":"Ancient Tea Set"},{"floor":40.0,"key":"Snake Skull"},{"floor":42.0,"key":"Lantern"},{"floor":43.0,"key":"Mercury Hourglass"},{"floor":46.0,"key":"Torii"}],"event_choices":[{"event_name":"Wheel of Change","player_choice":"Full Heal","floor":4.0,"damage_taken":0.0},{"event_name":"Purifier","player_choice":"One Purge","floor":21.0,"damage_taken":0.0},{"event_name":"The Mausoleum","player_choice":"Yes","floor":31.0,"damage_taken":0.0},{"event_name":"Falling","player_choice":"Removed Skill","floor":38.0,"damage_taken":0.0},{"event_name":"Tomb of Lord Red Mask","player_choice":"Ignored","floor":39.0,"damage_taken":0.0},{"event_name":"Winding Halls","player_choice":"Writhe","floor":45.0,"damage_taken":0.0},{"event_name":"The Lab","player_choice":"Got Potions","floor":47.0,"damage_taken":0.0}],"is_beta":false,"boss_relics":[{"not_picked":["Eternal Feather","HoveringKite"],"picked":"Velvet Choker"},{"not_picked":["Sozu","Ring of the Serpent"],"picked":"Busted Crown"}],"items_purged_floors":[3,20,25],"is_endless":false,"potions_floor_spawned":[5,6,10,11,16,19,23,27,28,33,40,42,46,48],"ascension_level":6}