{"gold_per_floor":[365,12,12,12,22,22,49,49,49,59,76,76,92,105,105,209,209,228,228,228,247,170,170,95,95,119,94,94,106,106,119,119,218,218,230,230,230,241,241],"floor_reached":39,"playtime":3092,"items_purged":["Dualcast"],"score":579,"play_id":"ea3fc9a3-79f2-4247-946a-0b32fbb2c873","local_time":"20180623152309","is_ascension_mode":false,"campfire_choices":[{"data":"Loop","floor":6,"key":"SMITH"},{"floor":8,"key":"REST"},{"floor":12,"key":"REST"},{"floor":15,"key":"REST"},{"data":"Biased Cognition","floor":23,"key":"SMITH"},{"data":"Electrodynamics","floor":25,"key":"SMITH"},{"data":"Go for the Eyes","floor":28,"key":"SMITH"},{"floor":32,"key":"REST"}],"neow_cost":"TEN_PERCENT_HP_LOSS","seed_source_timestamp":84644134348694,"circlet_count":0,"master_deck":["Strike_B+1","Strike_B+1","Strike_B+1","Strike_B+1","Defend_B+1","Defend_B+1","Defend_B+1","Defend_B+1","Zap+1","Barrage","Loop+1","Sweeping Beam","Beam Cell","Electrodynamics+1","Go for the Eyes+1","Melter","Biased Cognition+1","Stack+1","Redo+1","J.A.X.+1","Conserve Battery+1","Double Energy+1","Necronomicurse","Thunder Strike","Leap+1","Aggregate+1","Doom and Gloom+1"],"special_seed":17705,"relics":["Cracked Core","Strange Spoon","Whetstone","Toxic Egg 2","Inserter","War Paint","Boot","Necronomicon","Nuclear Battery","Mango"],"potions_floor_usage":[7,16,18,29,39],"damage_taken":[{"damage":3,"enemies":"Small Slimes","floor":1,"turns":3},{"damage":6,"enemies":"2 Louse","floor":5,"turns":3},{"damage":14,"enemies":"Gremlin Nob","floor":7,"turns":3},{"damage":6,"enemies":"Jaw Worm","floor":10,"turns":2},{"damage":33,"enemies":"Exordium Thugs","floor":11,"turns":3},{"damage":3,"enemies":"2 Fungi Beasts","floor":13,"turns":3},{"damage":10,"enemies":"Looter","floor":14,"turns":2},{"damage":30,"enemies":"The Guardian","floor":16,"turns":9},{"damage":10,"enemies":"Shell Parasite","floor":18,"turns":4},{"damage":0,"enemies":"Spheric Guardian","floor":21,"turns":1},{"damage":0,"enemies":"Snecko","floor":29,"turns":3},{"damage":7,"enemies":"Centurion and Healer","floor":31,"turns":4},{"damage":25,"enemies":"Collector","floor":33,"turns":7},{"damage":45,"enemies":"3 Darklings","floor":35,"turns":5},{"damage":3,"floor":37,"turns":2},{"damage":15,"enemies":"Orb Walker","floor":38,"turns":3},{"damage":19,"enemies":"Maw","floor":39,"turns":4}],"seed_played":"8394846040120951077","potions_obtained":[{"floor":5,"key":"SneckoOil"},{"floor":11,"key":"Energy Potion"},{"floor":14,"key":"Regen Potion"},{"floor":18,"key":"AttackPotion"},{"floor":38,"key":"Strength Potion"}],"is_trial":false,"path_per_floor":["M","$","?","$","M","R","E","R","T","M","M","R","M","M","R","B",null,"M","?","?","M","?","R","?","R","T","$","R","M","?","M","R","B",null,"M","?","?","M"],"character_chosen":"DEFECT","items_purchased":["Strange Spoon","Loop","Conserve Battery+1"],"campfire_rested":4,"item_purchase_floors":[2,2,27],"current_hp_per_floor":[65,65,65,65,59,59,45,65,65,59,26,46,43,33,53,38,68,58,58,58,58,58,58,58,58,58,58,58,58,42,35,55,30,68,23,23,34,19,0],"gold":241,"neow_bonus":"TWO_FIFTY_GOLD","is_prod":false,"is_daily":false,"chose_seed":false,"campfire_upgraded":4,"win_rate":0,"timestamp":1529738589,"path_taken":["M","$","?","?","M","R","E","R","T","M","M","R","M","M","R","BOSS","M","?","?","M","?","R","?","R","T","$","R","?","?","M","R","BOSS","M","?","?","M","M"],"build_version":"2018-06-21v2","purchased_purges":1,"victory":false,"max_hp_per_floor":[68,68,68,68,68,68,68,68,68,68,68,68,68,68,68,68,68,68,68,68,68,68,68,68,68,68,68,68,68,68,68,68,68,68,68,68,82,82,82],"card_choices":[{"not_picked":["Compile Driver","Cold Snap"],"picked":"Barrage","floor":1},{"not_picked":["Steam","Compile Driver"],"picked":"Sweeping Beam","floor":5},{"not_picked":["Undo","Turbo"],"picked":"Beam Cell","floor":7},{"not_picked":["Hologram+1","Cold Snap"],"picked":"Electrodynamics","floor":10},{"not_picked":["Sweeping Beam","Turbo+1"],"picked":"Go for the Eyes","floor":11},{"not_picked":["Barrage","Cold Snap","Beam Cell"],"picked":"SKIP","floor":13},{"not_picked":["Barrage","Rebound"],"picked":"Melter","floor":14},{"not_picked":["Meteor Strike","Rainbow+1"],"picked":"Biased Cognition","floor":16},{"not_picked":["Scrape","Go for the Eyes+1"],"picked":"Stack+1","floor":18},{"not_picked":["Gash","Coolheaded+1"],"picked":"Redo+1","floor":21},{"not_picked":["Hologram+1","Ball Lightning"],"picked":"Double Energy+1","floor":29},{"not_picked":["Turbo+1","Loop","Cold Snap"],"picked":"SKIP","floor":31},{"not_picked":["All For One","Fission+1"],"picked":"Thunder Strike","floor":33},{"not_picked":["Stack+1","Glacier+1"],"picked":"Leap+1","floor":35},{"not_picked":["Turbo+1","Force Field+1"],"picked":"Aggregate+1","floor":37},{"not_picked":["Compile Driver+1","Conserve Battery+1"],"picked":"Doom and Gloom+1","floor":38}],"player_experience":557631,"relics_obtained":[{"floor":7,"key":"Whetstone"},{"floor":9,"key":"Toxic Egg 2"},{"floor":26,"key":"Boot"},{"floor":30,"key":"Necronomicon"},{"floor":37,"key":"Mango"}],"event_choices":[{"event_name":"Living Wall","player_choice":"Grow","floor":3,"damage_taken":0},{"event_name":"Back to Basics","player_choice":"Simplicity","floor":19,"damage_taken":0},{"event_name":"The Mausoleum","player_choice":"Yes","floor":20,"damage_taken":0},{"event_name":"Drug Dealer","player_choice":"Got JAXXED","floor":22,"damage_taken":0},{"event_name":"Beggar","player_choice":"Gave Gold","floor":24,"damage_taken":0},{"event_name":"Cursed Tome","player_choice":"Obtained Book","floor":30,"damage_taken":0},{"event_name":"SecretPortal","player_choice":"Rejected Portal.","floor":36,"damage_taken":0},{"event_name":"MindBloom","player_choice":"Fight","floor":37,"damage_taken":0}],"boss_relics":[{"not_picked":["Sozu","Black Star"],"picked":"Inserter"},{"not_picked":["Orrery","Philosopher\u0027s Stone"],"picked":"Nuclear Battery"}],"items_purged_floors":[2],"is_endless":false,"potions_floor_spawned":[5,11,14,18,38],"killed_by":"Maw","ascension_level":0}