{"gold_per_floor":[109,126,201,221,221,221,232,232,232,252,281,281,298,298,298,397,397,416,287,362,377,391,391,391,425,502,502,517,442,442,453,453,453],"floor_reached":33,"playtime":1056,"items_purged":["Defend_R"],"score":280,"play_id":"76ad1ec6-2eab-496e-94d4-1759944c1619","local_time":"20180815224235","is_ascension_mode":true,"campfire_choices":[{"data":"Clash","floor":6.0,"key":"SMITH"},{"data":"Flex","floor":8.0,"key":"SMITH"},{"floor":15.0,"key":"REST"},{"data":"Immolate","floor":23.0,"key":"SMITH"},{"data":"Perfected Strike","floor":27.0,"key":"SMITH"},{"data":"Immolate","floor":30.0,"key":"SMITH"},{"data":"Perfected Strike","floor":32.0,"key":"SMITH"}],"neow_cost":"NONE","seed_source_timestamp":80171323607621,"circlet_count":0,"master_deck":["Strike_R","Strike_R","Strike_R","Defend_R+1","Defend_R","Defend_R","Bash","Flex+1","Perfected Strike+1","Clash+1","Sword Boomerang","Cleave","Double Tap+1","Thunderclap","Immolate+1","Clash","Perfected Strike+1","Clash","Shrug It Off+1","Perfected Strike+1","Seeing Red+1","Seeing Red+1","Immolate+1"],"special_seed":0,"relics":["Burning Blood","Strawberry","Ice Cream","Toxic Egg 2","Gambling Chip","Orrery","Omamori","Tiny Chest"],"potions_floor_usage":[33,33],"damage_taken":[{"damage":3.0,"enemies":"Jaw Worm","floor":1.0,"turns":5.0},{"damage":10.0,"enemies":"2 Louse","floor":2.0,"turns":3.0},{"damage":0.0,"enemies":"Small Slimes","floor":4.0,"turns":3.0},{"damage":13.0,"enemies":"Exordium Thugs","floor":7.0,"turns":5.0},{"damage":18.0,"enemies":"Lots of Slimes","floor":10.0,"turns":3.0},{"damage":18.0,"enemies":"Lagavulin","floor":11.0,"turns":4.0},{"damage":0.0,"enemies":"Blue Slaver","floor":13.0,"turns":1.0},{"damage":65.0,"enemies":"The Guardian","floor":16.0,"turns":7.0},{"damage":5.0,"enemies":"Spheric Guardian","floor":18.0,"turns":3.0},{"damage":0.0,"enemies":"2 Thieves","floor":21.0,"turns":2.0},{"damage":12.0,"enemies":"Centurion and Healer","floor":22.0,"turns":2.0},{"damage":20.0,"enemies":"Slavers","floor":25.0,"turns":2.0},{"damage":9.0,"enemies":"3 Cultists","floor":28.0,"turns":4.0},{"damage":0.0,"enemies":"Cultist and Chosen","floor":31.0,"turns":3.0},{"damage":75,"enemies":"Champ","floor":33,"turns":6}],"seed_played":"-6251982914896825040","potions_obtained":[{"floor":4.0,"key":"EntropicBrew"},{"floor":13.0,"key":"Dexterity Potion"},{"floor":18.0,"key":"FearPotion"}],"is_trial":false,"path_per_floor":["M","M","?","M","?","R","M","R","T","M","E","?","M","?","R","B",null,"M","$","?","M","M","R","?","E","T","R","M","?","R","M","R"],"character_chosen":"IRONCLAD","items_purchased":["Shrug It Off+1"],"campfire_rested":1,"item_purchase_floors":[19],"current_hp_per_floor":[87,83,72,78,61,61,54,54,54,42,30,30,36,36,62,11,87,87,87,79,85,79,79,79,65,65,65,62,62,62,68,68,0],"gold":453,"neow_bonus":"RANDOM_COMMON_RELIC","is_prod":false,"is_daily":false,"chose_seed":false,"campfire_upgraded":6,"win_rate":0,"timestamp":1534387355,"path_taken":["M","M","?","M","?","R","M","R","T","?","E","?","M","?","R","BOSS","M","$","?","M","M","R","?","E","T","R","?","?","R","?","R","BOSS"],"build_version":"2018-08-09","purchased_purges":1,"victory":false,"max_hp_per_floor":[87,87,87,87,87,87,87,87,87,87,87,87,87,87,87,87,87,87,87,87,87,87,87,87,87,87,87,87,87,87,87,87,87],"card_choices":[{"not_picked":["Cleave","Headbutt"],"picked":"Flex","floor":1.0},{"not_picked":["Bloodletting","Sever Soul"],"picked":"Perfected Strike","floor":2.0},{"not_picked":["Shrug It Off","Wild Strike"],"picked":"Clash","floor":4.0},{"not_picked":["Hemokinesis","True Grit"],"picked":"Sword Boomerang","floor":7.0},{"not_picked":["Rage","Shockwave","Havoc"],"picked":"SKIP","floor":10.0},{"not_picked":["Searing Blow","Evolve"],"picked":"Cleave","floor":11.0},{"not_picked":["Sword Boomerang","Pommel Strike"],"picked":"Thunderclap","floor":13.0},{"not_picked":["Fiend Fire","Limit Break+1"],"picked":"Immolate","floor":16.0},{"not_picked":["Thunderclap","Flame Barrier+1"],"picked":"Clash","floor":17.0},{"not_picked":["Shrug It Off+1","Clothesline"],"picked":"Perfected Strike","floor":17.0},{"not_picked":["Spot Weakness+1","Armaments+1"],"picked":"Clash","floor":17.0},{"not_picked":["Warcry+1","Demon Form","Clothesline+1"],"picked":"SKIP","floor":18.0},{"not_picked":["Body Slam","Spot Weakness+1"],"picked":"Perfected Strike","floor":21.0},{"not_picked":["Wild Strike+1","Headbutt","True Grit+1"],"picked":"SKIP","floor":22.0},{"not_picked":["Clothesline+1","Pommel Strike"],"picked":"Seeing Red+1","floor":25.0},{"not_picked":["Fire Breathing","Rupture+1"],"picked":"Immolate","floor":28.0},{"not_picked":["Twin Strike","Armaments+1","Evolve"],"picked":"SKIP","floor":31.0}],"player_experience":135954,"relics_obtained":[{"floor":9.0,"key":"Ice Cream"},{"floor":11.0,"key":"Toxic Egg 2"},{"floor":25.0,"key":"Omamori"},{"floor":26.0,"key":"Tiny Chest"}],"event_choices":[{"event_name":"World of Goop","player_choice":"Gather Gold","floor":3.0,"damage_taken":0.0},{"event_name":"Shining Light","player_choice":"Entered Light","floor":5.0,"damage_taken":0.0},{"event_name":"Transmorgrifier","player_choice":"Transform","floor":12.0,"damage_taken":0.0},{"event_name":"WeMeetAgain","player_choice":"Potion","floor":14.0,"damage_taken":0.0},{"event_name":"FaceTrader","player_choice":"Touch","floor":20.0,"damage_taken":0.0},{"event_name":"The Library","player_choice":"Read","floor":24.0,"damage_taken":0.0},{"event_name":"Beggar","player_choice":"Gave Gold","floor":29.0,"damage_taken":0.0}],"is_beta":false,"boss_relics":[{"not_picked":["Busted Crown","Black Star"],"picked":"Orrery"}],"items_purged_floors":[19],"is_endless":false,"potions_floor_spawned":[4,7,13,18],"killed_by":"Champ","ascension_level":1}