{"gold_per_floor":[113,188,204,204,218,218,231,231,231,249,249,284,297,9,9,114,114,124,24,24,42,52,52,67,67,92,7,7,17,17,17,17,114,114,131,149,163,263,278,278,313,313,313,313,324,324,336,36,36,36],"floor_reached":51,"playtime":2164,"items_purged":["Strike_G","Defend_G"],"score":704,"play_id":"2cab07fd-111a-4348-8501-9730f471df93","local_time":"20190914232907","is_ascension_mode":false,"campfire_choices":[{"data":"Neutralize","floor":6.0,"key":"SMITH"},{"data":"Survivor","floor":8.0,"key":"SMITH"},{"data":"Footwork","floor":15.0,"key":"SMITH"},{"data":"Backflip","floor":23.0,"key":"SMITH"},{"floor":25.0,"key":"REST"},{"data":"Noxious Fumes","floor":30.0,"key":"SMITH"},{"data":"Deadly Poison","floor":32.0,"key":"SMITH"},{"data":"After Image","floor":40,"key":"SMITH"},{"data":"Poisoned Stab","floor":44,"key":"SMITH"},{"data":"Poisoned Stab","floor":46,"key":"SMITH"},{"floor":49,"key":"REST"}],"neow_cost":"NONE","seed_source_timestamp":219277947885600,"circlet_count":0,"master_deck":["Defend_G","Defend_G","Defend_G","Survivor+1","Neutralize+1","Backflip+1","Poisoned Stab+1","Backstab","Poisoned Stab+1","Footwork+1","Deadly Poison+1","Decay","Backstab","PiercingWail","Escape Plan","Deadly Poison+1","Noxious Fumes+1","Bite","Bite","Bite","Bite","Bite","After Image+1","Cloak And Dagger+1"],"special_seed":0,"relics":["Ring of the Serpent","Pen Nib","Dodecahedron","Darkstone Periapt","TwistedFunnel","Vajra","Boot","Cursed Key","Nunchaku","Mercury Hourglass"],"potions_floor_usage":[39,41,50,50],"damage_taken":[{"damage":0.0,"enemies":"Small Slimes","floor":1.0,"turns":3.0},{"damage":0.0,"enemies":"2 Louse","floor":3.0,"turns":3.0},{"damage":0.0,"enemies":"Jaw Worm","floor":5.0,"turns":4.0},{"damage":4.0,"enemies":"3 Louse","floor":7.0,"turns":3.0},{"damage":0.0,"enemies":"Lots of Slimes","floor":10.0,"turns":3.0},{"damage":4.0,"enemies":"3 Sentries","floor":12.0,"turns":7.0},{"damage":4.0,"enemies":"Blue Slaver","floor":13.0,"turns":4.0},{"damage":3.0,"enemies":"The Guardian","floor":16.0,"turns":11.0},{"damage":15.0,"enemies":"2 Thieves","floor":18.0,"turns":4.0},{"damage":19.0,"enemies":"Spheric Guardian","floor":21.0,"turns":5.0},{"damage":0.0,"enemies":"Centurion and Healer","floor":22.0,"turns":6.0},{"damage":13.0,"enemies":"Snecko","floor":24.0,"turns":6.0},{"damage":14.0,"enemies":"Sentry and Sphere","floor":29.0,"turns":8.0},{"damage":41.0,"enemies":"Champ","floor":33.0,"turns":12.0},{"damage":0.0,"enemies":"Orb Walker","floor":35.0,"turns":3.0},{"damage":0.0,"enemies":"3 Darklings","floor":36.0,"turns":5.0},{"damage":9.0,"enemies":"4 Shapes","floor":37.0,"turns":6.0},{"damage":13,"enemies":"Spire Growth","floor":39,"turns":5},{"damage":1,"enemies":"Reptomancer","floor":41,"turns":7},{"damage":12,"enemies":"Jaw Worm Horde","floor":45,"turns":4},{"damage":7,"enemies":"Writhing Mass","floor":47,"turns":5},{"damage":4,"enemies":"Donu and Deca","floor":50,"turns":12}],"seed_played":"-1526854153743669464","potions_obtained":[{"floor":3.0,"key":"PowerPotion"},{"floor":7.0,"key":"Ancient Potion"},{"floor":12.0,"key":"Weak Potion"},{"floor":13.0,"key":"AttackPotion"},{"floor":22.0,"key":"PowerPotion"},{"floor":35.0,"key":"DuplicationPotion"},{"floor":47,"key":"DuplicationPotion"}],"is_trial":false,"path_per_floor":["M","?","M","?","M","R","M","R","T","M","?","E","M","$","R","B",null,"M","$","?","M","M","R","M","R","T","?","?","M","R","?","R","B",null,"M","M","M","?","M","R","E","?","T","R","M","R","M","$","R","B",null],"character_chosen":"THE_SILENT","items_purchased":["TwistedFunnel","Footwork","Mercury Hourglass","AttackPotion"],"campfire_rested":2,"item_purchase_floors":[14,14,48,48],"current_hp_per_floor":[70,59,59,64,64,64,60,60,60,60,60,56,52,52,52,49,75,60,60,66,47,47,47,34,58,58,58,58,44,44,44,44,29,56,56,56,55,55,55,55,56,56,56,56,50,50,53,53,56,56],"gold":36,"neow_bonus":"RANDOM_COMMON_RELIC","is_prod":false,"is_daily":false,"chose_seed":false,"campfire_upgraded":9,"win_rate":0,"timestamp":1568471347,"path_taken":["M","?","M","?","M","R","M","R","T","M","?","E","M","$","R","BOSS","M","$","?","?","M","R","M","R","T","?","?","M","R","?","R","BOSS","M","M","M","?","?","R","E","?","T","R","M","R","?","?","R","BOSS"],"build_version":"2019-09-12","purchased_purges":2,"victory":true,"max_hp_per_floor":[70,70,70,75,75,75,75,75,75,75,75,75,75,75,75,75,75,75,75,81,81,81,81,81,81,81,81,81,81,81,56,56,56,56,56,56,56,56,56,56,56,56,56,56,56,56,56,56,56,56],"card_choices":[{"not_picked":["Dodge and Roll","Concentrate"],"picked":"Backflip","floor":1.0},{"not_picked":["Masterful Stab","Flechettes"],"picked":"Poisoned Stab","floor":3.0},{"not_picked":["Flechettes","Sucker Punch","Outmaneuver"],"picked":"SKIP","floor":5.0},{"not_picked":["Prepared","Flechettes"],"picked":"Backstab","floor":7.0},{"not_picked":["PiercingWail","Dodge and Roll","Acrobatics"],"picked":"SKIP","floor":10.0},{"not_picked":["A Thousand Cuts","Dagger Spray","Dodge and Roll"],"picked":"SKIP","floor":12.0},{"not_picked":["Calculated Gamble","Backflip"],"picked":"Poisoned Stab","floor":13.0},{"not_picked":["Dodge and Roll+1","Well Laid Plans"],"picked":"Deadly Poison","floor":18.0},{"not_picked":["Heel Hook","Outmaneuver+1","Prepared"],"picked":"SKIP","floor":21.0},{"not_picked":["Dagger Throw","Deadly Poison"],"picked":"Backstab","floor":22.0},{"not_picked":["Tactician","Dagger Spray"],"picked":"PiercingWail","floor":24.0},{"not_picked":["Poisoned Stab","Flying Knee"],"picked":"Noxious Fumes","floor":29.0},{"not_picked":["Storm of Steel","Phantasmal Killer"],"picked":"After Image","floor":33.0},{"not_picked":["Acrobatics","Heel Hook+1"],"picked":"Cloak And Dagger+1","floor":35.0},{"not_picked":["Prepared","Blade Dance","Heel Hook"],"picked":"SKIP","floor":36.0},{"not_picked":["Dash+1","Flying Knee","Burst"],"picked":"SKIP","floor":37.0},{"not_picked":["Backflip","Masterful Stab","Tactician+1"],"picked":"SKIP","floor":39},{"not_picked":["Calculated Gamble+1","Slice","Deadly Poison+1"],"picked":"SKIP","floor":41},{"not_picked":["Terror+1","Blade Dance","Heel Hook+1"],"picked":"SKIP","floor":45},{"not_picked":["Dodge and Roll+1","Prepared","Poisoned Stab+1"],"picked":"SKIP","floor":47}],"player_experience":443614,"relics_obtained":[{"floor":9.0,"key":"Dodecahedron"},{"floor":12.0,"key":"Darkstone Periapt"},{"floor":26.0,"key":"Vajra"},{"floor":41,"key":"Nunchaku"}],"event_choices":[{"damage_healed":0.0,"max_hp_gain":0.0,"max_hp_loss":0.0,"gold_gain":75.0,"event_name":"World of Goop","player_choice":"Gather Gold","floor":2.0,"gold_loss":0.0,"damage_taken":11.0},{"damage_healed":0.0,"max_hp_gain":5.0,"max_hp_loss":0.0,"gold_gain":0.0,"event_name":"Big Fish","player_choice":"Donut","floor":4.0,"gold_loss":0.0,"damage_taken":0.0},{"damage_healed":0.0,"max_hp_gain":0.0,"max_hp_loss":0.0,"gold_gain":0.0,"event_name":"Liars Game","player_choice":"Ignored","floor":11.0,"gold_loss":0.0,"damage_taken":0.0},{"damage_healed":0.0,"max_hp_gain":0.0,"max_hp_loss":0.0,"gold_gain":0.0,"event_name":"Wheel of Change","player_choice":"Cursed","floor":20.0,"gold_loss":0.0,"damage_taken":0.0,"cards_obtained":["Decay"]},{"damage_healed":0.0,"max_hp_gain":0.0,"max_hp_loss":0.0,"gold_gain":0.0,"event_name":"Addict","player_choice":"Obtained Relic","floor":27.0,"gold_loss":85.0,"damage_taken":0.0,"relics_obtained":["Boot"]},{"damage_healed":0.0,"max_hp_gain":0.0,"max_hp_loss":0.0,"gold_gain":0.0,"cards_transformed":["Strike_G","Defend_G"],"event_name":"Drug Dealer","player_choice":"Became Test Subject","floor":28.0,"gold_loss":0.0,"damage_taken":0.0,"cards_obtained":["Escape Plan","Deadly Poison"]},{"damage_healed":0.0,"max_hp_gain":0.0,"max_hp_loss":25.0,"gold_gain":0.0,"event_name":"Vampires","player_choice":"Became a vampire","floor":31.0,"gold_loss":0.0,"damage_taken":0.0,"cards_obtained":["Bite","Bite","Bite","Bite","Bite"]},{"damage_healed":0.0,"max_hp_gain":0.0,"max_hp_loss":0.0,"gold_gain":100.0,"event_name":"Golden Shrine","player_choice":"Pray","floor":38.0,"gold_loss":0.0,"damage_taken":0.0},{"damage_healed":0,"gold_gain":0,"player_choice":"Upgraded","damage_taken":0,"max_hp_gain":0,"max_hp_loss":0,"event_name":"Upgrade Shrine","floor":42,"gold_loss":0,"cards_upgraded":["Deadly Poison"]}],"is_beta":true,"boss_relics":[{"not_picked":["Coffee Dripper","Busted Crown"],"picked":"Ring of the Serpent"},{"not_picked":["SacredBark","Velvet Choker"],"picked":"Cursed Key"}],"items_purged_floors":[14,19],"is_endless":false,"potions_floor_spawned":[3,7,12,13,21,22,35,47],"ascension_level":0}