{"gold_per_floor":[116,116,135,150,67,67,86,101,127,127],"floor_reached":10,"playtime":932,"items_purged":[],"score":60,"play_id":"b746826c-b2ff-40e5-98a7-4235d84ef4f7","local_time":"20180730222118","is_ascension_mode":false,"campfire_choices":[{"data":"Dodge and Roll","floor":6,"key":"SMITH"}],"neow_cost":"NONE","seed_source_timestamp":443756554865054,"circlet_count":0,"master_deck":["Defend_G","Defend_G","Defend_G","Defend_G","Defend_G","Strike_G","Strike_G","Strike_G","Strike_G","Strike_G","Survivor","Neutralize","Backflip+1","Dodge and Roll+1","Blur","Endless Agony","Outmaneuver","Quick Slash","Flechettes"],"relics":["Ring of the Snake","Bronze Scales","Snake Skull"],"potions_floor_usage":[],"damage_taken":[{"damage":0,"enemies":"2 Louse","floor":1,"turns":3},{"damage":0,"enemies":"Jaw Worm","floor":3,"turns":3},{"damage":0,"enemies":"Cultist","floor":4,"turns":4},{"damage":0,"enemies":"Lots of Slimes","floor":7,"turns":4},{"damage":2,"enemies":"Looter","floor":8,"turns":3},{"damage":68,"enemies":"Lagavulin","floor":10,"turns":14}],"seed_played":"7627960889527582518","potions_obtained":[{"floor":4,"key":"SpeedPotion"},{"floor":7,"key":"SteroidPotion"}],"is_trial":false,"path_per_floor":["M","?","M","M","$","R","M","M","T"],"character_chosen":"THE_SILENT","items_purchased":["Endless Agony","Outmaneuver"],"campfire_rested":0,"item_purchase_floors":[5,5],"current_hp_per_floor":[70,70,70,70,70,70,70,68,68,0],"gold":127,"neow_bonus":"RANDOM_COMMON_RELIC","is_prod":false,"is_daily":false,"chose_seed":false,"campfire_upgraded":1,"win_rate":0.0,"timestamp":1533003678,"path_taken":["M","?","?","M","$","R","M","M","T","E"],"build_version":"2018-07-26","purchased_purges":0,"victory":false,"max_hp_per_floor":[70,70,70,70,70,70,70,70,70,70],"card_choices":[{"not_picked":["Noxious Fumes","Masterful Stab"],"picked":"Backflip","floor":1},{"not_picked":["Well Laid Plans","Reflex"],"picked":"Dodge and Roll","floor":3},{"not_picked":["Acrobatics","Riddle With Holes"],"picked":"Blur","floor":4},{"not_picked":["Tactician","Acrobatics"],"picked":"Quick Slash","floor":7},{"not_picked":["Dodge and Roll","Riddle With Holes"],"picked":"Flechettes","floor":8}],"player_experience":79686,"relics_obtained":[{"floor":9,"key":"Snake Skull"}],"event_choices":[{"event_name":"Living Wall","player_choice":"Grow","floor":2,"damage_taken":0}],"is_beta":false,"boss_relics":[],"items_purged_floors":[],"is_endless":false,"potions_floor_spawned":[4,7],"killed_by":"Lagavulin","ascension_level":0}