{"gold_per_floor":[117,117,131,56,56,83,83,83,152,152,152,152,178,195,195,297,297,307,322,336,336,85,85,96,106,174,188,188],"floor_reached":28,"playtime":1499,"items_purged":["Defend_R"],"score":228,"play_id":"c3be532e-6162-44e9-8455-6c0e428ed2d5","local_time":"20180724213637","is_ascension_mode":false,"campfire_choices":[{"data":"Flex","floor":7,"key":"SMITH"},{"data":"Strike_R","floor":10,"key":"PURGE"},{"data":"Strike_R","floor":15,"key":"PURGE"},{"data":"Bludgeon","floor":23,"key":"SMITH"}],"neow_cost":"","seed_source_timestamp":550809451287,"circlet_count":0,"master_deck":["Strike_R","Strike_R","Strike_R","Bash","Iron Wave","Blood for Blood","Clash+1","Flex+1","Rampage","Sword Boomerang","Infernal Blade","Bludgeon+1","Rage","Iron Wave","Intimidate+1","Trip","Armaments","Iron Wave","Sword Boomerang+1"],"relics":["Burning Blood","Peace Pipe","Frozen Egg 2","Bag of Marbles","Runic Cube","Bag of Preparation","Pantograph"],"potions_floor_usage":[],"damage_taken":[{"damage":14,"enemies":"Jaw Worm","floor":1,"turns":4},{"damage":7,"enemies":"Cultist","floor":3,"turns":5},{"damage":26,"enemies":"Lagavulin","floor":6,"turns":5},{"damage":11,"enemies":"Gremlin Nob","floor":13,"turns":3},{"damage":0,"enemies":"Small Slimes","floor":14,"turns":1},{"damage":16,"enemies":"Slime Boss","floor":16,"turns":6},{"damage":25,"enemies":"2 Thieves","floor":18,"turns":3},{"damage":5,"enemies":"Chosen","floor":19,"turns":3},{"damage":27,"enemies":"Snake Plant","floor":20,"turns":3},{"damage":7,"enemies":"Centurion and Healer","floor":24,"turns":4},{"damage":0,"enemies":"Snecko","floor":25,"turns":2},{"damage":20,"enemies":"3 Cultists","floor":27,"turns":5},{"damage":35,"enemies":"Sentry and Sphere","floor":28,"turns":4}],"seed_played":"-8454796246359345011","potions_obtained":[{"floor":6,"key":"Strength Potion"},{"floor":14,"key":"FearPotion"},{"floor":18,"key":"Dexterity Potion"}],"is_trial":false,"path_per_floor":["M","?","M","$","?","E","R","?","T","R","?","?","E","M","R","B",null,"M","M","M","?","$","R","M","M","T","M"],"character_chosen":"IRONCLAD","items_purchased":["Trip","Bag of Preparation"],"campfire_rested":0,"item_purchase_floors":[22,22],"current_hp_per_floor":[72,72,71,71,64,44,44,44,44,44,44,80,75,80,80,70,80,61,62,41,41,41,41,40,46,46,32,0],"gold":188,"neow_bonus":"","is_prod":false,"is_daily":false,"chose_seed":false,"campfire_upgraded":2,"win_rate":0,"timestamp":1532482597,"path_taken":["M","?","M","$","?","E","R","?","T","R","?","?","E","M","R","BOSS","M","M","M","?","$","R","?","M","T","M","M"],"build_version":"2018-07-19v2","purchased_purges":1,"victory":false,"max_hp_per_floor":[80,80,80,80,80,80,80,80,80,80,80,80,80,80,80,80,80,80,80,80,80,80,80,80,80,80,80,80],"card_choices":[{"not_picked":["Clothesline","Pummel"],"picked":"Iron Wave","floor":1},{"not_picked":["Armaments","Perfected Strike"],"picked":"Clash","floor":3},{"not_picked":["Hemokinesis","True Grit"],"picked":"Flex","floor":6},{"not_picked":["Intimidate","Bloodletting"],"picked":"Sword Boomerang","floor":13},{"not_picked":["Warcry","Barricade+1"],"picked":"Infernal Blade","floor":14},{"not_picked":["Fiend Fire","Brutality+1"],"picked":"Bludgeon","floor":16},{"not_picked":["True Grit","Rupture+1"],"picked":"Rage","floor":18},{"not_picked":["Armaments","Warcry"],"picked":"Iron Wave","floor":19},{"not_picked":["Clothesline","Reckless Charge"],"picked":"Intimidate+1","floor":20},{"not_picked":["Rampage","Wild Strike"],"picked":"Armaments","floor":24},{"not_picked":["Thunderclap","Rampage"],"picked":"Iron Wave","floor":25},{"not_picked":["Berserk+1","Cleave"],"picked":"Sword Boomerang+1","floor":27}],"player_experience":30521,"relics_obtained":[{"floor":6,"key":"Peace Pipe"},{"floor":9,"key":"Frozen Egg 2"},{"floor":13,"key":"Bag of Marbles"},{"floor":26,"key":"Pantograph"}],"event_choices":[{"event_name":"Transmorgrifier","player_choice":"Transform","floor":2,"damage_taken":0},{"event_name":"Golden Wing","player_choice":"Card Removal","floor":5,"damage_taken":0},{"event_name":"Living Wall","player_choice":"Grow","floor":8,"damage_taken":0},{"event_name":"Match and Keep!","player_choice":"1 cards matched","floor":11,"damage_taken":0},{"event_name":"Wheel of Change","player_choice":"Full Heal","floor":12,"damage_taken":0},{"event_name":"Back to Basics","player_choice":"Elegance","floor":21,"damage_taken":0}],"is_beta":false,"boss_relics":[{"not_picked":["Fusion Hammer","Snecko Eye"],"picked":"Runic Cube"}],"items_purged_floors":[4],"is_endless":false,"potions_floor_spawned":[6,14,18,19,20],"killed_by":"Sentry and Sphere","ascension_level":0}