{"gold_per_floor":[111,111,122,122,122,151,161,161,161,111,137,137,212,229,229,326,326,342,342,20,34,51,77,109,127,127,127,127,142,160,187,187,291,291,305,527,18,73,87,113,132,39,66,66,77,87,87,5,5,5,5,5,5,39,39],"floor_reached":56,"playtime":3325,"items_purged":["Strike_R+1"],"score":1350,"play_id":"aae58bc0-bd38-41d0-9319-cf5ad9bf7aaa","local_time":"20190901180718","is_ascension_mode":false,"campfire_choices":[{"data":"Ghostly Armor","floor":8.0,"key":"SMITH"},{"data":"Battle Trance","floor":12.0,"key":"SMITH"},{"data":"Dropkick","floor":15.0,"key":"SMITH"},{"floor":27.0,"key":"RECALL"},{"data":"Strike_R+1","floor":32.0,"key":"PURGE"},{"data":"Feed+1","floor":44.0,"key":"PURGE"},{"data":"Demon Form","floor":49,"key":"PURGE"},{"data":"Purity+1","floor":52,"key":"PURGE"}],"neow_cost":"NONE","seed_source_timestamp":1317708567753800,"circlet_count":0,"master_deck":["Defend_R+1","Defend_R+1","Defend_R+1","Defend_R+1","Bash+1","Dropkick+1","Ghostly Armor+1","Battle Trance+1","Cleave+1","Immolate+1","Shrug It Off+1","Body Slam+1","Twin Strike+1","Shrug It Off+1","Body Slam+1","Demon Form+1","Flame Barrier+1","Shockwave+1","Disarm+1","Spot Weakness+1","Battle Trance+1","Heavy Blade+1","Good Instincts+1","Carnage+1"],"special_seed":0,"relics":["Burning Blood","Bag of Preparation","Ginger","Mercury Hourglass","Pear","Molten Egg 2","Fusion Hammer","FossilizedHelix","Toxic Egg 2","Red Mask","Mummified Hand","Peace Pipe","Empty Cage","Gambling Chip","Ice Cream","Bottled Tornado","Bag of Marbles"],"potions_floor_usage":[55],"damage_taken":[{"damage":0.0,"enemies":"Small Slimes","floor":1.0,"turns":3.0},{"damage":9.0,"enemies":"2 Louse","floor":3.0,"turns":5.0},{"damage":43.0,"enemies":"3 Sentries","floor":6.0,"turns":10.0},{"damage":0.0,"enemies":"Cultist","floor":7.0,"turns":2.0},{"damage":14.0,"enemies":"Gremlin Nob","floor":11.0,"turns":3.0},{"damage":0.0,"enemies":"Looter","floor":14.0,"turns":2.0},{"damage":15.0,"enemies":"Hexaghost","floor":16.0,"turns":7.0},{"damage":0.0,"enemies":"Chosen","floor":18.0,"turns":3.0},{"damage":0.0,"enemies":"Shell Parasite","floor":21.0,"turns":4.0},{"damage":0.0,"enemies":"Snake Plant","floor":22.0,"turns":2.0},{"damage":0.0,"enemies":"Slavers","floor":23.0,"turns":3.0},{"damage":0.0,"enemies":"Masked Bandits","floor":24.0,"turns":1.0},{"damage":0.0,"enemies":"Centurion and Healer","floor":25.0,"turns":5.0},{"damage":0.0,"enemies":"Cultist and Chosen","floor":29.0,"turns":4.0},{"damage":0.0,"enemies":"Shelled Parasite and Fungi","floor":30.0,"turns":6.0},{"damage":0.0,"enemies":"Gremlin Leader","floor":31.0,"turns":4.0},{"damage":15.0,"enemies":"Collector","floor":33.0,"turns":7.0},{"damage":0.0,"enemies":"Orb Walker","floor":35.0,"turns":5.0},{"damage":0.0,"enemies":"2 Orb Walkers","floor":38.0,"turns":4.0},{"damage":19.0,"enemies":"3 Darklings","floor":39.0,"turns":3.0},{"damage":0.0,"enemies":"Giant Head","floor":40.0,"turns":7.0},{"damage":0.0,"enemies":"4 Shapes","floor":41.0,"turns":2.0},{"damage":18,"enemies":"Maw","floor":45,"turns":5},{"damage":19,"enemies":"Jaw Worm Horde","floor":46,"turns":4},{"damage":11,"enemies":"Time Eater","floor":50,"turns":7},{"damage":35,"enemies":"Shield and Spear","floor":54,"turns":4},{"damage":73,"enemies":"The Heart","floor":55,"turns":8}],"seed_played":"8784462515197122269","potions_obtained":[{"floor":6.0,"key":"GamblersBrew"},{"floor":14.0,"key":"PowerPotion"},{"floor":21.0,"key":"GamblersBrew"},{"floor":25.0,"key":"FearPotion"},{"floor":29.0,"key":"SkillPotion"},{"floor":30.0,"key":"SteroidPotion"},{"floor":41.0,"key":"SpeedPotion"}],"is_trial":false,"path_per_floor":["M","?","M","?","?","E","M","R","T","?","E","R","?","M","R","B",null,"M","?","$","M","M","E","?","M","T","R","?","M","M","E","R","B",null,"M","?","$","?","M","E","M","$","T","R","M","M","?","$","R","B",null,"R","$","E","B",null],"character_chosen":"IRONCLAD","items_purchased":["FossilizedHelix","Body Slam+1","Gambling Chip","Spot Weakness+1","AttackPotion","Purity+1","Good Instincts+1"],"campfire_rested":0,"item_purchase_floors":[20,20,37,37,37,42,48],"current_hp_per_floor":[80,80,77,70,70,33,39,39,49,49,41,41,30,40,40,35,98,102,102,102,106,106,110,110,114,114,114,114,114,118,122,122,117,126,130,130,130,134,121,127,137,137,137,137,125,112,112,112,112,107,138,138,138,109,42],"gold":39,"neow_bonus":"RANDOM_COMMON_RELIC","is_prod":false,"is_daily":false,"chose_seed":false,"campfire_upgraded":3,"win_rate":0,"timestamp":1567375638,"path_taken":["M","?","M","?","?","E","M","R","T","?","E","R","?","M","R","BOSS","M","?","$","M","M","E","?","M","T","R","?","?","M","E","R","BOSS","M","?","$","?","M","E","M","?","T","R","M","?","?","$","R","BOSS","R","$","E","BOSS"],"build_version":"2019-07-17","purchased_purges":1,"victory":true,"max_hp_per_floor":[80,80,80,80,80,80,80,80,90,90,90,90,90,94,94,98,98,102,102,102,106,106,110,110,114,114,114,114,114,118,122,122,126,126,130,130,130,134,134,134,138,138,138,138,138,138,138,138,138,138,138,138,138,138,138],"card_choices":[{"not_picked":["Wild Strike","Hemokinesis","Warcry"],"picked":"SKIP","floor":1.0},{"not_picked":["Havoc","Twin Strike"],"picked":"Dropkick","floor":3.0},{"not_picked":["Rampage","Carnage"],"picked":"Ghostly Armor","floor":6.0},{"not_picked":["Body Slam","Iron Wave"],"picked":"Battle Trance","floor":7.0},{"not_picked":["Twin Strike","Rampage"],"picked":"Feed","floor":11.0},{"not_picked":["Power Through","Blood for Blood+1"],"picked":"Cleave+1","floor":14.0},{"not_picked":["Fiend Fire+1","Dark Embrace"],"picked":"Immolate+1","floor":16.0},{"not_picked":["Searing Blow+1","Cleave+1"],"picked":"Shrug It Off+1","floor":18.0},{"not_picked":["Ghostly Armor","Heavy Blade+1","Warcry"],"picked":"SKIP","floor":21.0},{"not_picked":["Cleave+1","Havoc"],"picked":"Twin Strike+1","floor":22.0},{"not_picked":["Second Wind","Clothesline+1"],"picked":"Shrug It Off+1","floor":23.0},{"not_picked":["Clothesline+1","Shrug It Off+1"],"picked":"Body Slam+1","floor":24.0},{"not_picked":["Wild Strike+1","Sever Soul+1"],"picked":"Demon Form","floor":25.0},{"not_picked":["Burning Pact+1","Shockwave+1"],"picked":"Flame Barrier+1","floor":29.0},{"not_picked":["Clash+1","Pummel+1"],"picked":"Shockwave+1","floor":30.0},{"not_picked":["Seeing Red+1","Twin Strike+1"],"picked":"Disarm+1","floor":31.0},{"not_picked":["Dark Embrace","Exhume+1"],"picked":"Demon Form","floor":33.0},{"not_picked":["Havoc+1","Clothesline+1","Warcry+1"],"picked":"SKIP","floor":35.0},{"not_picked":["Combust","Twin Strike+1"],"picked":"Battle Trance+1","floor":38.0},{"not_picked":["Body Slam+1","Blood for Blood+1"],"picked":"Heavy Blade+1","floor":39.0},{"not_picked":["True Grit+1","Twin Strike+1","Thunderclap+1"],"picked":"SKIP","floor":40.0},{"not_picked":["Second Wind+1","True Grit+1","Metallicize"],"picked":"SKIP","floor":41.0},{"not_picked":["Blood for Blood+1","Thunderclap+1","Iron Wave+1"],"picked":"SKIP","floor":45},{"not_picked":["Iron Wave+1","Berserk","Havoc+1"],"picked":"SKIP","floor":46},{"not_picked":["Combust+1","Dropkick+1"],"picked":"Carnage+1","floor":54}],"player_experience":567466,"relics_obtained":[{"floor":6.0,"key":"Mercury Hourglass"},{"floor":9.0,"key":"Pear"},{"floor":11.0,"key":"Molten Egg 2"},{"floor":23.0,"key":"Toxic Egg 2"},{"floor":24.0,"key":"Red Mask"},{"floor":26.0,"key":"Mummified Hand"},{"floor":31.0,"key":"Peace Pipe"},{"floor":38.0,"key":"Ice Cream"},{"floor":40.0,"key":"Bottled Tornado"},{"floor":54,"key":"Bag of Marbles"}],"event_choices":[{"damage_healed":0.0,"max_hp_gain":0.0,"max_hp_loss":0.0,"gold_gain":0.0,"event_name":"Big Fish","player_choice":"Box","floor":2.0,"gold_loss":0.0,"damage_taken":0.0,"relics_obtained":["Ginger"],"cards_obtained":["Regret"]},{"cards_removed":["Regret"],"damage_healed":0.0,"max_hp_gain":0.0,"max_hp_loss":0.0,"gold_gain":0.0,"event_name":"Golden Wing","player_choice":"Card Removal","floor":4.0,"gold_loss":0.0,"damage_taken":7.0},{"damage_healed":0.0,"max_hp_gain":0.0,"max_hp_loss":0.0,"gold_gain":0.0,"event_name":"Living Wall","player_choice":"Grow","floor":5.0,"gold_loss":0.0,"damage_taken":0.0,"cards_upgraded":["Bash"]},{"cards_removed":["Strike_R"],"damage_healed":0.0,"max_hp_gain":0.0,"max_hp_loss":0.0,"gold_gain":0.0,"event_name":"The Cleric","player_choice":"Card Removal","floor":10.0,"gold_loss":50.0,"damage_taken":0.0},{"damage_healed":0.0,"max_hp_gain":0.0,"max_hp_loss":0.0,"gold_gain":75.0,"event_name":"World of Goop","player_choice":"Gather Gold","floor":13.0,"gold_loss":0.0,"damage_taken":11.0},{"damage_healed":0.0,"max_hp_gain":0.0,"max_hp_loss":0.0,"gold_gain":0.0,"event_name":"Back to Basics","player_choice":"Simplicity","floor":19.0,"gold_loss":0.0,"damage_taken":0.0,"cards_upgraded":["Strike_R","Strike_R","Strike_R","Strike_R","Defend_R","Defend_R","Defend_R","Defend_R"]},{"damage_healed":0.0,"max_hp_gain":0.0,"max_hp_loss":0.0,"gold_gain":0.0,"event_name":"Masked Bandits","player_choice":"Fought Bandits","floor":24.0,"gold_loss":0.0,"damage_taken":0.0},{"damage_healed":0.0,"max_hp_gain":0.0,"max_hp_loss":0.0,"gold_gain":0.0,"event_name":"NoteForYourself","player_choice":"Ignored","floor":28.0,"gold_loss":0.0,"damage_taken":0.0},{"damage_healed":0.0,"max_hp_gain":0.0,"max_hp_loss":0.0,"gold_gain":222.0,"event_name":"Tomb of Lord Red Mask","player_choice":"Wore Mask","floor":36.0,"gold_loss":0.0,"damage_taken":0.0},{"damage_healed":0.0,"max_hp_gain":0.0,"max_hp_loss":0.0,"gold_gain":0.0,"event_name":"Mysterious Sphere","player_choice":"Fight","floor":38.0,"gold_loss":0.0,"damage_taken":0.0},{"damage_healed":0,"gold_gain":0,"player_choice":"Forge","damage_taken":0,"max_hp_gain":0,"max_hp_loss":0,"event_name":"Accursed Blacksmith","floor":47,"gold_loss":0,"cards_upgraded":["Demon Form"]}],"is_beta":false,"boss_relics":[{"not_picked":["Snecko Eye","Runic Cube"],"picked":"Fusion Hammer"},{"not_picked":["White Beast Statue","Pandora\u0027s Box"],"picked":"Empty Cage"}],"items_purged_floors":[37],"is_endless":false,"potions_floor_spawned":[6,14,21,25,29,30,31,41,46],"ascension_level":0}