{"gold_per_floor":[17,17,31,43,43,43,43,43,66,66,109,122,147,170,170,170],"floor_reached":16,"playtime":911,"items_purged":[],"score":133,"play_id":"80d2de26-5ce2-4810-9092-d2ed1ba77765","local_time":"20190527231342","is_ascension_mode":true,"campfire_choices":[{"data":"Neutralize","floor":6.0,"key":"SMITH"},{"floor":8.0,"key":"REST"},{"floor":15.0,"key":"REST"}],"neow_cost":"NO_GOLD","seed_source_timestamp":1086800611542887,"circlet_count":0,"master_deck":["Defend_G","Defend_G","Defend_G","Defend_G","Defend_G","Strike_G","Strike_G","Strike_G","Strike_G","Strike_G","Survivor","Neutralize+1","Underhanded Strike","Underhanded Strike","Footwork"],"special_seed":0,"relics":["Ring of the Snake","Thread and Needle","Golden Idol","Bag of Marbles","Pear","WingedGreaves"],"potions_floor_usage":[16,16,16],"damage_taken":[{"damage":0.0,"enemies":"2 Louse","floor":1.0,"turns":4.0},{"damage":0.0,"enemies":"Jaw Worm","floor":3.0,"turns":4.0},{"damage":0.0,"enemies":"Small Slimes","floor":4.0,"turns":3.0},{"damage":21.0,"enemies":"Gremlin Nob","floor":11.0,"turns":5.0},{"damage":0.0,"enemies":"Looter","floor":12.0,"turns":2.0},{"damage":4.0,"enemies":"2 Fungi Beasts","floor":13.0,"turns":4.0},{"damage":3.0,"enemies":"Red Slaver","floor":14.0,"turns":7.0},{"damage":75,"enemies":"Hexaghost","floor":16,"turns":23}],"seed_played":"-7712789463791618551","potions_obtained":[{"floor":4.0,"key":"Explosive Potion"},{"floor":11.0,"key":"SkillPotion"},{"floor":12.0,"key":"SpeedPotion"},{"floor":13.0,"key":"GhostInAJar"}],"is_trial":false,"path_per_floor":["M","?","M","M","?","R","?","R","T","T","E","M","M","M","R","B"],"character_chosen":"THE_SILENT","items_purchased":[],"campfire_rested":2,"item_purchase_floors":[],"current_hp_per_floor":[63,63,63,63,63,63,46,67,67,77,56,56,52,49,73,0],"gold":170,"neow_bonus":"ONE_RARE_RELIC","is_prod":false,"is_daily":false,"chose_seed":false,"campfire_upgraded":1,"win_rate":0,"timestamp":1559013222,"path_taken":["M","?","M","M","?","R","?","R","T","?","E","M","M","M","R","BOSS"],"build_version":"2019-01-23","purchased_purges":0,"victory":false,"max_hp_per_floor":[70,70,70,70,70,70,70,70,70,80,80,80,80,80,80,80],"card_choices":[{"not_picked":["Deflect","Catalyst"],"picked":"Underhanded Strike","floor":1.0},{"not_picked":["Eviscerate","Quick Slash"],"picked":"Underhanded Strike","floor":3.0},{"not_picked":["Dodge and Roll","Sucker Punch","Concentrate"],"picked":"SKIP","floor":4.0},{"not_picked":["Backflip","Outmaneuver"],"picked":"Footwork","floor":11.0},{"not_picked":["Slice","Cloak And Dagger","Bane"],"picked":"SKIP","floor":12.0},{"not_picked":["Infinite Blades","Acrobatics","Terror"],"picked":"SKIP","floor":13.0},{"not_picked":["Blade Dance","Underhanded Strike","Choke"],"picked":"SKIP","floor":14.0}],"player_experience":287384,"relics_obtained":[{"floor":9.0,"key":"Bag of Marbles"},{"floor":10.0,"key":"Pear"},{"floor":11.0,"key":"WingedGreaves"}],"event_choices":[{"damage_healed":0.0,"max_hp_gain":0.0,"max_hp_loss":0.0,"gold_gain":0.0,"event_name":"Liars Game","player_choice":"Ignored","floor":2.0,"gold_loss":0.0,"damage_taken":0.0},{"damage_healed":0.0,"max_hp_gain":0.0,"max_hp_loss":0.0,"gold_gain":0.0,"event_name":"The Cleric","player_choice":"Leave","floor":5.0,"gold_loss":0.0,"damage_taken":0.0},{"damage_healed":0.0,"max_hp_gain":0.0,"max_hp_loss":0.0,"gold_gain":0.0,"event_name":"Golden Idol","player_choice":"Take Damage","floor":7.0,"gold_loss":0.0,"damage_taken":17.0,"relics_obtained":["Golden Idol"]}],"is_beta":false,"boss_relics":[],"items_purged_floors":[],"is_endless":false,"potions_floor_spawned":[4,11,12,13],"killed_by":"Hexaghost","ascension_level":6}