{"gold_per_floor":[117,2,2,2,2,2,43,43,43,87,87,122,122,143,143,238,238,256,171,32,32,43,43,74,93,118,161,161,161,179,195,195,293,293,312,47,47,70,403,403,435,435,460,492,512,512,612,639,639,639,639],"floor_reached":52,"playtime":4354,"items_purged":["Strike_G","Strike_G"],"score":2205,"play_id":"25db5107-8541-42a5-819c-bf9486b08228","local_time":"20190915201916","is_ascension_mode":true,"campfire_choices":[{"data":"Noxious Fumes","floor":6.0,"key":"SMITH"},{"data":"Neutralize","floor":8.0,"key":"SMITH"},{"floor":11.0,"key":"REST"},{"data":"Footwork","floor":13.0,"key":"SMITH"},{"data":"Survivor","floor":15.0,"key":"SMITH"},{"data":"Burst","floor":23.0,"key":"SMITH"},{"floor":29,"key":"REST"},{"floor":32,"key":"REST"},{"data":"Calculated Gamble","floor":40,"key":"SMITH"},{"floor":42,"key":"REST"},{"floor":46,"key":"REST"},{"floor":49,"key":"DIG"}],"neow_cost":"NONE","seed_source_timestamp":316040001380548,"circlet_count":0,"master_deck":["AscendersBane","Defend_G+1","Defend_G+1","Defend_G","Defend_G","Survivor+1","Neutralize+1","Dagger Spray","Noxious Fumes+1","Masterful Stab","Backstab","Footwork+1","Backstab+1","Burst+1","Well Laid Plans","Dash+1","Noxious Fumes","Backflip","Dash+1","Well Laid Plans+1","After Image+1","Distraction+1","Bullet Time+1","After Image+1","Calculated Gamble+1","Madness","Madness","Corpse Explosion","Dodge and Roll+1","Cloak And Dagger+1","Expertise+1","Terror+1","Escape Plan"],"special_seed":0,"relics":["Ring of the Serpent","NeowsBlessing","Bag of Preparation","War Paint","Sundial","Orichalcum","Molten Egg 2","Gremlin Horn","Dream Catcher","Happy Flower","Omamori","Astrolabe","DollysMirror","Juzu Bracelet","Smiling Mask","Shovel","Singing Bowl","Boot"],"potions_floor_usage":[24,24,27,35,51,51],"damage_taken":[{"damage":0.0,"enemies":"Small Slimes","floor":1.0,"turns":1.0},{"damage":0.0,"enemies":"3 Sentries","floor":7.0,"turns":1.0},{"damage":0.0,"enemies":"Gremlin Nob","floor":10.0,"turns":1.0},{"damage":5.0,"enemies":"Lagavulin","floor":12.0,"turns":9.0},{"damage":0.0,"enemies":"Cultist","floor":14.0,"turns":3.0},{"damage":7.0,"enemies":"The Guardian","floor":16.0,"turns":13.0},{"damage":19.0,"enemies":"3 Byrds","floor":18.0,"turns":6.0},{"damage":3.0,"enemies":"2 Thieves","floor":22.0,"turns":4.0},{"damage":0,"enemies":"Slavers","floor":24,"turns":5},{"damage":11,"enemies":"Snake Plant","floor":25,"turns":4},{"damage":6,"enemies":"Gremlin Leader","floor":27,"turns":8},{"damage":0,"enemies":"3 Cultists","floor":30,"turns":5},{"damage":12,"enemies":"Centurion and Healer","floor":31,"turns":7},{"damage":26,"enemies":"Champ","floor":33,"turns":13},{"damage":8,"enemies":"3 Shapes","floor":35,"turns":5},{"damage":0,"enemies":"Orb Walker","floor":38,"turns":4},{"damage":0,"enemies":"Nemesis","floor":41,"turns":11},{"damage":0,"enemies":"Giant Head","floor":44,"turns":11},{"damage":7,"enemies":"Spire Growth","floor":45,"turns":7},{"damage":0,"enemies":"Mind Bloom Boss Battle","floor":47,"turns":9},{"damage":6,"enemies":"Reptomancer","floor":48,"turns":7},{"damage":37,"enemies":"Awakened One","floor":50,"turns":22},{"damage":3,"enemies":"Donu and Deca","floor":51,"turns":9}],"seed_played":"1249232576104628243","potions_obtained":[{"floor":1.0,"key":"Regen Potion"},{"floor":10.0,"key":"SpeedPotion"},{"floor":12.0,"key":"Strength Potion"},{"floor":16.0,"key":"Poison Potion"},{"floor":18.0,"key":"Swift Potion"},{"floor":24,"key":"EssenceOfSteel"},{"floor":27,"key":"PowerPotion"},{"floor":31,"key":"AttackPotion"},{"floor":38,"key":"SkillPotion"},{"floor":41,"key":"Strength Potion"}],"is_trial":false,"path_per_floor":["M","$","?","?","?","R","E","R","T","E","R","E","R","M","R","B",null,"M","?","$","?","M","R","E","M","T","E","?","R","M","M","R","B",null,"M","$","?","M","?","R","E","R","T","E","M","R","?","E","R","B","B",null],"character_chosen":"THE_SILENT","items_purchased":["Noxious Fumes","Well Laid Plans","DollysMirror","Calculated Gamble"],"campfire_rested":5,"item_purchase_floors":[2,20,36,36],"current_hp_per_floor":[59,59,52,29,29,29,29,29,29,29,48,43,43,43,43,36,59,40,40,40,40,37,37,37,26,26,20,20,39,39,27,46,20,55,47,47,35,35,35,35,35,54,54,54,47,66,66,60,60,23,20],"gold":639,"neow_bonus":"THREE_ENEMY_KILL","is_prod":false,"is_daily":false,"chose_seed":false,"campfire_upgraded":6,"win_rate":0,"timestamp":1568546356,"path_taken":["M","$","?","?","?","R","E","R","T","E","R","E","R","?","R","BOSS","M","?","$","?","M","R","E","M","T","E","?","R","M","M","R","BOSS","M","$","?","M","?","R","E","R","T","E","M","R","?","E","R","BOSS","BOSS"],"build_version":"2019-07-17","purchased_purges":2,"victory":true,"max_hp_per_floor":[66,66,66,66,66,66,66,66,66,66,66,66,66,66,66,66,66,66,66,66,66,66,66,66,66,66,66,66,66,66,66,66,66,66,66,66,66,66,66,66,66,66,66,66,66,66,66,66,66,66,66],"card_choices":[{"not_picked":["Setup","Finisher"],"picked":"Dagger Spray","floor":1.0},{"not_picked":["Heel Hook","Riddle With Holes"],"picked":"Masterful Stab","floor":7.0},{"not_picked":["Leg Sweep","Dagger Throw"],"picked":"Backstab","floor":10.0},{"not_picked":["Dodge and Roll","Escape Plan"],"picked":"Footwork","floor":12.0},{"not_picked":["Dagger Throw+1","Crippling Poison"],"picked":"Backstab+1","floor":14.0},{"not_picked":["Phantasmal Killer","Wraith Form v2"],"picked":"Burst","floor":16.0},{"not_picked":["Underhanded Strike+1","Dagger Spray+1","Tactician"],"picked":"SKIP","floor":18.0},{"not_picked":["Acrobatics+1","Riddle With Holes+1"],"picked":"Dash+1","floor":22.0},{"not_picked":["Quick Slash+1","Envenom"],"picked":"Noxious Fumes","floor":24},{"not_picked":["Crippling Poison","Quick Slash+1"],"picked":"Backflip","floor":25},{"not_picked":["Prepared","Quick Slash+1","Expertise"],"picked":"SKIP","floor":27},{"not_picked":["Quick Slash+1","Skewer+1","Flying Knee+1"],"picked":"SKIP","floor":30},{"not_picked":["Sucker Punch+1","Backflip","Predator+1"],"picked":"SKIP","floor":31},{"not_picked":["Cloak And Dagger","Leg Sweep"],"picked":"Well Laid Plans+1","floor":32},{"not_picked":["Bane+1","Quick Slash+1","Terror+1"],"picked":"SKIP","floor":35},{"not_picked":["Bane+1","Quick Slash+1","Noxious Fumes"],"picked":"SKIP","floor":38},{"not_picked":["Deadly Poison","Distraction"],"picked":"Corpse Explosion","floor":41},{"not_picked":["Slice+1","Accuracy+1"],"picked":"Dodge and Roll+1","floor":42},{"not_picked":["Envenom","Blade Dance+1"],"picked":"Cloak And Dagger+1","floor":44},{"not_picked":["Prepared","Dagger Spray+1","Expertise+1"],"picked":"SKIP","floor":45},{"not_picked":["Prepared","Dagger Spray+1"],"picked":"Expertise+1","floor":45},{"not_picked":["Venomology","Sucker Punch+1"],"picked":"Terror+1","floor":47},{"not_picked":["Underhanded Strike+1","Backflip"],"picked":"Escape Plan","floor":48}],"player_experience":2052374,"relics_obtained":[{"floor":7.0,"key":"War Paint"},{"floor":9.0,"key":"Sundial"},{"floor":10.0,"key":"Orichalcum"},{"floor":12.0,"key":"Molten Egg 2"},{"floor":24,"key":"Dream Catcher"},{"floor":26,"key":"Happy Flower"},{"floor":27,"key":"Omamori"},{"floor":41,"key":"Juzu Bracelet"},{"floor":43,"key":"Smiling Mask"},{"floor":47,"key":"Shovel"},{"floor":48,"key":"Singing Bowl"},{"floor":49,"key":"Boot"}],"event_choices":[{"cards_removed":["Strike_G"],"damage_healed":0.0,"max_hp_gain":0.0,"max_hp_loss":0.0,"gold_gain":0.0,"event_name":"Golden Wing","player_choice":"Card Removal","floor":3.0,"gold_loss":0.0,"damage_taken":7.0},{"damage_healed":0.0,"max_hp_gain":0.0,"max_hp_loss":0.0,"gold_gain":0.0,"event_name":"Golden Idol","player_choice":"Take Damage","floor":4.0,"gold_loss":0.0,"damage_taken":23.0,"relics_obtained":["Golden Idol"]},{"damage_healed":0.0,"max_hp_gain":0.0,"max_hp_loss":0.0,"gold_gain":0.0,"event_name":"WeMeetAgain","player_choice":"Gave Potion","floor":5.0,"gold_loss":0.0,"damage_taken":0.0,"relics_obtained":["Bag of Preparation"]},{"damage_healed":0.0,"max_hp_gain":0.0,"max_hp_loss":0.0,"gold_gain":0.0,"event_name":"Addict","player_choice":"Obtained Relic","floor":19.0,"gold_loss":85.0,"damage_taken":0.0,"relics_obtained":["Gremlin Horn"]},{"damage_healed":0.0,"max_hp_gain":0.0,"max_hp_loss":0.0,"gold_gain":0.0,"event_name":"Ghosts","player_choice":"Ignored","floor":21.0,"gold_loss":0.0,"damage_taken":0.0},{"damage_healed":0,"gold_gain":0,"player_choice":"Read","damage_taken":0,"max_hp_gain":0,"max_hp_loss":0,"event_name":"The Library","floor":28,"gold_loss":0,"cards_obtained":["Dash"]},{"damage_healed":0,"gold_gain":0,"player_choice":"Embrace Madness","damage_taken":12,"max_hp_gain":0,"max_hp_loss":0,"event_name":"Winding Halls","floor":37,"gold_loss":0,"cards_obtained":["Madness","Madness"]},{"damage_healed":0,"gold_gain":333,"player_choice":"Gave Idol","damage_taken":0,"max_hp_gain":0,"max_hp_loss":0,"event_name":"The Moai Head","floor":39,"relics_lost":["Golden Idol"],"gold_loss":0},{"damage_healed":0,"gold_gain":0,"player_choice":"Fight","damage_taken":0,"max_hp_gain":0,"max_hp_loss":0,"event_name":"MindBloom","floor":47,"gold_loss":0}],"is_beta":false,"boss_relics":[{"not_picked":["Busted Crown","Pandora\u0027s Box"],"picked":"Ring of the Serpent"},{"not_picked":["Orrery","Calling Bell"],"picked":"Astrolabe"}],"items_purged_floors":[2,20],"is_endless":false,"potions_floor_spawned":[1,10,12,16,18,24,27,31,38,41,45,48],"ascension_level":20}