{"gold_per_floor":[114,114,114,129,129,193,213,239,293,314,264,264,293,307,307,382,382,395,150,161,161,161,161,16,16],"floor_reached":25,"playtime":738,"items_purged":[],"score":383,"play_id":"6945ae1a-5a07-430b-a513-62e274c7f266","local_time":"20190609235033","is_ascension_mode":true,"campfire_choices":[{"floor":12.0,"key":"REST"},{"data":"Carnage","floor":15.0,"key":"SMITH"},{"floor":23,"key":"REST"}],"neow_cost":"NONE","seed_source_timestamp":114882738823059,"circlet_count":0,"master_deck":["AscendersBane","Strike_R+1","Strike_R+1","Strike_R+1","Strike_R+1","Strike_R+1","Defend_R+1","Defend_R+1","Defend_R+1","Bash","Perfected Strike+1","Limit Break","Double Tap","Carnage+1","Flex","Metallicize"],"special_seed":0,"relics":["Burning Blood","NeowsBlessing","NlothsMask","Tiny Chest","Orichalcum","Odd Mushroom","Centennial Puzzle","Black Star","MealTicket","Regal Pillow"],"potions_floor_usage":[],"damage_taken":[{"damage":0.0,"enemies":"Cultist","floor":1.0,"turns":1.0},{"damage":0.0,"enemies":"Jaw Worm","floor":4.0,"turns":1.0},{"damage":0.0,"enemies":"3 Sentries","floor":6.0,"turns":2.0},{"damage":8.0,"enemies":"2 Louse","floor":7.0,"turns":2.0},{"damage":35.0,"enemies":"The Mushroom Lair","floor":10.0,"turns":5.0},{"damage":35.0,"enemies":"Lagavulin","floor":13.0,"turns":4.0},{"damage":12.0,"enemies":"Large Slime","floor":14.0,"turns":3.0},{"damage":31.0,"enemies":"Slime Boss","floor":16.0,"turns":10.0},{"damage":21,"enemies":"2 Thieves","floor":18,"turns":3},{"damage":27,"enemies":"Shell Parasite","floor":20,"turns":6},{"damage":55,"enemies":"Gremlin Leader","floor":25,"turns":5}],"seed_played":"8864242003099595915","potions_obtained":[{"floor":4.0,"key":"EssenceOfSteel"},{"floor":7.0,"key":"SpeedPotion"},{"floor":10.0,"key":"SkillPotion"},{"floor":13.0,"key":"Energy Potion"},{"floor":18,"key":"GamblersBrew"}],"is_trial":false,"path_per_floor":["M","?","$","M","?","E","M","T","T","?","?","R","E","M","R","B",null,"M","$","M","?","?","R","$","E"],"character_chosen":"IRONCLAD","items_purchased":["Metallicize","MealTicket","Regal Pillow"],"campfire_rested":2,"item_purchase_floors":[19,19,24],"current_hp_per_floor":[78,78,78,80,80,80,78,78,78,49,49,73,44,38,38,13,63,48,48,27,27,27,51,51,0],"gold":16,"neow_bonus":"THREE_ENEMY_KILL","is_prod":false,"is_daily":false,"chose_seed":false,"campfire_upgraded":1,"win_rate":0,"timestamp":1560138633,"path_taken":["M","?","$","M","?","E","?","?","T","?","?","R","E","M","R","BOSS","M","$","M","?","?","R","?","E"],"build_version":"2019-01-23","purchased_purges":0,"victory":false,"max_hp_per_floor":[80,80,80,80,80,80,80,80,80,80,80,80,80,80,80,80,80,80,80,80,80,80,80,80,80],"card_choices":[{"not_picked":["Fire Breathing","Entrench"],"picked":"Perfected Strike","floor":1.0},{"not_picked":["Sword Boomerang","Hemokinesis","Body Slam"],"picked":"SKIP","floor":4.0},{"not_picked":["Offering","Clash","Thunderclap"],"picked":"SKIP","floor":6.0},{"not_picked":["Combust","Thunderclap","Anger"],"picked":"SKIP","floor":7.0},{"not_picked":["Heavy Blade","Clothesline"],"picked":"Limit Break","floor":10.0},{"not_picked":["Headbutt","Twin Strike"],"picked":"Double Tap","floor":13.0},{"not_picked":["Reckless Charge","Shrug It Off"],"picked":"Carnage","floor":14.0},{"not_picked":["Corruption","Twin Strike"],"picked":"Flex","floor":18},{"not_picked":["Twin Strike","Brutality","Power Through"],"picked":"SKIP","floor":20}],"player_experience":352627,"relics_obtained":[{"floor":6.0,"key":"Tiny Chest"},{"floor":9.0,"key":"Orichalcum"},{"floor":10.0,"key":"Odd Mushroom"},{"floor":13.0,"key":"Centennial Puzzle"}],"event_choices":[{"damage_healed":0.0,"max_hp_gain":0.0,"max_hp_loss":0.0,"gold_gain":0.0,"event_name":"Living Wall","player_choice":"Grow","floor":2.0,"gold_loss":0.0,"damage_taken":0.0,"cards_upgraded":["Perfected Strike"]},{"damage_healed":0.0,"max_hp_gain":0.0,"max_hp_loss":0.0,"gold_gain":0.0,"event_name":"FaceTrader","player_choice":"Trade","floor":5.0,"gold_loss":0.0,"damage_taken":0.0,"relics_obtained":["NlothsMask"]},{"damage_healed":0.0,"max_hp_gain":0.0,"max_hp_loss":0.0,"gold_gain":0.0,"event_name":"Mushrooms","player_choice":"Fought Mushrooms","floor":10.0,"gold_loss":0.0,"damage_taken":0.0},{"cards_removed":["Defend_R"],"damage_healed":0.0,"max_hp_gain":0.0,"max_hp_loss":0.0,"gold_gain":0.0,"event_name":"The Cleric","player_choice":"Card Removal","floor":11.0,"gold_loss":50.0,"damage_taken":0.0},{"damage_healed":0,"gold_gain":0,"player_choice":"Ignored","damage_taken":0,"max_hp_gain":0,"max_hp_loss":0,"event_name":"Vampires","floor":21,"gold_loss":0},{"damage_healed":0,"gold_gain":0,"player_choice":"Simplicity","damage_taken":0,"max_hp_gain":0,"max_hp_loss":0,"event_name":"Back to Basics","floor":22,"gold_loss":0,"cards_upgraded":["Strike_R","Strike_R","Strike_R","Strike_R","Strike_R","Defend_R","Defend_R","Defend_R"]}],"is_beta":false,"boss_relics":[{"not_picked":["Philosopher\u0027s Stone","Ectoplasm"],"picked":"Black Star"}],"items_purged_floors":[],"is_endless":false,"potions_floor_spawned":[4,7,10,13,18,20],"killed_by":"Gremlin Leader","ascension_level":13}