{"gold_per_floor":[119,119,60,74,87,87,97,97,121,296,142,142,65,65,65,186,186,211,226,148,148,148,148,148,173,173,173],"floor_reached":27,"playtime":3813,"items_purged":["Doubt"],"score":289,"play_id":"dbaf0ee3-0e1a-4e7f-a4e3-15b3756f99cd","local_time":"20190528143629","is_ascension_mode":true,"campfire_choices":[{"data":"Perfected Strike","floor":6.0,"key":"SMITH"},{"floor":12.0,"key":"REST"},{"data":"Inflame","floor":15.0,"key":"SMITH"},{"data":"Metallicize","floor":23.0,"key":"SMITH"}],"neow_cost":"NONE","seed_source_timestamp":1139476533470837,"circlet_count":0,"master_deck":["Strike_R","Strike_R+1","Strike_R","Strike_R","Strike_R","Defend_R","Defend_R+1","Defend_R+1","Defend_R+1","Bash+1","Perfected Strike+1","Flex","Flex","Metallicize","Inflame+1","Impervious","Battle Trance+1","Metallicize+1"],"special_seed":0,"relics":["Black Blood","War Paint","Golden Idol","Art of War","Pantograph","Pocketwatch","Toxic Egg 2"],"potions_floor_usage":[],"damage_taken":[{"damage":0.0,"enemies":"Small Slimes","floor":1.0,"turns":3.0},{"damage":16.0,"enemies":"2 Louse","floor":4.0,"turns":2.0},{"damage":0.0,"enemies":"Cultist","floor":5.0,"turns":2.0},{"damage":21.0,"enemies":"Gremlin Gang","floor":7.0,"turns":6.0},{"damage":74.0,"enemies":"Hexaghost","floor":16.0,"turns":13.0},{"damage":53.0,"enemies":"3 Byrds","floor":18.0,"turns":7.0},{"damage":12.0,"enemies":"Chosen","floor":19.0,"turns":2.0},{"damage":39.0,"enemies":"Sentry and Sphere","floor":25.0,"turns":9.0},{"damage":24,"enemies":"Snake Plant","floor":27,"turns":4}],"seed_played":"7935908829143111108","potions_obtained":[{"floor":4.0,"key":"Dexterity Potion"},{"floor":7.0,"key":"Regen Potion"},{"floor":16.0,"key":"Explosive Potion"},{"floor":18.0,"key":"Energy Potion"}],"is_trial":false,"path_per_floor":["M","?","?","M","M","R","M","?","T","?","$","R","$","T","R","B",null,"M","M","$","?","?","R","$","M","T","M"],"character_chosen":"IRONCLAD","items_purchased":["Metallicize","Inflame","Metallicize"],"campfire_rested":1,"item_purchase_floors":[11,13,20],"current_hp_per_floor":[78,62,62,52,58,58,43,23,23,23,23,47,47,47,47,19,65,22,20,20,20,46,46,46,17,17,0],"gold":173,"neow_bonus":"UPGRADE_CARD","is_prod":false,"is_daily":false,"chose_seed":false,"campfire_upgraded":3,"win_rate":0,"timestamp":1559068589,"path_taken":["M","?","?","?","M","R","?","?","T","?","?","R","$","?","R","BOSS","M","M","$","?","?","R","$","M","T","M"],"build_version":"2019-01-23","purchased_purges":1,"victory":false,"max_hp_per_floor":[80,80,80,80,80,80,80,80,80,80,80,80,80,80,80,80,80,80,80,80,80,80,80,80,80,80,80],"card_choices":[{"not_picked":["Pommel Strike","Rage"],"picked":"Perfected Strike","floor":1.0},{"not_picked":["Infernal Blade","Dropkick"],"picked":"Flex","floor":4.0},{"not_picked":["True Grit","Ghostly Armor"],"picked":"Flex","floor":5.0},{"not_picked":["Burning Pact","Dual Wield","Headbutt"],"picked":"SKIP","floor":7.0},{"not_picked":["Brutality","Barricade"],"picked":"Impervious","floor":16.0},{"not_picked":["Uppercut","Sword Boomerang"],"picked":"Battle Trance+1","floor":18.0},{"not_picked":["Body Slam","Twin Strike","Shrug It Off"],"picked":"SKIP","floor":19.0},{"not_picked":["Pommel Strike","Armaments+1","Combust+1"],"picked":"SKIP","floor":25.0}],"player_experience":302008,"relics_obtained":[{"floor":9.0,"key":"Art of War"},{"floor":14.0,"key":"Pantograph"},{"floor":26.0,"key":"Toxic Egg 2"}],"event_choices":[{"damage_healed":0.0,"max_hp_gain":0.0,"max_hp_loss":0.0,"gold_gain":0.0,"event_name":"Shining Light","player_choice":"Entered Light","floor":2.0,"gold_loss":0.0,"damage_taken":16.0,"cards_upgraded":["Defend_R","Strike_R"]},{"damage_healed":0.0,"max_hp_gain":0.0,"max_hp_loss":0.0,"gold_gain":0.0,"event_name":"WeMeetAgain","player_choice":"Paid Gold","floor":3.0,"gold_loss":59.0,"damage_taken":0.0,"relics_obtained":["War Paint"]},{"damage_healed":0.0,"max_hp_gain":0.0,"max_hp_loss":0.0,"gold_gain":0.0,"event_name":"Golden Idol","player_choice":"Take Damage","floor":8.0,"gold_loss":0.0,"damage_taken":20.0,"relics_obtained":["Golden Idol"]},{"damage_healed":0.0,"max_hp_gain":0.0,"max_hp_loss":0.0,"gold_gain":175.0,"event_name":"Liars Game","player_choice":"AGREE","floor":10.0,"gold_loss":0.0,"damage_taken":0.0,"cards_obtained":["Doubt"]},{"damage_healed":0.0,"max_hp_gain":0.0,"max_hp_loss":0.0,"gold_gain":0.0,"event_name":"The Mausoleum","player_choice":"Opened","floor":21.0,"gold_loss":0.0,"damage_taken":0.0,"relics_obtained":["Pocketwatch"]},{"damage_healed":26.0,"max_hp_gain":0.0,"max_hp_loss":0.0,"gold_gain":0.0,"event_name":"The Library","player_choice":"Heal","floor":22.0,"gold_loss":0.0,"damage_taken":0.0}],"is_beta":false,"boss_relics":[{"not_picked":["Busted Crown","Astrolabe"],"picked":"Black Blood"}],"items_purged_floors":[11],"is_endless":false,"potions_floor_spawned":[4,7,16,18],"killed_by":"Snake Plant","ascension_level":9}