{"gold_per_floor":[211,225,225,236,201,9,9,43,43,73,88,88,105,118,118,118],"floor_reached":16,"playtime":835,"items_purged":[],"score":207,"play_id":"cc390afe-0ac7-4695-8043-58f18acffe3e","local_time":"20190905224920","is_ascension_mode":true,"campfire_choices":[{"data":"Deadly Poison","floor":7,"key":"SMITH"},{"floor":12,"key":"REST"},{"floor":15,"key":"REST"}],"neow_cost":"NONE","seed_source_timestamp":11485385300200,"circlet_count":0,"master_deck":["AscendersBane","Strike_G","Strike_G","Strike_G","Strike_G","Strike_G+1","Defend_G","Defend_G","Defend_G+1","Defend_G","Defend_G","Survivor","Neutralize","Skewer","Deadly Poison+1","Footwork","Panacea","Dodge and Roll","Slice","Deflect","Backstab","PiercingWail"],"relics":["Ring of the Snake","Bottled Flame","Orichalcum","Bronze Scales"],"potions_floor_usage":[8,8,14],"damage_taken":[{"damage":1,"enemies":"Small Slimes","floor":1,"turns":5},{"damage":5,"enemies":"Jaw Worm","floor":2,"turns":4},{"damage":1,"enemies":"Cultist","floor":4,"turns":4},{"damage":8,"enemies":"Lagavulin","floor":8,"turns":9},{"damage":26,"enemies":"Gremlin Nob","floor":10,"turns":5},{"damage":3,"enemies":"2 Fungi Beasts","floor":11,"turns":3},{"damage":11,"enemies":"3 Louse","floor":13,"turns":2},{"damage":10,"enemies":"Exordium Thugs","floor":14,"turns":5},{"damage":32,"enemies":"Hexaghost","floor":16,"turns":9}],"seed_played":"-2503669047270169620","potions_obtained":[{"floor":1,"key":"FearPotion"},{"floor":2,"key":"Energy Potion"},{"floor":10,"key":"Weak Potion"}],"is_trial":false,"path_per_floor":["M","M","?","M","?","$","R","E","T","E","M","R","M","M","R","B"],"character_chosen":"THE_SILENT","items_purchased":["Panacea","Dodge and Roll","Slice"],"campfire_rested":2,"item_purchase_floors":[6,6,6],"current_hp_per_floor":[58,53,33,32,48,48,48,40,40,14,11,30,19,9,28,0],"gold":118,"neow_bonus":"HUNDRED_GOLD","is_prod":false,"is_daily":false,"chose_seed":false,"campfire_upgraded":1,"win_rate":0,"timestamp":1567748960,"path_taken":["M","M","?","M","?","$","R","E","T","E","M","R","M","M","R","BOSS"],"build_version":"2019-07-17","purchased_purges":0,"victory":false,"max_hp_per_floor":[66,66,66,66,66,66,66,66,66,66,66,66,66,66,66,66],"card_choices":[{"not_picked":["Expertise","Dodge and Roll"],"picked":"Skewer","floor":1},{"not_picked":["Flying Knee","Slice"],"picked":"Deadly Poison","floor":2},{"not_picked":["Choke","Dodge and Roll"],"picked":"Footwork","floor":4},{"not_picked":["Finisher","Quick Slash"],"picked":"Deflect","floor":8},{"not_picked":["Quick Slash","Outmaneuver"],"picked":"Backstab","floor":10},{"not_picked":["Riddle With Holes","Quick Slash","Infinite Blades"],"picked":"SKIP","floor":11},{"not_picked":["Cloak And Dagger","Glass Knife"],"picked":"PiercingWail","floor":13},{"not_picked":["Setup","Outmaneuver","Slice"],"picked":"SKIP","floor":14}],"player_experience":837855,"relics_obtained":[{"floor":8,"key":"Bottled Flame"},{"floor":9,"key":"Orichalcum"},{"floor":10,"key":"Bronze Scales"}],"event_choices":[{"damage_healed":0,"gold_gain":0,"player_choice":"Entered Light","damage_taken":20,"max_hp_gain":0,"max_hp_loss":0,"event_name":"Shining Light","floor":3,"gold_loss":0,"cards_upgraded":["Defend_G","Strike_G"]},{"damage_healed":16,"gold_gain":0,"player_choice":"Healed","damage_taken":0,"max_hp_gain":0,"max_hp_loss":0,"event_name":"The Cleric","floor":5,"gold_loss":35}],"is_beta":false,"boss_relics":[],"items_purged_floors":[],"is_endless":false,"potions_floor_spawned":[1,2,10],"killed_by":"Hexaghost","ascension_level":17}