{"gold_per_floor":[116,136,61,61,71,71,98,114,140,152,152,166,166,166,166,289,289,308,331,18,32,46,79,99,99,99,99,142,142,142,160,160,288,288,307,156,181,195,263,263,297,320,320,320,73,89,89,103,103,103],"floor_reached":51,"playtime":7018,"items_purged":["Strike_B","Go for the Eyes","Turbo"],"score":956,"play_id":"bcc719c1-e276-43a2-a14e-2e4e60d7d6ca","local_time":"20190911083502","is_ascension_mode":true,"campfire_choices":[{"data":"Turbo","floor":6.0,"key":"SMITH"},{"floor":13.0,"key":"REST"},{"floor":15.0,"key":"REST"},{"floor":25.0,"key":"REST"},{"data":"Defragment","floor":27.0,"key":"SMITH"},{"data":"Loop","floor":29.0,"key":"SMITH"},{"floor":32.0,"key":"REST"},{"floor":40.0,"key":"REST"},{"data":"Coolheaded","floor":44.0,"key":"SMITH"},{"floor":49.0,"key":"REST"}],"neow_cost":"NONE","seed_source_timestamp":0,"circlet_count":0,"master_deck":["Strike_B","Strike_B","Strike_B","Defend_B","Defend_B","Defend_B","Defend_B","Zap","Dualcast","Turbo+1","Rebound","Cold Snap","Multi-Cast","Barrage","Loop+1","Electrodynamics","Skim+1","Consume+1","Genetic Algorithm","Double Energy","Reinforced Body+1","Defragment+1","Force Field","Force Field","Tempest","Discovery","Meteor Strike","Meteor Strike","Hologram","Coolheaded+1","Hologram","Skim+1","Blizzard","Double Energy","Sunder"],"special_seed":0,"relics":["Cracked Core","Pen Nib","Strawberry","Golden Idol","Snecko Eye","Mercury Hourglass","Dream Catcher","Bottled Flame","Symbiotic Virus","Runic Dome","Ginger","Du-Vu Doll","Pear"],"potions_floor_usage":[50,50,50],"damage_taken":[{"damage":1.0,"enemies":"Cultist","floor":1.0,"turns":3.0},{"damage":0.0,"enemies":"2 Louse","floor":2.0,"turns":3.0},{"damage":5.0,"enemies":"Small Slimes","floor":5.0,"turns":3.0},{"damage":29.0,"enemies":"Lagavulin","floor":7.0,"turns":5.0},{"damage":23.0,"enemies":"Exordium Wildlife","floor":8.0,"turns":4.0},{"damage":6.0,"enemies":"Large Slime","floor":10.0,"turns":5.0},{"damage":11.0,"enemies":"Looter","floor":12.0,"turns":2.0},{"damage":51.0,"enemies":"Hexaghost","floor":16.0,"turns":11.0},{"damage":2.0,"enemies":"Chosen","floor":18.0,"turns":4.0},{"damage":0.0,"enemies":"3 Byrds","floor":19.0,"turns":4.0},{"damage":7.0,"enemies":"Cultist and Chosen","floor":21.0,"turns":4.0},{"damage":10.0,"enemies":"Chosen and Byrds","floor":22.0,"turns":4.0},{"damage":4.0,"enemies":"Gremlin Leader","floor":23.0,"turns":5.0},{"damage":13.0,"enemies":"Snake Plant","floor":24.0,"turns":3.0},{"damage":8.0,"enemies":"Slavers","floor":28.0,"turns":3.0},{"damage":0.0,"enemies":"Cultist and Chosen","floor":31.0,"turns":3.0},{"damage":52.0,"enemies":"Champ","floor":33.0,"turns":8.0},{"damage":1.0,"enemies":"3 Shapes","floor":35.0,"turns":2.0},{"damage":17.0,"enemies":"3 Darklings","floor":37.0,"turns":2.0},{"damage":4.0,"enemies":"Spire Growth","floor":38.0,"turns":3.0},{"damage":20.0,"enemies":"2 Orb Walkers","floor":39.0,"turns":3.0},{"damage":2.0,"enemies":"Reptomancer","floor":41.0,"turns":5.0},{"damage":6.0,"enemies":"Transient","floor":42.0,"turns":5.0},{"damage":0.0,"enemies":"Writhing Mass","floor":46.0,"turns":1.0},{"damage":8.0,"enemies":"Spire Growth","floor":48.0,"turns":3.0},{"damage":40,"enemies":"Awakened One","floor":50,"turns":10}],"seed_played":"-1996078622166372498","potions_obtained":[{"floor":1.0,"key":"AttackPotion"},{"floor":8.0,"key":"Fire Potion"},{"floor":10.0,"key":"FairyPotion"},{"floor":21.0,"key":"Block Potion"},{"floor":23.0,"key":"Ancient Potion"},{"floor":24.0,"key":"Block Potion"},{"floor":28.0,"key":"LiquidBronze"},{"floor":38.0,"key":"LiquidBronze"},{"floor":41.0,"key":"Energy Potion"},{"floor":48.0,"key":"SkillPotion"}],"is_trial":false,"path_per_floor":["M","M","$","?","M","R","E","M","T","M","?","M","R","?","R","B",null,"M","M","$","M","M","E","M","R","T","R","E","R","?","M","R","B",null,"M","$","M","M","?","R","E","M","T","R","$","M","$","M","R","B",null],"character_chosen":"DEFECT","items_purchased":["Mercury Hourglass","Genetic Algorithm","Dexterity Potion","Blizzard","Dexterity Potion"],"campfire_rested":6,"item_purchase_floors":[20,20,36,45,45],"current_hp_per_floor":[74,74,74,74,69,69,40,17,24,18,47,36,62,40,66,15,71,69,69,69,62,52,48,35,61,61,61,53,53,53,53,79,27,74,73,73,56,52,32,58,56,50,60,60,60,60,60,52,81,41],"gold":103,"neow_bonus":"TEN_PERCENT_HP_BONUS","is_prod":false,"is_daily":false,"chose_seed":false,"campfire_upgraded":4,"win_rate":0,"timestamp":1568183702,"path_taken":["M","M","$","?","M","R","E","M","T","M","?","M","R","?","R","BOSS","M","M","$","M","M","E","M","R","T","R","E","R","?","M","R","BOSS","M","$","?","M","?","R","E","M","T","R","$","M","$","M","R","BOSS"],"build_version":"2019-07-17","purchased_purges":3,"victory":true,"max_hp_per_floor":[82,82,82,82,82,82,82,82,89,89,89,89,89,89,89,89,89,89,89,89,89,89,89,89,89,89,89,89,89,89,89,89,89,89,89,89,89,89,89,89,89,89,99,99,99,99,99,99,99,99],"card_choices":[{"not_picked":["Steam Power","Steam"],"picked":"Turbo","floor":1.0},{"not_picked":["Steam","Sweeping Beam"],"picked":"Rebound","floor":2.0},{"not_picked":["Conserve Battery","Go for the Eyes"],"picked":"Cold Snap","floor":5.0},{"not_picked":["Go for the Eyes","Barrage"],"picked":"Multi-Cast","floor":7.0},{"not_picked":["Hologram","Conserve Battery"],"picked":"Barrage","floor":8.0},{"not_picked":["Go for the Eyes","Steam"],"picked":"Loop","floor":10.0},{"not_picked":["Steam","FTL"],"picked":"Go for the Eyes","floor":12.0},{"not_picked":["Buffer","Fission"],"picked":"Electrodynamics","floor":16.0},{"not_picked":["Redo","Rebound+1"],"picked":"Skim+1","floor":18.0},{"not_picked":["Rebound","Lockon"],"picked":"Consume+1","floor":19.0},{"not_picked":["Storm","Sweeping Beam"],"picked":"Double Energy","floor":21.0},{"not_picked":["Redo","Steam"],"picked":"Turbo","floor":22.0},{"not_picked":["Hologram","Steam Power"],"picked":"Reinforced Body+1","floor":23.0},{"not_picked":["Chill","Tempest"],"picked":"Defragment","floor":24.0},{"not_picked":["Turbo","Barrage"],"picked":"Force Field","floor":25.0},{"not_picked":["Genetic Algorithm+1","Self Repair"],"picked":"Force Field","floor":28.0},{"not_picked":["Auto Shields+1","Fusion+1","Scrape"],"picked":"SKIP","floor":31.0},{"not_picked":["Blizzard","Turbo+1"],"picked":"Meteor Strike","floor":32.0},{"not_picked":["Biased Cognition","Hyperbeam"],"picked":"Meteor Strike","floor":33.0},{"not_picked":["Steam Power","Recycle+1","Storm+1"],"picked":"SKIP","floor":35.0},{"not_picked":["Steam+1","Conserve Battery"],"picked":"Hologram","floor":37.0},{"not_picked":["FTL","Genetic Algorithm+1"],"picked":"Coolheaded","floor":38.0},{"not_picked":["Fission","Cold Snap+1"],"picked":"Hologram","floor":41.0},{"not_picked":["Redo+1","Hologram+1"],"picked":"Skim+1","floor":42.0},{"not_picked":["FTL","Barrage+1","Ball Lightning+1"],"picked":"SKIP","floor":46.0},{"not_picked":["Compile Driver","Stack"],"picked":"Double Energy","floor":48.0},{"not_picked":["Scrape+1","Leap"],"picked":"Sunder","floor":49.0}],"player_experience":254157,"relics_obtained":[{"floor":7.0,"key":"Pen Nib"},{"floor":9.0,"key":"Strawberry"},{"floor":23.0,"key":"Dream Catcher"},{"floor":26.0,"key":"Bottled Flame"},{"floor":28.0,"key":"Symbiotic Virus"},{"floor":39.0,"key":"Ginger"},{"floor":41.0,"key":"Du-Vu Doll"},{"floor":43.0,"key":"Pear"}],"event_choices":[{"damage_healed":0.0,"max_hp_gain":0.0,"max_hp_loss":0.0,"gold_gain":0.0,"event_name":"Liars Game","player_choice":"Ignored","floor":4.0,"gold_loss":0.0,"damage_taken":0.0},{"damage_healed":29.0,"max_hp_gain":0.0,"max_hp_loss":0.0,"gold_gain":0.0,"event_name":"Big Fish","player_choice":"Banana","floor":11.0,"gold_loss":0.0,"damage_taken":0.0},{"damage_healed":0.0,"max_hp_gain":0.0,"max_hp_loss":0.0,"gold_gain":0.0,"event_name":"Golden Idol","player_choice":"Take Damage","floor":14.0,"gold_loss":0.0,"damage_taken":22.0,"relics_obtained":["Golden Idol"]},{"damage_healed":0.0,"max_hp_gain":0.0,"max_hp_loss":0.0,"gold_gain":0.0,"event_name":"Match and Keep!","player_choice":"2 cards matched","floor":30.0,"gold_loss":0.0,"damage_taken":0.0,"cards_obtained":["Tempest","Discovery"]},{"damage_healed":0.0,"max_hp_gain":0.0,"max_hp_loss":0.0,"gold_gain":0.0,"event_name":"Mysterious Sphere","player_choice":"Fight","floor":39.0,"gold_loss":0.0,"damage_taken":0.0}],"is_beta":false,"boss_relics":[{"not_picked":["Pandora\u0027s Box","Nuclear Battery"],"picked":"Snecko Eye"},{"not_picked":["Sozu","Tiny House"],"picked":"Runic Dome"}],"items_purged_floors":[3,36,45],"is_endless":false,"potions_floor_spawned":[1,8,10,21,23,24,28,38,41,46,48],"ascension_level":7}