{"gold_per_floor":[366,366,389,190,209,209,159,177,177,200,2,45,65,106,106,229,229,254,254,229,243,264,264,314,333,333,348,348,361,12,43,43,168,168,192,205,230,45,70,70,101,101,101,101],"floor_reached":44,"playtime":1408,"items_purged":["Writhe"],"score":572,"play_id":"b88a8a73-1834-4d9a-9523-ec6c5d416eeb","local_time":"20190718185513","is_ascension_mode":false,"campfire_choices":[{"data":"Perfected Strike","floor":6.0,"key":"SMITH"},{"data":"Perfected Strike","floor":15.0,"key":"SMITH"},{"floor":23.0,"key":"RECALL"},{"data":"Immolate","floor":28.0,"key":"SMITH"},{"floor":32.0,"key":"REST"},{"data":"Perfected Strike","floor":40.0,"key":"SMITH"},{"floor":42,"key":"REST"}],"neow_cost":"CURSE","seed_source_timestamp":3007898256783617,"circlet_count":0,"master_deck":["Strike_R+1","Strike_R","Strike_R","Strike_R","Strike_R","Defend_R+1","Defend_R","Defend_R","Bash+1","Shockwave","Perfected Strike+1","Pommel Strike","Perfected Strike+1","Battle Trance","Immolate+1","Shrug It Off","Twin Strike","Armaments+1","Twin Strike+1","Spot Weakness+1","Battle Trance+1","Metamorphosis+1","Perfected Strike+1","Inflame"],"special_seed":0,"relics":["Burning Blood","Golden Idol","Tiny Chest","Whetstone","Lee\u0027s Waffle","Singing Bowl","Bottled Flame","Philosopher\u0027s Stone","HandDrill","Centennial Puzzle","Potion Belt","Eternal Feather","Vajra","War Paint"],"potions_floor_usage":[41],"damage_taken":[{"damage":6.0,"enemies":"Jaw Worm","floor":1.0,"turns":3.0},{"damage":2.0,"enemies":"Cultist","floor":3.0,"turns":4.0},{"damage":7.0,"enemies":"Small Slimes","floor":5.0,"turns":3.0},{"damage":4.0,"enemies":"2 Fungi Beasts","floor":8.0,"turns":3.0},{"damage":15.0,"enemies":"Exordium Thugs","floor":10.0,"turns":2.0},{"damage":26.0,"enemies":"Lagavulin","floor":12.0,"turns":5.0},{"damage":13.0,"enemies":"Red Slaver","floor":13.0,"turns":2.0},{"damage":0.0,"enemies":"Gremlin Nob","floor":14.0,"turns":2.0},{"damage":58.0,"enemies":"The Guardian","floor":16.0,"turns":8.0},{"damage":10.0,"enemies":"2 Thieves","floor":18.0,"turns":2.0},{"damage":8.0,"enemies":"Chosen","floor":21.0,"turns":2.0},{"damage":33.0,"enemies":"Shelled Parasite and Fungi","floor":22.0,"turns":4.0},{"damage":16.0,"enemies":"Snecko","floor":25.0,"turns":3.0},{"damage":1.0,"enemies":"Centurion and Healer","floor":27.0,"turns":3.0},{"damage":11.0,"enemies":"Snake Plant","floor":29.0,"turns":2.0},{"damage":0.0,"enemies":"Gremlin Leader","floor":31.0,"turns":4.0},{"damage":47.0,"enemies":"Collector","floor":33.0,"turns":6.0},{"damage":11.0,"enemies":"Orb Walker","floor":35.0,"turns":3.0},{"damage":12.0,"enemies":"3 Shapes","floor":36.0,"turns":3.0},{"damage":49.0,"enemies":"Writhing Mass","floor":37.0,"turns":4.0},{"damage":33.0,"enemies":"Sphere and 2 Shapes","floor":39.0,"turns":5.0},{"damage":48,"enemies":"Reptomancer","floor":41,"turns":6},{"damage":63,"enemies":"Giant Head","floor":44,"turns":6}],"seed_played":"1414549214289837726","potions_obtained":[{"floor":1.0,"key":"Dexterity Potion"},{"floor":3.0,"key":"Energy Potion"},{"floor":10.0,"key":"Block Potion"},{"floor":12.0,"key":"Block Potion"},{"floor":16.0,"key":"GamblersBrew"},{"floor":18.0,"key":"SpeedPotion"},{"floor":35.0,"key":"FearPotion"},{"floor":36.0,"key":"BloodPotion"}],"is_trial":false,"path_per_floor":["M","?","M","$","M","R","?","M","T","M","$","E","M","E","R","B",null,"M","?","$","M","M","R","?","M","T","M","R","M","$","E","R","B",null,"M","M","M","$","M","R","E","R","T","E"],"character_chosen":"IRONCLAD","items_purchased":["Tiny Chest","Lee\u0027s Waffle","Twin Strike","HandDrill","Centennial Puzzle","Metamorphosis"],"campfire_rested":2,"item_purchase_floors":[4,11,20,30,30,38],"current_hp_per_floor":[80,60,64,64,63,63,63,65,65,56,87,69,62,70,70,18,91,89,89,89,89,64,64,64,54,54,61,61,56,56,64,94,55,103,98,92,51,51,50,62,20,63,63,0],"gold":101,"neow_bonus":"TWO_FIFTY_GOLD","is_prod":false,"is_daily":false,"chose_seed":false,"campfire_upgraded":4,"win_rate":0,"timestamp":1563490513,"path_taken":["M","?","M","$","M","R","?","M","T","?","?","E","M","E","R","BOSS","M","?","$","M","M","R","?","M","T","M","R","M","$","E","R","BOSS","M","M","M","$","M","R","E","R","T","E"],"build_version":"2019-07-17","purchased_purges":1,"victory":false,"max_hp_per_floor":[80,80,80,80,80,80,80,80,80,80,87,89,89,91,91,91,91,93,93,93,95,97,97,97,97,97,99,99,99,99,101,101,103,103,103,103,105,105,105,105,105,105,105,105],"card_choices":[{"not_picked":["Warcry","Armaments"],"picked":"Shockwave","floor":1.0},{"not_picked":["Uppercut","Clothesline"],"picked":"Perfected Strike","floor":3.0},{"not_picked":["Wild Strike","Infernal Blade"],"picked":"Pommel Strike","floor":5.0},{"not_picked":["Wild Strike","Flex"],"picked":"Perfected Strike","floor":8.0},{"not_picked":["Pummel","Anger","Headbutt"],"picked":"SKIP","floor":10.0},{"not_picked":["Cleave","Thunderclap","Anger"],"picked":"Singing Bowl","floor":12.0},{"not_picked":["Sword Boomerang","Bloodletting"],"picked":"Battle Trance","floor":13.0},{"not_picked":["Berserk","Clash","Clothesline"],"picked":"Singing Bowl","floor":14.0},{"not_picked":["Offering","Brutality"],"picked":"Immolate","floor":16.0},{"not_picked":["True Grit+1","Feel No Pain","Clothesline"],"picked":"Singing Bowl","floor":18.0},{"not_picked":["Hemokinesis","Havoc","Warcry"],"picked":"Singing Bowl","floor":21.0},{"not_picked":["Cleave","Wild Strike","Clash"],"picked":"Singing Bowl","floor":22.0},{"not_picked":["Cleave+1","Limit Break"],"picked":"Armaments+1","floor":25.0},{"not_picked":["Infernal Blade","Ghostly Armor","Sword Boomerang"],"picked":"Singing Bowl","floor":27.0},{"not_picked":["Reaper","True Grit"],"picked":"Twin Strike+1","floor":29.0},{"not_picked":["Blood for Blood","Body Slam+1","Wild Strike"],"picked":"Singing Bowl","floor":31.0},{"not_picked":["Feed","Reaper","Fiend Fire"],"picked":"Singing Bowl","floor":33.0},{"not_picked":["Dual Wield+1","Rage"],"picked":"Spot Weakness+1","floor":35.0},{"not_picked":["Anger","Corruption+1"],"picked":"Battle Trance+1","floor":36.0},{"not_picked":["Whirlwind+1","Rage","Second Wind+1"],"picked":"Singing Bowl","floor":37.0},{"not_picked":["Fire Breathing+1","Body Slam"],"picked":"Perfected Strike","floor":39.0},{"not_picked":["Ghostly Armor","Infernal Blade"],"picked":"Inflame","floor":41}],"player_experience":443899,"relics_obtained":[{"floor":9.0,"key":"Whetstone"},{"floor":12.0,"key":"Singing Bowl"},{"floor":14.0,"key":"Bottled Flame"},{"floor":31.0,"key":"Potion Belt"},{"floor":41,"key":"Vajra"},{"floor":43,"key":"War Paint"}],"event_choices":[{"damage_healed":0.0,"max_hp_gain":0.0,"max_hp_loss":0.0,"gold_gain":0.0,"event_name":"Golden Idol","player_choice":"Take Damage","floor":2.0,"gold_loss":0.0,"damage_taken":20.0,"relics_obtained":["Golden Idol"]},{"cards_removed":["Defend_R"],"damage_healed":0.0,"max_hp_gain":0.0,"max_hp_loss":0.0,"gold_gain":0.0,"event_name":"The Cleric","player_choice":"Card Removal","floor":7.0,"gold_loss":50.0,"damage_taken":0.0},{"damage_healed":0.0,"max_hp_gain":0.0,"max_hp_loss":0.0,"gold_gain":0.0,"event_name":"The Library","player_choice":"Read","floor":19.0,"gold_loss":0.0,"damage_taken":0.0,"cards_obtained":["Shrug It Off"]},{"damage_healed":0.0,"max_hp_gain":0.0,"max_hp_loss":0.0,"gold_gain":100.0,"event_name":"The Joust","player_choice":"Bet on Murderer","floor":24.0,"gold_loss":50.0,"damage_taken":0.0}],"is_beta":false,"boss_relics":[{"not_picked":["Pandora\u0027s Box","Ectoplasm"],"picked":"Philosopher\u0027s Stone"},{"not_picked":["Lizard Tail","Busted Crown"],"picked":"Eternal Feather"}],"items_purged_floors":[4],"is_endless":false,"potions_floor_spawned":[1,3,10,12,13,16,18,22,35,36],"killed_by":"Giant Head","ascension_level":0}