{"gold_per_floor":[110,185,185,185,185,185,110,110,110,137,148,167,142,161,161,161],"floor_reached":16,"playtime":518,"items_purged":["Regret"],"score":98,"play_id":"874e6c30-f40e-4ffd-b45a-f2ee77f8285e","local_time":"20190528012024","is_ascension_mode":false,"campfire_choices":[{"data":"Bash","floor":6.0,"key":"SMITH"},{"floor":8.0,"key":"REST"},{"floor":15.0,"key":"REST"}],"neow_cost":"NONE","seed_source_timestamp":1095096445941098,"circlet_count":0,"master_deck":["Strike_R","Strike_R","Strike_R","Strike_R","Defend_R","Defend_R","Defend_R","Defend_R","Bash+1","Shrug It Off","Shrug It Off"],"special_seed":0,"relics":["Burning Blood","Potion Belt","Red Skull","Gremlin Horn","Happy Flower"],"potions_floor_usage":[16,16,16],"damage_taken":[{"damage":0.0,"enemies":"Small Slimes","floor":1.0,"turns":3.0},{"damage":54.0,"enemies":"Lagavulin","floor":10.0,"turns":6.0},{"damage":0.0,"enemies":"Cultist","floor":11.0,"turns":2.0},{"damage":1.0,"enemies":"Jaw Worm","floor":12.0,"turns":2.0},{"damage":6.0,"enemies":"Exordium Wildlife","floor":14.0,"turns":3.0},{"damage":69,"enemies":"Hexaghost","floor":16,"turns":16}],"seed_played":"8906627829094218455","potions_obtained":[{"floor":5.0,"key":"Energy Potion"},{"floor":5.0,"key":"Poison Potion"},{"floor":5.0,"key":"SpeedPotion"},{"floor":11.0,"key":"AttackPotion"},{"floor":14.0,"key":"GamblersBrew"}],"is_trial":false,"path_per_floor":["M","?","?","?","?","R","$","R","T","E","M","M","$","M","R","B"],"character_chosen":"IRONCLAD","items_purchased":["Shrug It Off"],"campfire_rested":2,"item_purchase_floors":[13],"current_hp_per_floor":[80,69,62,62,62,62,62,80,80,32,38,43,43,43,67,0],"gold":161,"neow_bonus":"RANDOM_COMMON_RELIC","is_prod":false,"is_daily":false,"chose_seed":false,"campfire_upgraded":1,"win_rate":0,"timestamp":1559020824,"path_taken":["M","?","?","?","?","R","$","R","T","E","?","M","$","M","R","BOSS"],"build_version":"2019-01-23","purchased_purges":1,"victory":false,"max_hp_per_floor":[80,80,80,80,80,80,80,80,80,80,80,80,80,80,80,80],"card_choices":[{"not_picked":["Cleave","Sword Boomerang","True Grit"],"picked":"SKIP","floor":1.0},{"not_picked":["Fire Breathing","Clothesline","Anger"],"picked":"SKIP","floor":10.0},{"not_picked":["Dropkick","Cleave","Heavy Blade"],"picked":"SKIP","floor":11.0},{"not_picked":["Dropkick","Cleave","Heavy Blade"],"picked":"SKIP","floor":11.0},{"not_picked":["Immolate","Blood for Blood","Headbutt"],"picked":"SKIP","floor":12.0},{"not_picked":["Immolate","Blood for Blood","Headbutt"],"picked":"SKIP","floor":12.0},{"not_picked":["Warcry","Spot Weakness"],"picked":"Shrug It Off","floor":14.0}],"player_experience":293654,"relics_obtained":[{"floor":9.0,"key":"Gremlin Horn"},{"floor":10.0,"key":"Happy Flower"}],"event_choices":[{"damage_healed":0.0,"max_hp_gain":0.0,"max_hp_loss":0.0,"gold_gain":75.0,"event_name":"World of Goop","player_choice":"Gather Gold","floor":2.0,"gold_loss":0.0,"damage_taken":11.0},{"cards_removed":["Strike_R"],"damage_healed":0.0,"max_hp_gain":0.0,"max_hp_loss":0.0,"gold_gain":0.0,"event_name":"Golden Wing","player_choice":"Card Removal","floor":3.0,"gold_loss":0.0,"damage_taken":7.0},{"damage_healed":0.0,"max_hp_gain":0.0,"max_hp_loss":0.0,"gold_gain":0.0,"event_name":"Big Fish","player_choice":"Box","floor":4.0,"gold_loss":0.0,"damage_taken":0.0,"relics_obtained":["Red Skull"],"cards_obtained":["Regret"]},{"damage_healed":0.0,"max_hp_gain":0.0,"max_hp_loss":0.0,"gold_gain":0.0,"event_name":"Lab","player_choice":"Got Potions","floor":5.0,"gold_loss":0.0,"damage_taken":0.0}],"is_beta":false,"boss_relics":[],"items_purged_floors":[7],"is_endless":false,"potions_floor_spawned":[11,14],"killed_by":"Hexaghost","ascension_level":0}