{"gold_per_floor":[114,134,134,134,134,134,159,159,184,199,199,225,42,42,42,138,138,151,151,151,168,202,202,202],"floor_reached":24,"playtime":879,"items_purged":[],"score":250,"play_id":"049f1bf6-5bea-48c9-b5a2-bb78b2d7eb85","local_time":"20180908211326","is_ascension_mode":true,"campfire_choices":[{"data":"Perfected Strike","floor":6.0,"key":"SMITH"},{"floor":8.0,"key":"REST"},{"data":"Cleave","floor":11.0,"key":"SMITH"},{"floor":15.0,"key":"REST"},{"floor":23,"key":"REST"}],"neow_cost":"PERCENT_DAMAGE","seed_source_timestamp":164616211592187,"circlet_count":0,"master_deck":["Strike_R","Strike_R+1","Strike_R","Strike_R","Strike_R","Defend_R","Bash+1","Cleave+1","Perfected Strike+1","Bludgeon","Immolate","Feed","Flex+1","Pain","Twin Strike"],"special_seed":0,"relics":["Burning Blood","Bird Faced Urn","Whetstone","Art of War","Lantern","Tiny Chest","The Courier","Empty Cage","WarpedTongs","FaceOfCleric","Red Mask"],"potions_floor_usage":[22],"damage_taken":[{"damage":13.0,"enemies":"Jaw Worm","floor":1.0,"turns":4.0},{"damage":6.0,"enemies":"Cultist","floor":2.0,"turns":4.0},{"damage":40.0,"enemies":"Lagavulin","floor":7.0,"turns":5.0},{"damage":12.0,"enemies":"Small Slimes","floor":10.0,"turns":2.0},{"damage":30.0,"enemies":"3 Sentries","floor":12.0,"turns":5.0},{"damage":42.0,"enemies":"Slime Boss","floor":16.0,"turns":9.0},{"damage":33.0,"enemies":"2 Thieves","floor":18.0,"turns":3.0},{"damage":14.0,"enemies":"Spheric Guardian","floor":21.0,"turns":3.0},{"damage":34,"enemies":"Masked Bandits","floor":22,"turns":4},{"damage":58,"enemies":"Book of Stabbing","floor":24,"turns":3}],"seed_played":"-9136785923118138211","potions_obtained":[{"floor":2.0,"key":"Ancient Potion"},{"floor":7.0,"key":"AttackPotion"},{"floor":10.0,"key":"BloodPotion"},{"floor":18.0,"key":"Fire Potion"}],"is_trial":false,"path_per_floor":["M","M","?","?","?","R","E","R","T","M","R","E","$","?","R","B",null,"M","?","?","M","?","R"],"character_chosen":"IRONCLAD","items_purchased":["Immolate","Tiny Chest"],"campfire_rested":3,"item_purchase_floors":[13,13],"current_hp_per_floor":[49,49,49,49,75,75,41,65,65,59,59,43,43,40,64,28,67,43,43,43,40,17,44,0],"gold":202,"neow_bonus":"ONE_RARE_RELIC","is_prod":false,"is_daily":false,"chose_seed":false,"campfire_upgraded":2,"win_rate":0,"timestamp":1536455606,"path_taken":["M","M","?","?","?","R","E","R","T","?","R","E","$","?","R","BOSS","M","?","?","M","?","R","E"],"build_version":"2018-09-06","purchased_purges":0,"victory":false,"max_hp_per_floor":[80,80,80,80,80,80,80,80,80,80,80,80,80,80,80,80,80,83,83,83,88,93,93,93],"card_choices":[{"not_picked":["Headbutt","Burning Pact"],"picked":"Cleave","floor":1.0},{"not_picked":["Sword Boomerang","Heavy Blade"],"picked":"Perfected Strike","floor":2.0},{"not_picked":["Shockwave","Hemokinesis","Blood for Blood"],"picked":"SKIP","floor":7.0},{"not_picked":["Rupture","Clothesline","Wild Strike"],"picked":"SKIP","floor":10.0},{"not_picked":["Sentinel","Perfected Strike"],"picked":"Bludgeon","floor":12.0},{"not_picked":["Bludgeon","Exhume"],"picked":"Feed","floor":16.0},{"not_picked":["Iron Wave","Clash"],"picked":"Flex+1","floor":18.0},{"not_picked":["Searing Blow","Havoc"],"picked":"Twin Strike","floor":21.0}],"player_experience":203734,"relics_obtained":[{"floor":7.0,"key":"Whetstone"},{"floor":9.0,"key":"Art of War"},{"floor":12.0,"key":"Lantern"},{"floor":22,"key":"Red Mask"}],"event_choices":[{"event_name":"The Woman in Blue","player_choice":"Bought 0 Potions","floor":3.0,"damage_taken":0.0},{"event_name":"Purifier","player_choice":"One Purge","floor":4.0,"damage_taken":0.0},{"event_name":"Big Fish","player_choice":"Banana","floor":5.0,"damage_taken":0.0},{"event_name":"Scrap Ooze","player_choice":"success","floor":14.0,"damage_taken":3.0},{"event_name":"Accursed Blacksmith","player_choice":"Rummage","floor":19.0,"damage_taken":0.0},{"event_name":"FaceTrader","player_choice":"Trade","floor":20.0,"damage_taken":0.0},{"event_name":"Masked Bandits","player_choice":"Fought Bandits","floor":22,"damage_taken":0}],"is_beta":false,"boss_relics":[{"not_picked":["Fusion Hammer","Runic Pyramid"],"picked":"Empty Cage"}],"items_purged_floors":[],"is_endless":false,"potions_floor_spawned":[2,7,10,18],"killed_by":"Book of Stabbing","ascension_level":5}