{"gold_per_floor":[113,63,63,77,89,121,16,16,41,61,77,77,92,104,104,202,202,219,235,235,46,56,56,69,69,92,92,17,17,32,50,50,152,152,165,165,177,177],"floor_reached":38,"playtime":4615,"items_purged":[],"score":380,"play_id":"6c8945df-5971-4a03-a1e6-fc5400ef6ef0","local_time":"20190617234308","is_ascension_mode":false,"campfire_choices":[{"data":"Footwork","floor":8.0,"key":"SMITH"},{"data":"Footwork","floor":12.0,"key":"SMITH"},{"floor":15.0,"key":"REST"},{"data":"Catalyst","floor":23.0,"key":"SMITH"},{"data":"Deflect","floor":25.0,"key":"SMITH"},{"data":"Leg Sweep","floor":32.0,"key":"SMITH"}],"neow_cost":"NONE","seed_source_timestamp":343453290420540,"circlet_count":0,"master_deck":["Defend_G","Defend_G","Defend_G","Defend_G","Defend_G","Strike_G","Strike_G","Strike_G","Survivor","Neutralize","Footwork+1","Backflip","Backflip","Backstab","Footwork+1","Catalyst+1","Crippling Poison","Escape Plan","Venomology","Dagger Spray+1","Deadly Poison+1","Leg Sweep+1","Dodge and Roll","Deflect+1","Backstab+1","Decay","Writhe","Doubt","Skewer+1"],"special_seed":0,"relics":["Ring of the Snake","NeowsBlessing","NlothsMask","Pen Nib","Cursed Key","Potion Belt","Happy Flower","Calling Bell","Ice Cream","Bag of Marbles","Pantograph"],"potions_floor_usage":[35,35,38],"damage_taken":[{"damage":0.0,"enemies":"2 Louse","floor":1.0,"turns":1.0},{"damage":0.0,"enemies":"Cultist","floor":4.0,"turns":1.0},{"damage":0.0,"enemies":"Small Slimes","floor":5.0,"turns":1.0},{"damage":15.0,"enemies":"3 Sentries","floor":6.0,"turns":20.0},{"damage":0.0,"enemies":"Gremlin Gang","floor":10.0,"turns":7.0},{"damage":5.0,"enemies":"Exordium Wildlife","floor":11.0,"turns":7.0},{"damage":6.0,"enemies":"Large Slime","floor":13.0,"turns":7.0},{"damage":1.0,"enemies":"Blue Slaver","floor":14.0,"turns":3.0},{"damage":10.0,"enemies":"The Guardian","floor":16.0,"turns":20.0},{"damage":0.0,"enemies":"Shell Parasite","floor":18.0,"turns":9.0},{"damage":2.0,"enemies":"Spheric Guardian","floor":19.0,"turns":6.0},{"damage":0.0,"enemies":"Shelled Parasite and Fungi","floor":22.0,"turns":6.0},{"damage":0.0,"enemies":"Centurion and Healer","floor":24.0,"turns":7.0},{"damage":10.0,"enemies":"3 Cultists","floor":30.0,"turns":11.0},{"damage":0.0,"enemies":"Snake Plant","floor":31.0,"turns":4.0},{"damage":27.0,"enemies":"Automaton","floor":33.0,"turns":14.0},{"damage":0,"enemies":"3 Darklings","floor":35,"turns":9},{"damage":0,"enemies":"Orb Walker","floor":37,"turns":4},{"damage":70,"enemies":"Maw","floor":38,"turns":11}],"seed_played":"-2591061346472525007","potions_obtained":[{"floor":5.0,"key":"SkillPotion"},{"floor":6.0,"key":"AttackPotion"},{"floor":10.0,"key":"Dexterity Potion"},{"floor":22.0,"key":"Strength Potion"},{"floor":33.0,"key":"Weak Potion"},{"floor":35,"key":"AttackPotion"}],"is_trial":false,"path_per_floor":["M","?","?","M","M","E","$","R","T","M","M","R","M","M","R","B",null,"M","M","?","$","M","R","M","R","T","?","?","?","M","M","R","B",null,"M","?","M","M"],"character_chosen":"THE_SILENT","items_purchased":["Footwork","Catalyst","Potion Belt","Leg Sweep"],"campfire_rested":1,"item_purchase_floors":[7,7,21,21],"current_hp_per_floor":[70,70,70,70,70,55,55,55,55,55,50,50,44,43,64,54,70,70,68,68,68,68,68,68,68,68,68,68,68,67,67,67,40,70,70,70,70,0],"gold":177,"neow_bonus":"THREE_ENEMY_KILL","is_prod":false,"is_daily":false,"chose_seed":false,"campfire_upgraded":5,"win_rate":0,"timestamp":1560829388,"path_taken":["M","?","?","M","?","E","?","R","T","M","M","R","M","M","R","BOSS","M","M","?","$","M","R","?","R","T","?","?","?","?","M","R","BOSS","M","?","?","M"],"build_version":"2019-01-23","purchased_purges":0,"victory":false,"max_hp_per_floor":[70,70,70,70,70,70,70,70,70,70,70,70,70,70,70,70,70,70,70,70,70,70,70,70,70,70,70,70,70,70,70,70,70,70,70,70,70,70],"card_choices":[{"not_picked":["Poisoned Stab","Reflex"],"picked":"Footwork","floor":1.0},{"not_picked":["Escape Plan","Dagger Spray"],"picked":"Backflip","floor":4.0},{"not_picked":["Setup","Blade Dance"],"picked":"Backflip","floor":5.0},{"not_picked":["Eviscerate","Poisoned Stab"],"picked":"Backstab","floor":6.0},{"not_picked":["Caltrops","Heel Hook","Footwork"],"picked":"SKIP","floor":10.0},{"not_picked":["Prepared","Glass Knife"],"picked":"Crippling Poison","floor":11.0},{"not_picked":["Poisoned Stab","Sucker Punch"],"picked":"Escape Plan","floor":13.0},{"not_picked":["Quick Slash","Flying Knee","Backflip"],"picked":"SKIP","floor":14.0},{"not_picked":["Phantasmal Killer","Grand Finale"],"picked":"Venomology","floor":16.0},{"not_picked":["Cloak And Dagger","Sucker Punch"],"picked":"Dagger Spray+1","floor":18.0},{"not_picked":["Dodge and Roll","All Out Attack"],"picked":"Deadly Poison+1","floor":19.0},{"not_picked":["Cloak And Dagger","Dagger Spray"],"picked":"Dodge and Roll","floor":22.0},{"not_picked":["Grand Finale","Deflect","PiercingWail"],"picked":"SKIP","floor":24.0},{"not_picked":["Grand Finale","PiercingWail"],"picked":"Deflect","floor":24.0},{"not_picked":["Underhanded Strike","All Out Attack"],"picked":"Backstab+1","floor":30.0},{"not_picked":["Dagger Spray","Skewer","Leg Sweep"],"picked":"SKIP","floor":31.0},{"not_picked":["All Out Attack+1","Terror+1"],"picked":"Skewer+1","floor":35},{"not_picked":["Bane","Flechettes+1","Deadly Poison"],"picked":"SKIP","floor":37}],"player_experience":377409,"relics_obtained":[{"floor":6.0,"key":"Pen Nib"},{"floor":26.0,"key":"Happy Flower"},{"floor":34.0,"key":"Ice Cream"},{"floor":34.0,"key":"Bag of Marbles"},{"floor":34.0,"key":"Pantograph"}],"event_choices":[{"cards_removed":["Strike_G"],"damage_healed":0.0,"max_hp_gain":0.0,"max_hp_loss":0.0,"gold_gain":0.0,"event_name":"The Cleric","player_choice":"Card Removal","floor":2.0,"gold_loss":50.0,"damage_taken":0.0},{"damage_healed":0.0,"max_hp_gain":0.0,"max_hp_loss":0.0,"gold_gain":0.0,"event_name":"FaceTrader","player_choice":"Trade","floor":3.0,"gold_loss":0.0,"damage_taken":0.0,"relics_obtained":["NlothsMask"]},{"damage_healed":0.0,"max_hp_gain":0.0,"max_hp_loss":0.0,"gold_gain":0.0,"event_name":"Match and Keep!","player_choice":"0 cards matched","floor":20.0,"gold_loss":0.0,"damage_taken":0.0,"cards_obtained":[]},{"damage_healed":0.0,"max_hp_gain":0.0,"max_hp_loss":0.0,"gold_gain":0.0,"event_name":"Vampires","player_choice":"Ignored","floor":27.0,"gold_loss":0.0,"damage_taken":0.0},{"cards_removed":["Pain"],"damage_healed":0.0,"max_hp_gain":0.0,"max_hp_loss":0.0,"gold_gain":0.0,"event_name":"Beggar","player_choice":"Gave Gold","floor":28.0,"gold_loss":75.0,"damage_taken":0.0},{"damage_healed":0.0,"max_hp_gain":0.0,"max_hp_loss":0.0,"gold_gain":0.0,"event_name":"NoteForYourself","player_choice":"Ignored","floor":29.0,"gold_loss":0.0,"damage_taken":0.0},{"cards_removed":["Strike_G"],"damage_healed":0,"gold_gain":0,"player_choice":"Purged","damage_taken":0,"max_hp_gain":0,"max_hp_loss":0,"event_name":"Purifier","floor":36,"gold_loss":0}],"is_beta":false,"boss_relics":[{"not_picked":["Eternal Feather","Astrolabe"],"picked":"Cursed Key"},{"not_picked":["Pandora\u0027s Box","Tiny House"],"picked":"Calling Bell"}],"items_purged_floors":[],"is_endless":false,"potions_floor_spawned":[5,6,10,22,33,35],"killed_by":"Maw","ascension_level":0}