{"gold_per_floor":[118,118,118,43,57,57,68,68,122,139,139,139,157,182,182,281,281,296,282,182,198,216,229,242,242,296,296,49,78,78,89,89,189,189,204,204,222,73,88,88,106,106,151,177,104,121,30,47,47,47],"floor_reached":50,"playtime":3384,"items_purged":["Strike_R","Strike_R"],"score":491,"play_id":"50dcf364-bc61-47a8-bf2e-9956cc201697","local_time":"20190911214454","is_ascension_mode":false,"campfire_choices":[{"data":"Rampage","floor":6.0,"key":"SMITH"},{"data":"Shrug It Off","floor":8.0,"key":"SMITH"},{"data":"Whirlwind","floor":11.0,"key":"SMITH"},{"data":"Demon Form","floor":15.0,"key":"SMITH"},{"floor":25.0,"key":"REST"},{"floor":32,"key":"REST"},{"floor":40,"key":"REST"},{"floor":42,"key":"REST"},{"floor":49,"key":"REST"}],"neow_cost":"NONE","seed_source_timestamp":1400500029855,"circlet_count":0,"master_deck":["Strike_R+1","Defend_R","Defend_R+1","Defend_R","Bash+1","Power Through","Rampage+1","Shrug It Off+1","Whirlwind+1","Demon Form+1","Barricade","Twin Strike","Battle Trance","Seeing Red","Corruption+1","Warcry+1","Shrug It Off","Iron Wave","Iron Wave","Juggernaut","Spot Weakness+1","Sever Soul+1","Limit Break","Inflame","Flame Barrier","Parasite","Inflame","True Grit","Heavy Blade+1"],"special_seed":0,"relics":["Burning Blood","Orichalcum","Pen Nib","Mummified Hand","Runic Cube","Anchor","Nilry\u0027s Codex","Mercury Hourglass","Bottled Flame","Empty Cage","War Paint","Dream Catcher"],"potions_floor_usage":[31,37,41,41,50,50],"damage_taken":[{"damage":1.0,"enemies":"Cultist","floor":1.0,"turns":3.0},{"damage":2.0,"enemies":"Small Slimes","floor":5.0,"turns":6.0},{"damage":0.0,"enemies":"Jaw Worm","floor":7.0,"turns":2.0},{"damage":4.0,"enemies":"Exordium Thugs","floor":10.0,"turns":3.0},{"damage":5.0,"enemies":"Exordium Wildlife","floor":13.0,"turns":4.0},{"damage":9.0,"enemies":"3 Sentries","floor":14.0,"turns":4.0},{"damage":30.0,"enemies":"Hexaghost","floor":16.0,"turns":8.0},{"damage":21.0,"enemies":"Chosen","floor":18.0,"turns":5.0},{"damage":14.0,"enemies":"2 Thieves","floor":19.0,"turns":4.0},{"damage":4.0,"enemies":"Chosen and Byrds","floor":21.0,"turns":4.0},{"damage":15.0,"enemies":"Snake Plant","floor":22.0,"turns":3.0},{"damage":11.0,"enemies":"Shelled Parasite and Fungi","floor":23.0,"turns":5.0},{"damage":18.0,"enemies":"Centurion and Healer","floor":24.0,"turns":5.0},{"damage":41,"enemies":"Slavers","floor":29,"turns":6},{"damage":13,"enemies":"Chosen and Byrds","floor":31,"turns":6},{"damage":21,"enemies":"Champ","floor":33,"turns":7},{"damage":18,"enemies":"Orb Walker","floor":35,"turns":5},{"damage":14,"enemies":"3 Darklings","floor":37,"turns":5},{"damage":37,"enemies":"4 Shapes","floor":39,"turns":4},{"damage":4,"enemies":"Jaw Worm Horde","floor":41,"turns":3},{"damage":6,"enemies":"Writhing Mass","floor":46,"turns":6},{"damage":25,"enemies":"Sphere and 2 Shapes","floor":48,"turns":7},{"damage":91,"enemies":"Donu and Deca","floor":50,"turns":7}],"seed_played":"6100155255670489721","potions_obtained":[{"floor":7.0,"key":"Explosive Potion"},{"floor":10.0,"key":"Energy Potion"},{"floor":12.0,"key":"FairyPotion"},{"floor":12.0,"key":"Block Potion"},{"floor":19.0,"key":"SteroidPotion"},{"floor":23.0,"key":"Block Potion"},{"floor":29,"key":"Strength Potion"},{"floor":31,"key":"Fire Potion"},{"floor":37,"key":"Poison Potion"},{"floor":39,"key":"SteroidPotion"},{"floor":41,"key":"LiquidBronze"},{"floor":46,"key":"Block Potion"}],"is_trial":false,"path_per_floor":["M","?","?","$","M","R","M","R","T","M","R","?","M","E","R","B",null,"M","M","$","M","M","M","M","R","T","?","$","E","?","M","R","B",null,"M","?","M","$","M","R","M","R","T","T","$","M","$","M","R","B"],"character_chosen":"IRONCLAD","items_purchased":["Mercury Hourglass","Limit Break","Flame Barrier","Inflame","True Grit"],"campfire_rested":5,"item_purchase_floors":[28,38,45,47,47],"current_hp_per_floor":[80,68,52,52,56,56,62,62,62,64,64,64,65,62,62,38,80,65,57,57,59,50,45,33,57,57,41,41,14,40,33,57,42,80,68,68,60,60,29,53,55,79,79,79,79,79,79,60,80,0],"gold":47,"neow_bonus":"REMOVE_CARD","is_prod":false,"is_daily":false,"chose_seed":false,"campfire_upgraded":4,"win_rate":0,"timestamp":1568209494,"path_taken":["M","?","?","$","M","R","M","R","T","M","R","?","M","E","R","BOSS","M","M","$","M","M","M","?","R","T","?","$","E","?","M","R","BOSS","M","?","M","$","M","R","M","R","T","?","?","M","$","M","R","BOSS"],"build_version":"2019-07-17","purchased_purges":2,"victory":false,"max_hp_per_floor":[80,80,80,80,80,80,80,80,80,80,80,80,80,80,80,80,80,80,80,80,80,80,80,80,80,80,80,80,80,80,80,80,80,80,80,80,80,80,80,80,80,80,80,80,80,80,80,80,80,80],"card_choices":[{"not_picked":["Perfected Strike","Sword Boomerang"],"picked":"Power Through","floor":1.0},{"not_picked":["Headbutt","Pummel"],"picked":"Rampage","floor":5.0},{"not_picked":["Pommel Strike","Anger"],"picked":"Shrug It Off","floor":7.0},{"not_picked":["Cleave","Havoc"],"picked":"Whirlwind","floor":10.0},{"not_picked":["Sword Boomerang","Anger","Thunderclap"],"picked":"SKIP","floor":13.0},{"not_picked":["Sword Boomerang","Anger","Thunderclap"],"picked":"SKIP","floor":13.0},{"not_picked":["Entrench","Flex"],"picked":"Demon Form","floor":14.0},{"not_picked":["Fiend Fire","Exhume"],"picked":"Barricade","floor":16.0},{"not_picked":["Clash","Hemokinesis"],"picked":"Twin Strike","floor":18.0},{"not_picked":["Sword Boomerang","Twin Strike"],"picked":"Battle Trance","floor":19.0},{"not_picked":["Pummel","Intimidate"],"picked":"Seeing Red","floor":21.0},{"not_picked":["Power Through","Headbutt"],"picked":"Corruption+1","floor":22.0},{"not_picked":["Anger","Infernal Blade"],"picked":"Warcry","floor":23.0},{"not_picked":["Clash","Headbutt+1"],"picked":"Shrug It Off","floor":24.0},{"not_picked":["Entrench","Warcry"],"picked":"Iron Wave","floor":29},{"not_picked":["Shrug It Off","Clash"],"picked":"Iron Wave","floor":31},{"not_picked":["Berserk","Immolate"],"picked":"Juggernaut","floor":33},{"not_picked":["Clothesline+1","Iron Wave+1"],"picked":"Spot Weakness+1","floor":35},{"not_picked":["Rupture","Flex"],"picked":"Sever Soul+1","floor":37},{"not_picked":["True Grit","Sword Boomerang","Perfected Strike"],"picked":"SKIP","floor":39},{"not_picked":["Uppercut+1","Iron Wave"],"picked":"Inflame","floor":41},{"not_picked":["Cleave","Anger+1","Juggernaut"],"picked":"SKIP","floor":46},{"not_picked":["Sword Boomerang+1","Wild Strike","Pommel Strike"],"picked":"SKIP","floor":48},{"not_picked":["Inflame","Iron Wave+1"],"picked":"Heavy Blade+1","floor":49}],"player_experience":346235,"relics_obtained":[{"floor":9.0,"key":"Pen Nib"},{"floor":14.0,"key":"Mummified Hand"},{"floor":26,"key":"Anchor"},{"floor":27,"key":"Nilry\u0027s Codex"},{"floor":29,"key":"Bottled Flame"},{"floor":43,"key":"War Paint"},{"floor":44,"key":"Dream Catcher"}],"event_choices":[{"damage_healed":0.0,"max_hp_gain":0.0,"max_hp_loss":0.0,"gold_gain":0.0,"event_name":"Scrap Ooze","player_choice":"Success","floor":2.0,"gold_loss":0.0,"damage_taken":12.0,"relics_obtained":["Orichalcum"]},{"damage_healed":0.0,"max_hp_gain":0.0,"max_hp_loss":0.0,"gold_gain":0.0,"event_name":"Shining Light","player_choice":"Entered Light","floor":3.0,"gold_loss":0.0,"damage_taken":16.0,"cards_upgraded":["Bash","Strike_R"]},{"damage_healed":0.0,"max_hp_gain":0.0,"max_hp_loss":0.0,"gold_gain":0.0,"event_name":"Lab","player_choice":"Got Potions","floor":12.0,"gold_loss":0.0,"damage_taken":0.0},{"damage_healed":0,"gold_gain":0,"player_choice":"Obtained Book","damage_taken":16,"max_hp_gain":0,"max_hp_loss":0,"event_name":"Cursed Tome","floor":27,"gold_loss":0},{"damage_healed":26,"gold_gain":0,"player_choice":"Heal","damage_taken":0,"max_hp_gain":0,"max_hp_loss":0,"event_name":"The Library","floor":30,"gold_loss":0},{"damage_healed":0,"gold_gain":0,"player_choice":"Ignored","damage_taken":0,"max_hp_gain":0,"max_hp_loss":0,"event_name":"Mysterious Sphere","floor":36,"gold_loss":0}],"is_beta":false,"boss_relics":[{"not_picked":["Calling Bell","Velvet Choker"],"picked":"Runic Cube"},{"not_picked":["Snecko Eye","Astrolabe"],"picked":"Empty Cage"}],"items_purged_floors":[4,20],"is_endless":false,"potions_floor_spawned":[7,10,19,23,29,31,37,39,41,46],"killed_by":"Donu and Deca","ascension_level":0}