{"gold_per_floor":[114,114,133,152,171,171,190,190,190,228,228,247,247,285,285,410,410,429,448,448],"floor_reached":20,"playtime":4302,"items_purged":[],"score":186,"play_id":"7f791a7b-c4f5-4562-be21-05c672aa0d19","local_time":"20180714000516","daily_mods":["Heirloom","Elite Swarm","Binary"],"is_ascension_mode":false,"campfire_choices":[{"data":"Survivor","floor":6,"key":"SMITH"},{"data":"Dagger Throw","floor":8,"key":"SMITH"},{"floor":13,"key":"REST"},{"floor":15,"key":"REST"}],"neow_cost":"","seed_source_timestamp":0,"circlet_count":0,"master_deck":["Defend_G","Defend_G","Defend_G","Defend_G","Defend_G","Strike_G","Strike_G","Strike_G","Strike_G","Strike_G","Survivor+1","Neutralize","Accuracy","Dagger Throw+1","PiercingWail","Well Laid Plans","Malaise","Burst","Blade Dance","Grand Finale","Night Terror","Acrobatics","Flechettes"],"special_seed":17725,"relics":["Ring of the Snake","Bird Faced Urn","Golden Idol","Shuriken","Regal Pillow","Bag of Preparation","Cursed Key"],"potions_floor_usage":[5,10,16,18,19],"damage_taken":[{"damage":0,"enemies":"2 Louse","floor":1,"turns":3},{"damage":2,"enemies":"Jaw Worm","floor":3,"turns":9},{"damage":0,"enemies":"Cultist","floor":4,"turns":4},{"damage":17,"enemies":"Large Slime","floor":5,"turns":14},{"damage":0,"enemies":"2 Fungi Beasts","floor":7,"turns":4},{"damage":18,"enemies":"Lagavulin","floor":10,"turns":9},{"damage":0,"enemies":"Looter","floor":12,"turns":4},{"damage":26,"enemies":"Gremlin Nob","floor":14,"turns":6},{"damage":13,"enemies":"Hexaghost","floor":16,"turns":13},{"damage":12,"enemies":"Shell Parasite","floor":18,"turns":7},{"damage":17,"enemies":"3 Byrds","floor":19,"turns":8},{"damage":61,"enemies":"Sentry and Sphere","floor":20,"turns":7}],"seed_played":"5986081896675769642","potions_obtained":[{"floor":1,"key":"Ancient Potion"},{"floor":3,"key":"Weak Potion"},{"floor":12,"key":"SpeedPotion"},{"floor":14,"key":"Ancient Potion"},{"floor":16,"key":"Poison Potion"},{"floor":19,"key":"SteroidPotion"}],"is_trial":false,"path_per_floor":["M","?","M","M","M","R","M","R","T","E","?","M","R","E","R","B",null,"M","M"],"character_chosen":"THE_SILENT","items_purchased":[],"campfire_rested":2,"item_purchase_floors":[],"current_hp_per_floor":[70,70,69,70,55,55,59,59,59,45,38,42,70,44,70,58,70,61,48,0],"gold":448,"neow_bonus":"","is_prod":false,"is_daily":true,"chose_seed":false,"campfire_upgraded":2,"win_rate":0,"timestamp":1531497916,"path_taken":["M","?","?","M","M","R","M","R","T","E","?","M","R","E","R","BOSS","M","?","?"],"build_version":"2018-07-12","purchased_purges":0,"victory":false,"max_hp_per_floor":[70,70,70,70,70,70,70,70,70,70,70,70,70,70,70,70,70,70,70,70],"card_choices":[{"not_picked":["Dagger Spray"],"picked":"Accuracy","floor":1},{"not_picked":["Masterful Stab"],"picked":"Dagger Throw","floor":3},{"not_picked":["Poisoned Stab"],"picked":"PiercingWail","floor":4},{"not_picked":["Venomology"],"picked":"Well Laid Plans","floor":5},{"not_picked":["Prepared"],"picked":"Malaise","floor":7},{"not_picked":["Grand Finale"],"picked":"Burst","floor":10},{"not_picked":["Heel Hook"],"picked":"Blade Dance","floor":12},{"not_picked":["Bullet Time"],"picked":"Grand Finale","floor":14},{"not_picked":["Phantasmal Killer"],"picked":"Night Terror","floor":16},{"not_picked":["Dagger Throw"],"picked":"Acrobatics","floor":18},{"not_picked":["Deadly Poison"],"picked":"Flechettes","floor":19}],"player_experience":648353,"relics_obtained":[{"floor":9,"key":"Shuriken"},{"floor":10,"key":"Regal Pillow"},{"floor":14,"key":"Bag of Preparation"}],"event_choices":[{"event_name":"Golden Idol","player_choice":"Take Wound","floor":2,"damage_taken":0},{"event_name":"Golden Wing","player_choice":"Card Removal","floor":11,"damage_taken":0}],"boss_relics":[{"not_picked":["Tiny House","Orrery"],"picked":"Cursed Key"}],"items_purged_floors":[],"is_endless":false,"potions_floor_spawned":[1,3,12,14,16,19],"killed_by":"Sentry and Sphere","ascension_level":0}