{"gold_per_floor":[119,134,152,40,52,81,100,119,146,21,21,21,21,32,32,110,110,125,125],"floor_reached":19,"playtime":1387,"items_purged":["Shame"],"score":316,"play_id":"8273a6ed-e9c5-4056-8de2-79944d557d49","local_time":"20190905195146","is_ascension_mode":true,"campfire_choices":[{"floor":11.0,"key":"REST"},{"floor":13.0,"key":"REST"},{"data":"Well Laid Plans","floor":15.0,"key":"SMITH"}],"neow_cost":"CURSE","seed_source_timestamp":0,"circlet_count":0,"master_deck":["AscendersBane","Strike_G","Strike_G","Strike_G+1","Strike_G","Strike_G","Defend_G","Defend_G","Defend_G","Defend_G","Defend_G","Survivor","Neutralize","Poisoned Stab","Cloak And Dagger","Underhanded Strike","Caltrops","PiercingWail","Well Laid Plans+1","Dagger Spray+1","Predator","Underhanded Strike","Panacea","Cloak And Dagger","Envenom","Outmaneuver"],"special_seed":0,"relics":["Ring of the Snake","Tingsha","Smiling Mask","Whetstone","NlothsMask","Snecko Eye"],"potions_floor_usage":[16],"damage_taken":[{"damage":0.0,"enemies":"2 Louse","floor":1.0,"turns":3.0},{"damage":0.0,"enemies":"Cultist","floor":2.0,"turns":4.0},{"damage":0.0,"enemies":"Jaw Worm","floor":3.0,"turns":5.0},{"damage":14.0,"enemies":"Lots of Slimes","floor":5.0,"turns":4.0},{"damage":40.0,"enemies":"Lagavulin","floor":6.0,"turns":9.0},{"damage":0.0,"enemies":"Red Slaver","floor":7.0,"turns":5.0},{"damage":0.0,"enemies":"2 Fungi Beasts","floor":8.0,"turns":3.0},{"damage":0.0,"enemies":"Gremlin Gang","floor":14.0,"turns":2.0},{"damage":30,"enemies":"The Guardian","floor":16,"turns":13},{"damage":37,"enemies":"Shell Parasite","floor":18,"turns":6},{"damage":18,"enemies":"Spheric Guardian","floor":19,"turns":5}],"seed_played":"-3503086731799490718","potions_obtained":[{"floor":3.0,"key":"GamblersBrew"},{"floor":6.0,"key":"SpeedPotion"},{"floor":8.0,"key":"SpeedPotion"}],"is_trial":false,"path_per_floor":["M","M","M","$","M","E","M","M","T","$","R","?","R","M","R","B",null,"M","M"],"character_chosen":"THE_SILENT","items_purchased":["Caltrops","Underhanded Strike","Panacea"],"campfire_rested":2,"item_purchase_floors":[4,10,10],"current_hp_per_floor":[59,59,59,59,45,5,5,5,5,5,24,24,43,43,43,13,53,16,0],"gold":125,"neow_bonus":"ONE_RARE_RELIC","is_prod":false,"is_daily":false,"chose_seed":false,"campfire_upgraded":1,"win_rate":0,"timestamp":1567738306,"path_taken":["M","M","M","$","M","E","M","M","T","$","R","?","R","M","R","BOSS","M","M"],"build_version":"2019-07-17","purchased_purges":1,"victory":false,"max_hp_per_floor":[66,66,66,66,66,66,66,66,66,66,66,66,66,66,66,66,66,66,66],"card_choices":[{"not_picked":["Sucker Punch","Dagger Throw"],"picked":"Poisoned Stab","floor":1.0},{"not_picked":["Slice","Blade Dance"],"picked":"Cloak And Dagger","floor":2.0},{"not_picked":["Concentrate","Prepared"],"picked":"Underhanded Strike","floor":3.0},{"not_picked":["Eviscerate","Prepared"],"picked":"PiercingWail","floor":5.0},{"not_picked":["Night Terror","Deadly Poison"],"picked":"Well Laid Plans","floor":6.0},{"not_picked":["Quick Slash","Backflip"],"picked":"Dagger Spray","floor":7.0},{"not_picked":["Prepared","Quick Slash"],"picked":"Predator","floor":8.0},{"not_picked":["Flechettes","All Out Attack"],"picked":"Cloak And Dagger","floor":14.0},{"not_picked":["A Thousand Cuts","Night Terror"],"picked":"Envenom","floor":16},{"not_picked":["Slice","Well Laid Plans"],"picked":"Outmaneuver","floor":18}],"player_experience":834441,"relics_obtained":[{"floor":6.0,"key":"Smiling Mask"},{"floor":9.0,"key":"Whetstone"}],"event_choices":[{"damage_healed":0.0,"max_hp_gain":0.0,"max_hp_loss":0.0,"gold_gain":0.0,"event_name":"FaceTrader","player_choice":"Trade","floor":12.0,"gold_loss":0.0,"damage_taken":0.0,"relics_obtained":["NlothsMask"]}],"is_beta":false,"boss_relics":[{"not_picked":["Fusion Hammer","Black Star"],"picked":"Snecko Eye"}],"items_purged_floors":[4],"is_endless":false,"potions_floor_spawned":[3,6,8],"killed_by":"Spheric Guardian","ascension_level":17}