{"gold_per_floor":[12,27,27,27,27,27,54,71,71,100,100,119,119,183,183,183],"floor_reached":16,"playtime":1078,"items_purged":[],"score":130,"play_id":"1ad435d0-16d7-49b6-b95d-09afea123aaa","local_time":"20180921001336","is_ascension_mode":true,"campfire_choices":[{"data":"Zap","floor":6,"key":"SMITH"},{"floor":11,"key":"REST"},{"floor":13,"key":"REST"},{"data":"Dualcast","floor":15,"key":"SMITH"}],"neow_cost":"NO_GOLD","seed_source_timestamp":365663773249165,"circlet_count":0,"master_deck":["Strike_B","Strike_B","Strike_B","Strike_B","Defend_B","Defend_B","Defend_B","Defend_B","Zap+1","Dualcast+1","Hologram","Cold Snap","Streamline","Self Repair","Turbo","Gash","Scrape"],"relics":["Cracked Core","Dead Branch","Matryoshka","Bronze Scales","Pear","Omamori","Anchor"],"potions_floor_usage":[14,16,16,16],"damage_taken":[{"damage":1,"enemies":"Cultist","floor":1,"turns":3},{"damage":11,"enemies":"2 Louse","floor":2,"turns":2},{"damage":27,"enemies":"3 Sentries","floor":7,"turns":7},{"damage":7,"enemies":"Jaw Worm","floor":8,"turns":3},{"damage":33,"enemies":"Lagavulin","floor":10,"turns":5},{"damage":17,"enemies":"Exordium Wildlife","floor":12,"turns":4},{"damage":9,"enemies":"Gremlin Nob","floor":14,"turns":3},{"damage":53,"enemies":"Slime Boss","floor":16,"turns":7}],"seed_played":"-1133994909171159537","potions_obtained":[{"floor":7,"key":"Regen Potion"},{"floor":8,"key":"Dexterity Potion"},{"floor":12,"key":"SteroidPotion"},{"floor":14,"key":"Poison Potion"}],"is_trial":false,"path_per_floor":["M","M","?","?","$","R","E","M","T","E","R","M","R","?","R"],"character_chosen":"DEFECT","items_purchased":[],"campfire_rested":2,"item_purchase_floors":[],"current_hp_per_floor":[74,63,63,63,63,63,36,29,39,6,31,21,46,53,53,0],"gold":183,"neow_bonus":"ONE_RARE_RELIC","is_prod":false,"is_daily":false,"chose_seed":false,"campfire_upgraded":2,"win_rate":0,"timestamp":1537460016,"path_taken":["M","M","?","?","$","R","E","M","T","E","R","M","R","?","R","BOSS"],"build_version":"2018-09-06","purchased_purges":0,"victory":false,"max_hp_per_floor":[75,75,75,75,75,75,75,75,85,85,85,85,85,85,85,85],"card_choices":[{"not_picked":["Gash","Streamline"],"picked":"Hologram","floor":1},{"not_picked":["Hologram","FTL"],"picked":"Cold Snap","floor":2},{"not_picked":["Hello World","Seek"],"picked":"Streamline","floor":7},{"not_picked":["Ball Lightning","Compile Driver"],"picked":"Self Repair","floor":8},{"not_picked":["FTL","Hologram"],"picked":"Turbo","floor":10},{"not_picked":["Go for the Eyes","Meteor Strike"],"picked":"Gash","floor":12},{"not_picked":["Beam Cell","Stack"],"picked":"Scrape","floor":14}],"player_experience":965222,"relics_obtained":[{"floor":7,"key":"Matryoshka"},{"floor":9,"key":"Bronze Scales"},{"floor":9,"key":"Pear"},{"floor":10,"key":"Omamori"},{"floor":14,"key":"Anchor"}],"event_choices":[{"event_name":"The Cleric","player_choice":"Leave","floor":3,"damage_taken":0},{"event_name":"Golden Wing","player_choice":"Ignored","floor":4,"damage_taken":0},{"event_name":"Dead Adventurer","player_choice":"Searched \u00272\u0027 times","floor":14,"damage_taken":0}],"is_beta":false,"boss_relics":[],"items_purged_floors":[],"is_endless":false,"potions_floor_spawned":[7,8,12,14],"killed_by":"Slime Boss","ascension_level":4}