{"gold_per_floor":[366,39,54,54,73,101,114,140,140,140,65,65,65,84,84,181,181,194,210,226,242,242,242,254,265,265,265,265,365,365,378,378,479,479,499,499,510,510,526,526,526,156,156,182,132,149,149,169,169,169],"floor_reached":50,"playtime":3442,"items_purged":["Normality","Tactician"],"score":484,"play_id":"3577c17b-15fe-4cb2-9246-c2e69ca1d304","local_time":"20190728080115","is_ascension_mode":false,"campfire_choices":[{"floor":10.0,"key":"REST"},{"floor":15.0,"key":"REST"},{"data":"Crippling Poison","floor":23.0,"key":"SMITH"},{"floor":27.0,"key":"RECALL"},{"data":"Catalyst","floor":30.0,"key":"SMITH"},{"floor":32.0,"key":"REST"},{"data":"Bouncing Flask","floor":40.0,"key":"SMITH"},{"floor":47.0,"key":"REST"},{"floor":49.0,"key":"REST"}],"neow_cost":"CURSE","seed_source_timestamp":0,"circlet_count":0,"master_deck":["Survivor","Neutralize","Deadly Poison","Deadly Poison","Outmaneuver","Poisoned Stab","Corpse Explosion","Finisher","Crippling Poison+1","Bane","Endless Agony","Masterful Stab","Underhanded Strike","Bouncing Flask+1","After Image","Predator","PiercingWail+1","PiercingWail+1","Calculated Gamble+1","Catalyst+1","Outmaneuver+1","Die Die Die","Flash of Steel","Dash","Clumsy","Noxious Fumes+1","Backflip"],"special_seed":0,"relics":["Ring of the Snake","Gremlin Horn","StoneCalendar","Pantograph","Thread and Needle","Pandora\u0027s Box","Bag of Marbles","Girya","Matryoshka","Cursed Key","FossilizedHelix","Smiling Mask","Question Card","Sundial"],"potions_floor_usage":[50,50],"damage_taken":[{"damage":0.0,"enemies":"Cultist","floor":1.0,"turns":5.0},{"damage":0.0,"enemies":"Jaw Worm","floor":3.0,"turns":5.0},{"damage":2.0,"enemies":"2 Louse","floor":5.0,"turns":3.0},{"damage":12.0,"enemies":"Lagavulin","floor":6.0,"turns":7.0},{"damage":10.0,"enemies":"Looter","floor":7.0,"turns":3.0},{"damage":32.0,"enemies":"Gremlin Nob","floor":8.0,"turns":6.0},{"damage":9.0,"enemies":"Large Slime","floor":14.0,"turns":5.0},{"damage":57.0,"enemies":"Slime Boss","floor":16.0,"turns":7.0},{"damage":0.0,"enemies":"3 Byrds","floor":18.0,"turns":2.0},{"damage":1.0,"enemies":"Spheric Guardian","floor":19.0,"turns":4.0},{"damage":11.0,"enemies":"Snake Plant","floor":20.0,"turns":3.0},{"damage":7.0,"enemies":"Snecko","floor":21.0,"turns":4.0},{"damage":2.0,"enemies":"Centurion and Healer","floor":24.0,"turns":5.0},{"damage":0.0,"enemies":"Cultist and Chosen","floor":25.0,"turns":4.0},{"damage":9.0,"enemies":"Colosseum Slavers","floor":29.0,"turns":4.0},{"damage":4.0,"enemies":"Colosseum Nobs","floor":29.0,"turns":5.0},{"damage":0.0,"enemies":"Snecko","floor":31.0,"turns":3.0},{"damage":32.0,"enemies":"Collector","floor":33.0,"turns":7.0},{"damage":0.0,"enemies":"Orb Walker","floor":35.0,"turns":2.0},{"damage":1.0,"enemies":"3 Shapes","floor":37.0,"turns":2.0},{"damage":13.0,"enemies":"Writhing Mass","floor":39.0,"turns":4.0},{"damage":28.0,"enemies":"Reptomancer","floor":44.0,"turns":7.0},{"damage":0.0,"enemies":"Maw","floor":46.0,"turns":4.0},{"damage":29.0,"enemies":"Jaw Worm Horde","floor":48.0,"turns":3.0},{"damage":67,"enemies":"Time Eater","floor":50,"turns":8}],"seed_played":"-2225433121792376479","potions_obtained":[{"floor":1.0,"key":"Explosive Potion"},{"floor":14.0,"key":"Strength Potion"},{"floor":16.0,"key":"SkillPotion"},{"floor":19.0,"key":"GamblersBrew"},{"floor":24.0,"key":"LiquidBronze"},{"floor":33.0,"key":"Fire Potion"},{"floor":35.0,"key":"LiquidBronze"}],"is_trial":false,"path_per_floor":["M","$","M","$","M","E","M","E","T","R","$","T","$","M","R","B",null,"M","M","M","M","?","R","M","M","T","R","?","?","R","M","R","B",null,"M","?","M","?","M","R","?","$","T","E","$","M","R","M","R","B"],"character_chosen":"THE_SILENT","items_purchased":["Gremlin Horn","GhostInAJar","FossilizedHelix","Dash"],"campfire_rested":5,"item_purchase_floors":[2,2,42,42],"current_hp_per_floor":[70,70,70,70,68,56,46,14,14,35,35,35,35,26,47,13,70,70,69,58,51,51,51,49,49,49,49,49,36,36,36,57,38,70,70,70,69,66,53,53,53,53,53,25,25,25,44,15,34,0],"gold":169,"neow_bonus":"TWO_FIFTY_GOLD","is_prod":false,"is_daily":false,"chose_seed":false,"campfire_upgraded":3,"win_rate":0,"timestamp":1564315275,"path_taken":["M","$","M","$","M","E","M","E","T","R","?","?","$","M","R","BOSS","M","?","?","M","?","R","M","M","T","R","?","?","R","M","R","BOSS","M","?","M","?","M","R","?","?","T","E","$","M","R","M","R","BOSS"],"build_version":"2019-07-17","purchased_purges":2,"victory":false,"max_hp_per_floor":[70,70,70,70,70,70,70,70,70,70,70,70,70,70,70,70,70,70,70,70,70,70,70,70,70,70,70,70,70,70,70,70,70,70,70,70,70,66,66,66,66,66,66,66,66,66,66,66,66,66],"card_choices":[{"not_picked":["Tactician","Underhanded Strike"],"picked":"Deadly Poison","floor":1.0},{"not_picked":["Slice","Riddle With Holes"],"picked":"Deadly Poison","floor":3.0},{"not_picked":["Slice","All Out Attack"],"picked":"Outmaneuver","floor":5.0},{"not_picked":["Sucker Punch","Prepared"],"picked":"Bouncing Flask","floor":6.0},{"not_picked":["Leg Sweep","Bullet Time","PiercingWail"],"picked":"SKIP","floor":7.0},{"not_picked":["Phantasmal Killer","Night Terror","Flying Knee"],"picked":"SKIP","floor":8.0},{"not_picked":["Acrobatics","Cloak And Dagger"],"picked":"Poisoned Stab","floor":14.0},{"not_picked":["A Thousand Cuts","Venomology"],"picked":"Corpse Explosion","floor":16.0},{"not_picked":["Deadly Poison","Setup"],"picked":"PiercingWail+1","floor":18.0},{"not_picked":["Blade Dance+1","Escape Plan","PiercingWail"],"picked":"SKIP","floor":19.0},{"not_picked":["Dagger Spray","PiercingWail","Slice+1"],"picked":"SKIP","floor":20.0},{"not_picked":["Flechettes","Cloak And Dagger"],"picked":"PiercingWail+1","floor":21.0},{"not_picked":["Flying Knee","Predator"],"picked":"Calculated Gamble+1","floor":24.0},{"not_picked":["Tactician","Heel Hook","Escape Plan"],"picked":"SKIP","floor":25.0},{"not_picked":["PiercingWail","Outmaneuver+1"],"picked":"Catalyst","floor":29.0},{"not_picked":["Flying Knee","Doppelganger"],"picked":"Outmaneuver+1","floor":31.0},{"not_picked":["Storm of Steel","Corpse Explosion"],"picked":"Die Die Die","floor":33.0},{"not_picked":["Prepared+1","Accuracy","Cloak And Dagger+1"],"picked":"SKIP","floor":35.0},{"not_picked":["Acrobatics","Underhanded Strike","Sucker Punch"],"picked":"SKIP","floor":37.0},{"not_picked":["Cloak And Dagger+1","Acrobatics","Poisoned Stab"],"picked":"SKIP","floor":39.0},{"not_picked":["Transmutation","Enlightenment"],"picked":"Flash of Steel","floor":41.0},{"not_picked":["Prepared","Quick Slash","Sucker Punch"],"picked":"Noxious Fumes+1","floor":44.0},{"not_picked":["Dodge and Roll","Flying Knee","Slice+1","Poisoned Stab"],"picked":"SKIP","floor":46.0},{"not_picked":["Cloak And Dagger+1","Dagger Throw","Prepared"],"picked":"Backflip","floor":48.0}],"player_experience":472267,"relics_obtained":[{"floor":6.0,"key":"StoneCalendar"},{"floor":8.0,"key":"Pantograph"},{"floor":9.0,"key":"Thread and Needle"},{"floor":26.0,"key":"Bag of Marbles"},{"floor":29.0,"key":"Girya"},{"floor":29.0,"key":"Matryoshka"},{"floor":43.0,"key":"Smiling Mask"},{"floor":43.0,"key":"Question Card"},{"floor":44.0,"key":"Sundial"}],"event_choices":[{"cards_removed":["Bouncing Flask"],"damage_healed":0.0,"max_hp_gain":0.0,"max_hp_loss":0.0,"gold_gain":0.0,"event_name":"Back to Basics","player_choice":"Elegance","floor":22.0,"gold_loss":0.0,"damage_taken":0.0},{"damage_healed":0.0,"max_hp_gain":0.0,"max_hp_loss":0.0,"gold_gain":0.0,"event_name":"Ghosts","player_choice":"Ignored","floor":28.0,"gold_loss":0.0,"damage_taken":0.0},{"damage_healed":0.0,"max_hp_gain":0.0,"max_hp_loss":0.0,"gold_gain":0.0,"event_name":"Colosseum","player_choice":"Fight","floor":29.0,"gold_loss":0.0,"damage_taken":0.0},{"damage_healed":0.0,"max_hp_gain":0.0,"max_hp_loss":0.0,"gold_gain":0.0,"event_name":"Colosseum","player_choice":"Fought Nobs","floor":29.0,"gold_loss":0.0,"damage_taken":0.0},{"damage_healed":0.0,"max_hp_gain":0.0,"max_hp_loss":0.0,"gold_gain":0.0,"event_name":"Tomb of Lord Red Mask","player_choice":"Ignored","floor":36.0,"gold_loss":0.0,"damage_taken":0.0},{"damage_healed":0.0,"max_hp_gain":0.0,"max_hp_loss":4.0,"gold_gain":0.0,"event_name":"Winding Halls","player_choice":"Max HP","floor":38.0,"gold_loss":0.0,"damage_taken":0.0},{"damage_healed":0.0,"max_hp_gain":0.0,"max_hp_loss":0.0,"gold_gain":0.0,"event_name":"SensoryStone","player_choice":"Memory 1","floor":41.0,"gold_loss":0.0,"damage_taken":0.0}],"is_beta":false,"boss_relics":[{"not_picked":["Astrolabe","Tiny House"],"picked":"Pandora\u0027s Box"},{"not_picked":["Busted Crown","Sozu"],"picked":"Cursed Key"}],"items_purged_floors":[11,45],"is_endless":false,"potions_floor_spawned":[1,14,16,19,20,24,29,33,35,39,46],"killed_by":"Time Eater","ascension_level":0}