{"gold_per_floor":[109,109,109,284,284,284,113,133,133,133,149,178,178,196,196,297,297,308,295,2,2,2,2],"floor_reached":23,"playtime":1334,"items_purged":["Doubt"],"score":212,"play_id":"d8a5357b-73e1-45d3-91a1-30f0dcddef1d","local_time":"20190813204807","is_ascension_mode":false,"campfire_choices":[{"data":"Zap","floor":6,"key":"SMITH"},{"data":"Dualcast","floor":10,"key":"SMITH"},{"floor":15,"key":"REST"}],"neow_cost":"TEN_PERCENT_HP_LOSS","seed_source_timestamp":361112287233200,"circlet_count":0,"master_deck":["Defend_B","Defend_B","Defend_B+1","Defend_B","Zap+1","Dualcast+1","Gash","Good Instincts","Doom and Gloom","Steam","Fusion+1","Echo Form","Reboot","BootSequence","Redo","Bite","Bite","Bite","Bite","Bite"],"relics":["Cracked Core","Ginger","Torii","Dodecahedron","Sundial","Black Star","Boot","Orichalcum"],"potions_floor_usage":[16,23],"damage_taken":[{"damage":0,"enemies":"Small Slimes","floor":1,"turns":3},{"damage":0,"enemies":"2 Louse","floor":8,"turns":2},{"damage":1,"enemies":"Jaw Worm","floor":11,"turns":2},{"damage":18,"enemies":"Lagavulin","floor":12,"turns":6},{"damage":0,"enemies":"3 Louse","floor":14,"turns":2},{"damage":7,"enemies":"Hexaghost","floor":16,"turns":9},{"damage":18,"enemies":"3 Byrds","floor":18,"turns":5},{"damage":13,"enemies":"2 Thieves","floor":19,"turns":4},{"damage":58,"enemies":"Slavers","floor":23,"turns":4}],"seed_played":"-4910697253426880017","potions_obtained":[{"floor":8,"key":"Strength Potion"},{"floor":11,"key":"FearPotion"},{"floor":14,"key":"FearPotion"},{"floor":16,"key":"Dexterity Potion"}],"is_trial":false,"path_per_floor":["M","?","?","?","T","R","$","M","T","R","M","E","?","M","R","B",null,"M","M","$","?","?","E"],"character_chosen":"DEFECT","items_purchased":["Good Instincts","Boot","Orichalcum"],"campfire_rested":1,"item_purchase_floors":[7,20,20],"current_hp_per_floor":[68,54,54,54,54,54,54,54,54,54,53,35,35,35,55,48,68,50,37,37,59,47,0],"gold":2,"neow_bonus":"ONE_RARE_RELIC","is_prod":false,"is_daily":false,"chose_seed":false,"campfire_upgraded":2,"win_rate":0.0,"timestamp":1565722087,"path_taken":["M","?","?","?","?","R","$","M","T","R","?","E","?","M","R","BOSS","M","M","$","?","?","E"],"build_version":"2019-07-17","purchased_purges":1,"victory":false,"max_hp_per_floor":[68,68,68,68,68,68,68,68,68,68,68,68,68,68,68,68,68,68,68,68,68,47,47],"card_choices":[{"not_picked":["Hologram","Turbo"],"picked":"Gash","floor":1},{"not_picked":["Beam Cell","Fusion"],"picked":"Doom and Gloom","floor":8},{"not_picked":["Barrage","Undo"],"picked":"Steam","floor":11},{"not_picked":["Melter","Glacier"],"picked":"Fusion","floor":12},{"not_picked":["Hologram","FTL"],"picked":"Echo Form","floor":14},{"not_picked":["Fission","Rainbow"],"picked":"Reboot","floor":16},{"not_picked":["Coolheaded","Fusion"],"picked":"BootSequence","floor":18},{"not_picked":["Melter","BootSequence+1"],"picked":"Redo","floor":19}],"player_experience":56988,"relics_obtained":[{"floor":5,"key":"Torii"},{"floor":9,"key":"Dodecahedron"},{"floor":12,"key":"Sundial"}],"event_choices":[{"damage_healed":0,"gold_gain":0,"player_choice":"Entered Light","damage_taken":14,"max_hp_gain":0,"max_hp_loss":0,"event_name":"Shining Light","floor":2,"gold_loss":0,"cards_upgraded":["Defend_B","Strike_B"]},{"damage_healed":0,"gold_gain":0,"player_choice":"Leave","damage_taken":0,"max_hp_gain":0,"max_hp_loss":0,"event_name":"The Cleric","floor":3,"gold_loss":0},{"damage_healed":0,"gold_gain":175,"player_choice":"AGREE","damage_taken":0,"max_hp_gain":0,"max_hp_loss":0,"event_name":"Liars Game","floor":4,"gold_loss":0,"cards_obtained":["Doubt"]},{"damage_healed":0,"gold_gain":0,"player_choice":"Grow","damage_taken":0,"max_hp_gain":0,"max_hp_loss":0,"event_name":"Living Wall","floor":13,"gold_loss":0,"cards_upgraded":["Fusion"]},{"damage_healed":22,"gold_gain":0,"player_choice":"Heal","damage_taken":0,"max_hp_gain":0,"max_hp_loss":0,"event_name":"The Library","floor":21,"gold_loss":0},{"damage_healed":0,"gold_gain":0,"player_choice":"Became a vampire","damage_taken":0,"max_hp_gain":0,"max_hp_loss":21,"event_name":"Vampires","floor":22,"gold_loss":0,"cards_obtained":["Bite","Bite","Bite","Bite","Bite"]}],"is_beta":false,"boss_relics":[{"not_picked":["Philosopher\u0027s Stone","Busted Crown"],"picked":"Black Star"}],"items_purged_floors":[7],"is_endless":false,"potions_floor_spawned":[8,11,14,16],"killed_by":"Slavers","ascension_level":0}