{"gold_per_floor":[119,89,107,107,117,117,131,150,150,169,169,95,95,107,107,205,205,225,235,1,1,1],"floor_reached":22,"playtime":2297,"items_purged":[],"score":228,"play_id":"b4e37184-1774-468e-9e4c-72dcc32b6b26","local_time":"20180801231905","is_ascension_mode":false,"campfire_choices":[{"data":"Flex","floor":6,"key":"SMITH"},{"data":"Flex","floor":11,"key":"SMITH"},{"data":"Bash","floor":15,"key":"SMITH"}],"neow_cost":"FIFTY_PERCENT_DAMAGE","seed_source_timestamp":618657846188376,"circlet_count":0,"master_deck":["Strike_R","Strike_R","Defend_R","Defend_R","Defend_R","Defend_R","Bash+1","Clash","Flex+1","Flex+1","Clash","Shrug It Off","Immolate+1","Shrug It Off","Demon Form","Clash","Apotheosis","Carnage"],"relics":["Burning Blood","Pear","Nloth\u0027s Gift"],"potions_floor_usage":[7,7,18,19,22,22],"damage_taken":[{"damage":3,"enemies":"Jaw Worm","floor":1,"turns":4},{"damage":0,"enemies":"Cultist","floor":3,"turns":3},{"damage":2,"enemies":"Small Slimes","floor":5,"turns":2},{"damage":7,"enemies":"Blue Slaver","floor":7,"turns":3},{"damage":0,"enemies":"Large Slime","floor":8,"turns":4},{"damage":1,"enemies":"Exordium Wildlife","floor":10,"turns":3},{"damage":0,"enemies":"Red Slaver","floor":14,"turns":2},{"damage":54,"enemies":"The Guardian","floor":16,"turns":10},{"damage":29,"enemies":"3 Byrds","floor":18,"turns":5},{"damage":75,"enemies":"Chosen","floor":19,"turns":10},{"damage":19,"enemies":"Snake Plant","floor":22,"turns":4}],"seed_played":"-7631868818862119636","potions_obtained":[{"floor":2,"key":"Fire Potion"},{"floor":2,"key":"SkillPotion"},{"floor":3,"key":"Fruit Juice"},{"floor":7,"key":"Energy Potion"},{"floor":14,"key":"Poison Potion"},{"floor":16,"key":"EssenceOfSteel"},{"floor":18,"key":"Energy Potion"}],"is_trial":false,"path_per_floor":["M","?","M","?","M","R","M","M","T","M","R","$","?","M","R","B",null,"M","M","$","?"],"character_chosen":"IRONCLAD","items_purchased":["Immolate","Apotheosis","Carnage"],"campfire_rested":0,"item_purchase_floors":[12,20,20],"current_hp_per_floor":[51,51,57,50,54,54,58,64,74,79,79,79,79,85,85,37,111,88,19,19,19,0],"gold":1,"neow_bonus":"TWENTY_PERCENT_HP_BONUS","is_prod":false,"is_daily":false,"chose_seed":false,"campfire_upgraded":3,"win_rate":0,"timestamp":1533179945,"path_taken":["M","?","M","?","M","R","M","M","T","M","R","$","?","?","R","BOSS","M","M","$","?","M"],"build_version":"2018-07-26","purchased_purges":0,"victory":false,"max_hp_per_floor":[96,96,96,96,96,96,101,101,111,111,111,111,111,111,111,111,111,111,111,111,111,111],"card_choices":[{"not_picked":["Headbutt","Armaments"],"picked":"Clash","floor":1},{"not_picked":["Clothesline","Clash"],"picked":"Flex","floor":3},{"not_picked":["Wild Strike","Intimidate"],"picked":"Flex","floor":5},{"not_picked":["Anger","Thunderclap"],"picked":"Clash","floor":7},{"not_picked":["Anger","Body Slam"],"picked":"Shrug It Off","floor":8},{"not_picked":["Wild Strike","Brutality","Dropkick"],"picked":"SKIP","floor":10},{"not_picked":["Body Slam","Twin Strike"],"picked":"Shrug It Off","floor":14},{"not_picked":["Double Tap","Berserk"],"picked":"Demon Form","floor":16},{"not_picked":["Shockwave","Combust+1","Hemokinesis"],"picked":"SKIP","floor":18},{"not_picked":["Sword Boomerang","True Grit"],"picked":"Clash","floor":19}],"player_experience":90460,"relics_obtained":[{"floor":9,"key":"Pear"}],"event_choices":[{"event_name":"The Woman in Blue","player_choice":"Bought 2 Potions","floor":2,"damage_taken":0},{"event_name":"Golden Wing","player_choice":"Card Removal","floor":4,"damage_taken":0},{"event_name":"Living Wall","player_choice":"Grow","floor":13,"damage_taken":0},{"event_name":"N\u0027loth","player_choice":"Traded a Empty Cage","floor":21,"damage_taken":0}],"is_beta":false,"boss_relics":[{"not_picked":["Cursed Key","Astrolabe"],"picked":"Empty Cage"}],"items_purged_floors":[],"is_endless":false,"potions_floor_spawned":[3,5,7,14,16,18],"killed_by":"Snake Plant","ascension_level":0}