{"gold_per_floor":[215,235,188,188,203,203,216,216,216,233,263,282,282,301,301,402,402,422,435,411,422,272,272,291,291],"floor_reached":25,"playtime":1565,"items_purged":[],"score":207,"play_id":"23799b83-7758-489b-9029-7598ccc4dd32","local_time":"20190914210120","is_ascension_mode":false,"campfire_choices":[{"data":"Defragment","floor":6,"key":"SMITH"},{"data":"Consume","floor":8,"key":"SMITH"},{"data":"Sweeping Beam","floor":13,"key":"SMITH"},{"data":"Sweeping Beam","floor":15,"key":"SMITH"},{"data":"Hologram","floor":23,"key":"SMITH"}],"neow_cost":"NONE","seed_source_timestamp":40916400838600,"circlet_count":0,"master_deck":["Strike_B","Strike_B","Strike_B","Strike_B","Defend_B","Defend_B","Defend_B","Defend_B","Zap","Dualcast","Consume+1","Self Repair","Ball Lightning","Defragment+1","Genetic Algorithm","Sweeping Beam+1","Sweeping Beam+1","Chill","Core Surge","Hologram+1","Coolheaded"],"relics":["Cracked Core","Mummified Hand","Matryoshka","Inserter","Strawberry"],"potions_floor_usage":[14],"damage_taken":[{"damage":1,"enemies":"Jaw Worm","floor":1,"turns":3},{"damage":1,"enemies":"Cultist","floor":2,"turns":4},{"damage":2,"enemies":"2 Louse","floor":5,"turns":3},{"damage":24,"enemies":"Large Slime","floor":7,"turns":5},{"damage":5,"enemies":"2 Fungi Beasts","floor":10,"turns":3},{"damage":18,"enemies":"3 Sentries","floor":11,"turns":5},{"damage":6,"enemies":"3 Louse","floor":12,"turns":3},{"damage":1,"enemies":"Red Slaver","floor":14,"turns":2},{"damage":48,"enemies":"The Guardian","floor":16,"turns":10},{"damage":1,"enemies":"Chosen","floor":18,"turns":4},{"damage":11,"enemies":"Shell Parasite","floor":19,"turns":7},{"damage":20,"enemies":"Chosen and Byrds","floor":21,"turns":5},{"damage":9,"enemies":"Snake Plant","floor":24,"turns":4},{"damage":59,"enemies":"Slavers","floor":25,"turns":2}],"seed_played":"-3661044104588503788","potions_obtained":[{"floor":1,"key":"Ancient Potion"},{"floor":7,"key":"SpeedPotion"},{"floor":11,"key":"Weak Potion"},{"floor":12,"key":"Block Potion"},{"floor":16,"key":"SpeedPotion"}],"is_trial":false,"path_per_floor":["M","M","$","?","M","R","M","R","T","M","E","M","R","M","R","B",null,"M","M","$","M","$","R","M","E"],"character_chosen":"DEFECT","items_purchased":["Ball Lightning","Coolheaded","Strawberry"],"campfire_rested":0,"item_purchase_floors":[3,20,22],"current_hp_per_floor":[74,73,73,73,71,71,54,54,54,56,45,46,46,52,52,11,75,75,71,71,58,65,65,56,0],"gold":291,"neow_bonus":"HUNDRED_GOLD","is_prod":false,"is_daily":false,"chose_seed":false,"campfire_upgraded":5,"win_rate":0,"timestamp":1568520080,"path_taken":["M","M","$","?","M","R","M","R","T","?","E","M","R","M","R","BOSS","M","M","$","M","$","R","M","E"],"build_version":"2019-07-17","purchased_purges":0,"victory":false,"max_hp_per_floor":[75,75,75,75,75,75,75,75,75,75,75,75,75,75,75,75,75,75,75,75,75,82,82,82,82],"card_choices":[{"not_picked":["Conserve Battery","Hello World"],"picked":"Consume","floor":1},{"not_picked":["Lockon","Sweeping Beam"],"picked":"Self Repair","floor":2},{"not_picked":["Steam","Redo"],"picked":"Defragment","floor":5},{"not_picked":["Lockon","Sweeping Beam"],"picked":"Genetic Algorithm","floor":7},{"not_picked":["Ball Lightning","Sunder"],"picked":"Sweeping Beam","floor":10},{"not_picked":["White Noise","Beam Cell"],"picked":"Sweeping Beam","floor":11},{"not_picked":["Aggregate","Rip and Tear","Melter"],"picked":"SKIP","floor":12},{"not_picked":["Thunder Strike","Sweeping Beam"],"picked":"Chill","floor":14},{"not_picked":["Hyperbeam","Rainbow"],"picked":"Core Surge","floor":16},{"not_picked":["Lockon","Tempest","Go for the Eyes"],"picked":"SKIP","floor":18},{"not_picked":["Sweeping Beam","Go for the Eyes"],"picked":"Hologram","floor":19},{"not_picked":["Rebound","Blizzard","Leap+1"],"picked":"SKIP","floor":21},{"not_picked":["Streamline+1","Sweeping Beam+1","Redo"],"picked":"SKIP","floor":24}],"player_experience":989089,"relics_obtained":[{"floor":9,"key":"Mummified Hand"},{"floor":11,"key":"Matryoshka"}],"event_choices":[{"damage_healed":0,"gold_gain":0,"player_choice":"Ignored","damage_taken":0,"max_hp_gain":0,"max_hp_loss":0,"event_name":"NoteForYourself","floor":4,"gold_loss":0}],"is_beta":false,"boss_relics":[{"not_picked":["Empty Cage","FrozenCore"],"picked":"Inserter"}],"items_purged_floors":[],"is_endless":false,"potions_floor_spawned":[1,7,11,12,16,24],"killed_by":"Slavers","ascension_level":0}