{"path_per_floor":["M","M","M","?","?","R","M","$","T","R","?","E","M","M","R","B",null,"M","$","M","?","?","R","M","R","T","M","E","R","M","M","R","B",null,"M","$","M"],"character_chosen":"IRONCLAD","items_purchased":["Double Tap","Bag of Marbles","Bludgeon","Energy Potion","Blind","Spot Weakness","Good Instincts","Secret Technique","Perfected Strike","Block Potion"],"gold_per_floor":[413,433,446,546,546,546,557,45,45,45,45,75,90,110,110,211,211,223,58,68,68,68,68,83,83,109,125,160,160,177,189,189,287,287,299,20,36],"floor_reached":38,"campfire_rested":2,"playtime":5125,"current_hp_per_floor":[72,72,72,72,72,72,51,51,65,65,47,34,33,36,61,68,86,86,86,86,86,86,86,82,82,82,86,62,62,56,56,81,23,86,52,52,46],"items_purged":[],"gold":36,"play_id":"032fddd9-f248-4e87-9c33-6d832c50c563","is_prod":false,"is_daily":false,"is_ascension_mode":false,"campfire_upgraded":5,"path_taken":["M","?","M","?","?","R","M","$","T","R","?","E","M","M","R","BOSS","M","$","M","?","?","R","M","R","T","M","E","R","M","M","R","BOSS","M","$","M","?"],"build_version":"2018-01-25-PROD3","purchased_purges":0,"victory":false,"master_deck":["Strike_R+1","Strike_R+1","Strike_R+1","Strike_R+1","Strike_R+1","Defend_R+1","Defend_R+1","Defend_R+1","Defend_R+1","Bash","Armaments","Searing Blow+5","Flex","Perfected Strike","Double Tap","Bludgeon","Blind","Battle Trance","Searing Blow","Rage","Feed","Iron Wave+1","Spot Weakness","Good Instincts","Armaments+1","Fiend Fire","Shockwave","Heavy Blade","Headbutt","Twin Strike","Limit Break","Sever Soul","Secret Technique","Perfected Strike","Seeing Red+1"],"max_hp_per_floor":[72,72,72,72,72,72,72,72,86,86,86,86,86,86,86,86,86,86,86,86,86,86,86,86,86,86,86,86,86,86,86,86,86,86,86,86,86],"relics":["Burning Blood","Old Coin","Bag of Marbles","Mango","War Paint","Calipers","Mark of Pain","Oddly Smooth Stone","Vajra","Velvet Choker"],"card_choices":[{"not_picked":["Clash","Power Through"],"picked":"Armaments"},{"not_picked":["Headbutt","Impervious"],"picked":"Searing Blow"},{"not_picked":["Heavy Blade","Warcry"],"picked":"Flex"},{"not_picked":["Intimidate","Cleave"],"picked":"Perfected Strike"},{"not_picked":["Headbutt","Thunderclap"],"picked":"Battle Trance"},{"not_picked":["True Grit","Second Wind"],"picked":"Searing Blow"},{"not_picked":["True Grit","Warcry"],"picked":"Rage"},{"not_picked":["Brutality","Bludgeon"],"picked":"Feed"},{"not_picked":["Clash","True Grit"],"picked":"Iron Wave"},{"not_picked":["Warcry","Shrug It Off"],"picked":"Armaments"},{"not_picked":["Flex","Fire Breathing"],"picked":"Fiend Fire"},{"not_picked":["Inflame","Flex"],"picked":"Shockwave"},{"not_picked":["Twin Strike","Searing Blow"],"picked":"Heavy Blade"},{"not_picked":["Second Wind","Warcry"],"picked":"Headbutt"},{"not_picked":["True Grit","Iron Wave"],"picked":"Twin Strike"},{"not_picked":["Double Tap","Dark Embrace"],"picked":"Limit Break"},{"not_picked":["Warcry","Armaments"],"picked":"Sever Soul"},{"not_picked":["Fire Breathing","Heavy Blade"],"picked":"Seeing Red"}],"player_experience":9964,"potions_floor_usage":[14,16,16,28,30,33,33,37,38],"damage_taken":[{"damage":6,"enemies":"Blue Slaver","floor":1,"turns":7},{"damage":5,"enemies":"Jaw Worm","floor":2,"turns":5},{"damage":5,"enemies":"Cultist","floor":3,"turns":4},{"damage":27,"enemies":"Lots of Slimes","floor":7,"turns":5},{"damage":19,"enemies":"3 Sentries","floor":12,"turns":7},{"damage":7,"enemies":"Looter","floor":13,"turns":3},{"damage":3,"enemies":"Exordium Thugs","floor":14,"turns":5},{"damage":11,"enemies":"Slime Boss","floor":16,"turns":7},{"damage":5,"enemies":"Shell Parasite","floor":18,"turns":3},{"damage":5,"enemies":"2 Thieves","floor":20,"turns":4},{"damage":10,"enemies":"Snake Plant","floor":24,"turns":2},{"damage":0,"enemies":"Centurion and Healer","floor":27,"turns":3},{"damage":30,"enemies":"Gremlin Leader","floor":28,"turns":6},{"damage":12,"enemies":"Chosen and Byrds","floor":30,"turns":4},{"damage":6,"enemies":"Snecko","floor":31,"turns":3},{"damage":70,"enemies":"Automaton","floor":33,"turns":8},{"damage":40,"enemies":"3 Shapes","floor":35,"turns":4},{"damage":12,"enemies":"3 Darklings","floor":37,"turns":5}],"event_choices":[{"event_name":"Golden Shrine","player_choice":"Pray","floor":4,"damage_taken":0},{"event_name":"The Cleric","player_choice":"Leave","floor":5,"damage_taken":0},{"event_name":"Scrap Ooze","player_choice":"success","floor":11,"damage_taken":18},{"event_name":"Back to Basics","player_choice":"Simplicity","floor":21,"damage_taken":0},{"event_name":"Beggar","player_choice":"Ignored","floor":22,"damage_taken":0},{"event_name":"Mysterious Sphere","player_choice":"Fight","floor":38,"damage_taken":0}],"boss_relics":[{"not_picked":["Calling Bell","Runic Dome"],"picked":"Mark of Pain"},{"not_picked":["White Beast Statue","Eternal Feather"],"picked":"Velvet Choker"}],"potions_floor_spawned":[3,12,14,16,18,24,28,31,35],"seed_played":"8539723852292820506","killed_by":"Mysterious Sphere","ascension_level":0,"is_trial":false}