{"gold_per_floor":[361,67,80,80,80,80,115,115,115,148,148,164,176,176,176,272,272,290,290,12,29,49,74,84,84,84,84,84,95,95,129,129,226,226,242,242,258,258,272,272,72,294,294,328,328,428,428,441,441,441],"floor_reached":51,"playtime":1661,"items_purged":["Writhe"],"score":851,"play_id":"17bf4c3c-861b-4b29-ac63-daf8ae430740","local_time":"20190820140848","is_ascension_mode":false,"campfire_choices":[{"data":"Whirlwind","floor":6.0,"key":"SMITH"},{"floor":8.0,"key":"REST"},{"data":"Bludgeon","floor":11.0,"key":"SMITH"},{"data":"Shockwave","floor":15.0,"key":"SMITH"},{"data":"Demon Form","floor":25.0,"key":"SMITH"},{"data":"Carnage","floor":28.0,"key":"SMITH"},{"data":"RitualDagger","floor":32.0,"key":"SMITH"},{"data":"Heavy Blade","floor":40.0,"key":"SMITH"},{"data":"Reaper","floor":45,"key":"SMITH"},{"data":"1","floor":47,"key":"LIFT"},{"data":"2","floor":49,"key":"LIFT"}],"neow_cost":"TEN_PERCENT_HP_LOSS","seed_source_timestamp":268515456999200,"circlet_count":0,"master_deck":["Strike_R","Strike_R","Strike_R","Strike_R","Defend_R","Defend_R","Defend_R","Defend_R","Bash","Shockwave+1","Whirlwind+1","Ghostly Armor","Bludgeon+1","Carnage+1","Demon Form+1","Pommel Strike+1","Flame Barrier+1","Armaments+1","Shame","Flex+1","RitualDagger+1","Heavy Blade+1","Reaper+1","Shrug It Off+1"],"special_seed":0,"relics":["Burning Blood","Potion Belt","The Courier","Mercury Hourglass","Ancient Tea Set","Charon\u0027s Ashes","Velvet Choker","Anchor","Membership Card","Oddly Smooth Stone","Lantern","Ornamental Fan","Shuriken","Red Mask","Runic Cube","Bottled Flame","Pantograph","Toxic Egg 2","Letter Opener","Girya"],"potions_floor_usage":[44,44,46],"damage_taken":[{"damage":2.0,"enemies":"Small Slimes","floor":1.0,"turns":3.0},{"damage":5.0,"enemies":"Cultist","floor":3.0,"turns":4.0},{"damage":15.0,"enemies":"Lagavulin","floor":7.0,"turns":4.0},{"damage":18.0,"enemies":"3 Sentries","floor":10.0,"turns":4.0},{"damage":0.0,"enemies":"Jaw Worm","floor":12.0,"turns":2.0},{"damage":0.0,"enemies":"2 Fungi Beasts","floor":13.0,"turns":2.0},{"damage":8.0,"enemies":"Slime Boss","floor":16.0,"turns":6.0},{"damage":8.0,"enemies":"Shell Parasite","floor":18.0,"turns":2.0},{"damage":0.0,"enemies":"Spheric Guardian","floor":21.0,"turns":3.0},{"damage":0.0,"enemies":"Snecko","floor":22.0,"turns":3.0},{"damage":18.0,"enemies":"Gremlin Leader","floor":23.0,"turns":5.0},{"damage":0.0,"enemies":"3 Cultists","floor":24.0,"turns":3.0},{"damage":0.0,"enemies":"Snake Plant","floor":29.0,"turns":2.0},{"damage":0.0,"enemies":"Masked Bandits","floor":31.0,"turns":1.0},{"damage":64.0,"enemies":"Collector","floor":33.0,"turns":9.0},{"damage":7.0,"enemies":"3 Darklings","floor":35.0,"turns":4.0},{"damage":0.0,"enemies":"Orb Walker","floor":37.0,"turns":2.0},{"damage":16.0,"enemies":"Spire Growth","floor":39.0,"turns":6.0},{"damage":81,"enemies":"Giant Head","floor":44,"turns":10},{"damage":35,"enemies":"Mind Bloom Boss Battle","floor":46,"turns":5},{"damage":9,"enemies":"Jaw Worm Horde","floor":48,"turns":6},{"damage":72,"enemies":"Donu and Deca","floor":50,"turns":6}],"seed_played":"-9161915294508051612","potions_obtained":[{"floor":1.0,"key":"BloodPotion"},{"floor":7.0,"key":"BloodPotion"},{"floor":12.0,"key":"Poison Potion"},{"floor":16.0,"key":"EssenceOfSteel"},{"floor":18.0,"key":"PowerPotion"},{"floor":24.0,"key":"Fruit Juice"},{"floor":31.0,"key":"AttackPotion"},{"floor":44,"key":"Block Potion"},{"floor":48,"key":"EssenceOfSteel"}],"is_trial":false,"path_per_floor":["M","$","M","?","?","R","E","R","T","E","R","M","M","$","R","B",null,"M","?","$","M","M","E","M","R","T","?","R","M","?","?","R","B",null,"M","?","M","?","M","R","$","?","T","E","R","?","R","M","R","B",null],"character_chosen":"IRONCLAD","items_purchased":["Shockwave","Whirlwind","Potion Belt","Membership Card","Oddly Smooth Stone","Bottled Flame","Pantograph"],"campfire_rested":1,"item_purchase_floors":[2,2,2,20,20,41,41],"current_hp_per_floor":[72,72,72,47,47,47,38,59,59,47,47,53,59,59,59,57,72,70,70,70,72,72,60,71,71,71,71,71,77,71,77,77,19,77,76,76,77,77,67,67,67,67,67,63,63,48,48,62,62,51],"gold":441,"neow_bonus":"TWO_FIFTY_GOLD","is_prod":false,"is_daily":false,"chose_seed":false,"campfire_upgraded":8,"win_rate":0,"timestamp":1566324528,"path_taken":["M","$","M","?","?","R","E","R","T","E","R","M","?","?","R","BOSS","M","?","$","M","M","E","M","R","T","?","R","M","?","?","R","BOSS","M","?","?","?","M","R","$","?","T","E","R","?","R","M","R","BOSS"],"build_version":"2019-07-17","purchased_purges":1,"victory":true,"max_hp_per_floor":[72,72,72,72,72,72,72,72,72,72,72,72,72,72,72,72,72,72,72,72,72,72,72,77,77,77,77,77,77,77,77,77,77,77,77,77,77,77,77,77,77,77,77,77,77,77,77,77,77,77],"card_choices":[{"not_picked":["Infernal Blade","Clash","Iron Wave"],"picked":"SKIP","floor":1.0},{"not_picked":["Shockwave","True Grit"],"picked":"Ghostly Armor","floor":3.0},{"not_picked":["Hemokinesis","True Grit"],"picked":"Carnage","floor":7.0},{"not_picked":["Searing Blow","Clothesline","Perfected Strike"],"picked":"SKIP","floor":10.0},{"not_picked":["Warcry","Entrench","Wild Strike"],"picked":"SKIP","floor":12.0},{"not_picked":["Fire Breathing","Flex","Iron Wave"],"picked":"SKIP","floor":13.0},{"not_picked":["Juggernaut","Berserk"],"picked":"Demon Form","floor":16.0},{"not_picked":["Warcry","Body Slam","Wild Strike"],"picked":"SKIP","floor":18.0},{"not_picked":["Flex","Pommel Strike","Second Wind"],"picked":"SKIP","floor":21.0},{"not_picked":["Whirlwind","Iron Wave"],"picked":"Pommel Strike+1","floor":22.0},{"not_picked":["Havoc","Inflame"],"picked":"Flame Barrier+1","floor":23.0},{"not_picked":["True Grit","Wild Strike"],"picked":"Armaments+1","floor":24.0},{"not_picked":["Shockwave","Rage"],"picked":"Flex+1","floor":29.0},{"not_picked":["Feed","Bloodletting"],"picked":"Heavy Blade","floor":31.0},{"not_picked":["Demon Form","Brutality"],"picked":"Reaper","floor":33.0},{"not_picked":["Shrug It Off","Body Slam","Power Through"],"picked":"SKIP","floor":35.0},{"not_picked":["Uppercut+1","Clothesline+1"],"picked":"Shrug It Off+1","floor":37.0},{"not_picked":["True Grit+1","Warcry","Flex+1"],"picked":"SKIP","floor":39.0},{"not_picked":["Perfected Strike","Feed","Clothesline+1"],"picked":"SKIP","floor":44},{"not_picked":["Flex+1","Corruption+1","Reckless Charge"],"picked":"SKIP","floor":48}],"player_experience":549421,"relics_obtained":[{"floor":7.0,"key":"Mercury Hourglass"},{"floor":9.0,"key":"Ancient Tea Set"},{"floor":10.0,"key":"Charon\u0027s Ashes"},{"floor":23.0,"key":"Lantern"},{"floor":26.0,"key":"Ornamental Fan"},{"floor":31.0,"key":"Red Mask"},{"floor":43.0,"key":"Toxic Egg 2"},{"floor":44,"key":"Letter Opener"},{"floor":46,"key":"Girya"}],"event_choices":[{"damage_healed":0.0,"max_hp_gain":0.0,"max_hp_loss":0.0,"gold_gain":0.0,"event_name":"Scrap Ooze","player_choice":"Success","floor":4.0,"gold_loss":0.0,"damage_taken":25.0,"relics_obtained":["The Courier"]},{"damage_healed":0.0,"max_hp_gain":0.0,"max_hp_loss":0.0,"gold_gain":0.0,"cards_transformed":["Strike_R"],"event_name":"Transmorgrifier","player_choice":"Transformed","floor":5.0,"gold_loss":0.0,"damage_taken":0.0,"cards_obtained":["Bludgeon"]},{"damage_healed":0.0,"max_hp_gain":0.0,"max_hp_loss":0.0,"gold_gain":0.0,"event_name":"The Mausoleum","player_choice":"Opened","floor":19.0,"gold_loss":0.0,"damage_taken":0.0,"relics_obtained":["Anchor"],"cards_obtained":["Writhe"]},{"damage_healed":0.0,"max_hp_gain":0.0,"max_hp_loss":0.0,"gold_gain":0.0,"event_name":"Addict","player_choice":"Stole Relic","floor":27.0,"gold_loss":0.0,"damage_taken":0.0,"relics_obtained":["Shuriken"],"cards_obtained":["Shame"]},{"damage_healed":0.0,"max_hp_gain":0.0,"max_hp_loss":0.0,"gold_gain":0.0,"event_name":"Nest","player_choice":"Joined the Cult","floor":30.0,"gold_loss":0.0,"damage_taken":6.0,"cards_obtained":["RitualDagger"]},{"damage_healed":0.0,"max_hp_gain":0.0,"max_hp_loss":0.0,"gold_gain":0.0,"event_name":"Masked Bandits","player_choice":"Fought Bandits","floor":31.0,"gold_loss":0.0,"damage_taken":0.0},{"damage_healed":0.0,"max_hp_gain":0.0,"max_hp_loss":0.0,"gold_gain":0.0,"event_name":"The Woman in Blue","player_choice":"Bought 0 Potions","floor":36.0,"gold_loss":0.0,"damage_taken":0.0},{"damage_healed":0.0,"max_hp_gain":0.0,"max_hp_loss":0.0,"gold_gain":0.0,"event_name":"SensoryStone","player_choice":"Memory 1","floor":38.0,"gold_loss":0.0,"damage_taken":0.0},{"damage_healed":0.0,"max_hp_gain":0.0,"max_hp_loss":0.0,"gold_gain":222.0,"event_name":"Tomb of Lord Red Mask","player_choice":"Wore Mask","floor":42.0,"gold_loss":0.0,"damage_taken":0.0},{"damage_healed":0,"gold_gain":0,"player_choice":"Fight","damage_taken":0,"max_hp_gain":0,"max_hp_loss":0,"event_name":"MindBloom","floor":46,"gold_loss":0}],"is_beta":false,"boss_relics":[{"not_picked":["Black Star","Calling Bell"],"picked":"Velvet Choker"},{"not_picked":["Sozu","Lizard Tail"],"picked":"Runic Cube"}],"items_purged_floors":[20],"is_endless":false,"potions_floor_spawned":[1,7,12,16,18,24,31,37,39,44,48],"ascension_level":0}