{"gold_per_floor":[117,130,142,92,104,104,129,129,129,129,149,162,162,176,176,278,278,288,288,307,222,233,233,246,257,280,280,296,309,309,309,309,309],"floor_reached":33,"playtime":988,"items_purged":[],"score":278,"play_id":"15e29efd-e629-41ae-bbec-159e223af6b5","local_time":"20181123113628","is_ascension_mode":false,"campfire_choices":[{"data":"Cleave","floor":6.0,"key":"SMITH"},{"data":"Anger","floor":10.0,"key":"SMITH"},{"data":"Seeing Red","floor":13.0,"key":"SMITH"},{"data":"Thunderclap","floor":15.0,"key":"SMITH"},{"data":"Flex","floor":23.0,"key":"SMITH"},{"data":"Bash","floor":27,"key":"SMITH"},{"floor":30,"key":"REST"},{"floor":32,"key":"REST"}],"neow_cost":"NONE","seed_source_timestamp":817218707324152,"circlet_count":0,"master_deck":["Strike_R+1","Strike_R+1","Strike_R+1","Strike_R+1","Strike_R+1","Defend_R+1","Defend_R+1","Defend_R+1","Bash+1","Anger+1","Cleave+1","Seeing Red+1","Thunderclap+1","Cleave+1","Flex+1","Parasite","Regret"],"special_seed":0,"relics":["Burning Blood","Centennial Puzzle","Singing Bowl","Cursed Key","Unceasing Top","Ancient Tea Set","Darkstone Periapt"],"potions_floor_usage":[28,29,33],"damage_taken":[{"damage":12.0,"enemies":"Small Slimes","floor":1.0,"turns":3.0},{"damage":1.0,"enemies":"Jaw Worm","floor":2.0,"turns":5.0},{"damage":1.0,"enemies":"Cultist","floor":3.0,"turns":3.0},{"damage":25.0,"enemies":"Large Slime","floor":5.0,"turns":5.0},{"damage":19.0,"enemies":"Lagavulin","floor":7.0,"turns":4.0},{"damage":10.0,"enemies":"Looter","floor":11.0,"turns":2.0},{"damage":7.0,"enemies":"Blue Slaver","floor":12.0,"turns":2.0},{"damage":7.0,"enemies":"3 Louse","floor":14.0,"turns":2.0},{"damage":76.0,"enemies":"Hexaghost","floor":16.0,"turns":8.0},{"damage":5.0,"enemies":"Chosen","floor":18.0,"turns":3.0},{"damage":5.0,"enemies":"3 Byrds","floor":20.0,"turns":3.0},{"damage":21.0,"enemies":"Snake Plant","floor":22.0,"turns":3.0},{"damage":7.0,"enemies":"Snecko","floor":24.0,"turns":3.0},{"damage":2,"enemies":"Cultist and Chosen","floor":25,"turns":3},{"damage":13,"enemies":"Snake Plant","floor":28,"turns":2},{"damage":30,"enemies":"Centurion and Healer","floor":29,"turns":3},{"damage":111,"enemies":"Automaton","floor":33,"turns":8}],"seed_played":"-7135006088628141952","potions_obtained":[{"floor":5.0,"key":"Block Potion"},{"floor":11.0,"key":"Poison Potion"},{"floor":12.0,"key":"Explosive Potion"},{"floor":16.0,"key":"Explosive Potion"},{"floor":20.0,"key":"Fire Potion"},{"floor":29,"key":"Dexterity Potion"}],"is_trial":false,"path_per_floor":["M","M","M","?","M","R","E","?","T","R","M","M","R","M","R","B",null,"M","?","M","?","M","R","M","M","T","R","M","M","R","T","R","B"],"character_chosen":"IRONCLAD","items_purchased":[],"campfire_rested":2,"item_purchase_floors":[],"current_hp_per_floor":[74,79,80,80,67,67,54,90,90,90,86,87,87,86,86,18,94,94,94,94,94,81,81,82,88,88,88,83,61,92,92,104,0],"gold":309,"neow_bonus":"ONE_RANDOM_RARE_CARD","is_prod":false,"is_daily":false,"chose_seed":false,"campfire_upgraded":6,"win_rate":0,"timestamp":1542990988,"path_taken":["M","M","M","?","M","R","E","?","T","R","?","M","R","M","R","BOSS","M","?","M","?","M","R","M","M","T","R","M","M","R","?","R","BOSS"],"build_version":"2018-11-15","purchased_purges":0,"victory":false,"max_hp_per_floor":[80,80,80,80,80,80,80,90,90,90,90,92,92,92,92,94,94,94,94,94,94,96,96,98,100,100,100,102,104,104,104,104,104],"card_choices":[{"not_picked":["Body Slam","Havoc","Shrug It Off"],"picked":"SKIP","floor":1.0},{"not_picked":["Hemokinesis","Metallicize"],"picked":"Anger","floor":2.0},{"not_picked":["Havoc","Metallicize"],"picked":"Cleave","floor":3.0},{"not_picked":["Uppercut","Dropkick","Second Wind"],"picked":"SKIP","floor":5.0},{"not_picked":["Sword Boomerang","Searing Blow","Thunderclap"],"picked":"SKIP","floor":7.0},{"not_picked":["Inflame","Reckless Charge"],"picked":"Seeing Red","floor":11.0},{"not_picked":["Shockwave","Twin Strike","Wild Strike"],"picked":"Singing Bowl","floor":12.0},{"not_picked":["Warcry","Anger"],"picked":"Thunderclap","floor":14.0},{"not_picked":["Fiend Fire","Berserk","Barricade"],"picked":"Singing Bowl","floor":16.0},{"not_picked":["Flame Barrier+1","Sentinel+1"],"picked":"Cleave+1","floor":18.0},{"not_picked":["Reckless Charge","Power Through"],"picked":"Flex","floor":20.0},{"not_picked":["Combust+1","Headbutt+1","Inflame"],"picked":"Singing Bowl","floor":22.0},{"not_picked":["Clash","Disarm","Twin Strike"],"picked":"Singing Bowl","floor":24.0},{"not_picked":["Spot Weakness","Rampage","Iron Wave"],"picked":"Singing Bowl","floor":25},{"not_picked":["Armaments","Headbutt","Clash"],"picked":"Singing Bowl","floor":28},{"not_picked":["Dark Embrace","Shrug It Off","Feel No Pain+1"],"picked":"Singing Bowl","floor":29}],"player_experience":211142,"relics_obtained":[{"floor":7.0,"key":"Centennial Puzzle"},{"floor":9.0,"key":"Singing Bowl"},{"floor":26,"key":"Ancient Tea Set"},{"floor":31,"key":"Darkstone Periapt"}],"event_choices":[{"cards_removed":["Defend_R"],"damage_healed":0.0,"max_hp_gain":0.0,"max_hp_loss":0.0,"gold_gain":0.0,"event_name":"The Cleric","player_choice":"Card Removal","floor":4.0,"gold_loss":50.0,"damage_taken":0.0},{"cards_removed":["Reaper"],"damage_healed":26.0,"max_hp_gain":10.0,"max_hp_loss":0.0,"gold_gain":0.0,"event_name":"Bonfire Elementals","player_choice":"Offered Rare","floor":8.0,"gold_loss":0.0,"damage_taken":0.0},{"damage_healed":0.0,"max_hp_gain":0.0,"max_hp_loss":0.0,"gold_gain":0.0,"event_name":"Back to Basics","player_choice":"Simplicity","floor":19.0,"gold_loss":0.0,"damage_taken":0.0,"cards_upgraded":["Strike_R","Strike_R","Strike_R","Strike_R","Strike_R","Defend_R","Defend_R","Defend_R"]},{"damage_healed":0.0,"max_hp_gain":0.0,"max_hp_loss":0.0,"gold_gain":0.0,"event_name":"Addict","player_choice":"Obtained Relic","floor":21.0,"gold_loss":85.0,"damage_taken":0.0,"relics_obtained":["Unceasing Top"]}],"is_beta":false,"boss_relics":[{"not_picked":["Ectoplasm","Runic Cube"],"picked":"Cursed Key"}],"items_purged_floors":[],"is_endless":false,"potions_floor_spawned":[5,11,12,16,20,22,24,29],"killed_by":"Automaton","ascension_level":0}