{"gold_per_floor":[115,131,146,162,178,178,207,207,207,222,239,239,239,259,259,364,364,382,362,375,375,387,412,412,429,429,429,456,472,472,490,490,588,588,601,621,621,721,769,799,813,813,813,827,837,837,857,889,889,889],"floor_reached":51,"playtime":1799,"items_purged":[],"score":780,"play_id":"3078c8e7-6fd8-47c3-8a6c-1fe69da5c4b6","local_time":"20190820000341","is_ascension_mode":false,"campfire_choices":[{"data":"Perfected Strike","floor":6.0,"key":"SMITH"},{"data":"Armaments","floor":8.0,"key":"SMITH"},{"data":"Perfected Strike","floor":13.0,"key":"SMITH"},{"data":"Shockwave","floor":15.0,"key":"SMITH"},{"floor":27.0,"key":"REST"},{"floor":30.0,"key":"REST"},{"data":"Barricade","floor":32.0,"key":"PURGE"},{"floor":42.0,"key":"RECALL"},{"data":"Parasite","floor":49,"key":"PURGE"}],"neow_cost":"NONE","seed_source_timestamp":217641000718000,"circlet_count":0,"master_deck":["Strike_R","Strike_R","Strike_R","Strike_R","Strike_R","Defend_R","Defend_R","Defend_R","Defend_R","Bash","Perfected Strike+1","Shockwave+1","Perfected Strike+1","Armaments+1","Pummel","Battle Trance","Necronomicurse","Pommel Strike+1","Disarm+1","Thunderclap+1","Ghostly Armor+1","Clothesline+1","Battle Trance+1","Shrug It Off+1","Spot Weakness","Reaper"],"special_seed":0,"relics":["Burning Blood","Ancient Tea Set","Bird Faced Urn","Peace Pipe","Fusion Hammer","Pear","Necronomicon","Shuriken","Magic Flower","Velvet Choker","Mango","FossilizedHelix","Frozen Egg 2","Gremlin Horn","Calipers"],"potions_floor_usage":[48,50],"damage_taken":[{"damage":6.0,"enemies":"Cultist","floor":1.0,"turns":3.0},{"damage":0.0,"enemies":"2 Louse","floor":2.0,"turns":2.0},{"damage":6.0,"enemies":"Jaw Worm","floor":3.0,"turns":3.0},{"damage":33.0,"enemies":"Large Slime","floor":4.0,"turns":7.0},{"damage":1.0,"enemies":"2 Fungi Beasts","floor":5.0,"turns":3.0},{"damage":17.0,"enemies":"3 Sentries","floor":7.0,"turns":4.0},{"damage":0.0,"enemies":"Looter","floor":10.0,"turns":2.0},{"damage":16.0,"enemies":"Red Slaver","floor":11.0,"turns":3.0},{"damage":0.0,"enemies":"2 Fungi Beasts","floor":14.0,"turns":2.0},{"damage":22.0,"enemies":"The Guardian","floor":16.0,"turns":9.0},{"damage":17.0,"enemies":"2 Thieves","floor":18.0,"turns":4.0},{"damage":10.0,"enemies":"Spheric Guardian","floor":20.0,"turns":3.0},{"damage":2.0,"enemies":"3 Cultists","floor":22.0,"turns":5.0},{"damage":44.0,"enemies":"Gremlin Leader","floor":23.0,"turns":8.0},{"damage":10.0,"enemies":"Chosen and Byrds","floor":25.0,"turns":4.0},{"damage":25.0,"enemies":"Slavers","floor":28.0,"turns":3.0},{"damage":0.0,"enemies":"Snake Plant","floor":29.0,"turns":1.0},{"damage":0.0,"enemies":"Snecko","floor":31.0,"turns":2.0},{"damage":42.0,"enemies":"Automaton","floor":33.0,"turns":5.0},{"damage":11.0,"enemies":"Orb Walker","floor":35.0,"turns":2.0},{"damage":20.0,"enemies":"3 Darklings","floor":36.0,"turns":3.0},{"damage":3.0,"enemies":"Mind Bloom Boss Battle","floor":38.0,"turns":5.0},{"damage":20.0,"enemies":"2 Orb Walkers","floor":39.0,"turns":4.0},{"damage":11.0,"enemies":"Giant Head","floor":40.0,"turns":7.0},{"damage":0.0,"enemies":"Spire Growth","floor":41.0,"turns":2.0},{"damage":0.0,"enemies":"Writhing Mass","floor":44.0,"turns":4.0},{"damage":2.0,"enemies":"Jaw Worm Horde","floor":45.0,"turns":3.0},{"damage":0,"enemies":"Transient","floor":47,"turns":5},{"damage":42,"enemies":"Reptomancer","floor":48,"turns":5},{"damage":25,"enemies":"Donu and Deca","floor":50,"turns":5}],"seed_played":"-593832267817208561","potions_obtained":[{"floor":1.0,"key":"Weak Potion"},{"floor":7.0,"key":"Ancient Potion"},{"floor":10.0,"key":"SpeedPotion"},{"floor":11.0,"key":"EssenceOfSteel"},{"floor":14.0,"key":"SteroidPotion"},{"floor":19.0,"key":"Strength Potion"},{"floor":20.0,"key":"Poison Potion"},{"floor":23.0,"key":"Swift Potion"},{"floor":28.0,"key":"BloodPotion"},{"floor":29.0,"key":"Swift Potion"},{"floor":31.0,"key":"GamblersBrew"},{"floor":33.0,"key":"Energy Potion"},{"floor":38.0,"key":"AttackPotion"},{"floor":44.0,"key":"SkillPotion"}],"is_trial":false,"path_per_floor":["M","M","M","M","M","R","E","R","T","M","M","$","R","M","R","B",null,"M","?","M","?","M","E","?","M","T","R","E","M","R","M","R","B",null,"M","M","?","?","?","E","M","R","T","M","M","?","M","E","R","B",null],"character_chosen":"IRONCLAD","items_purchased":[],"campfire_rested":2,"item_purchase_floors":[],"current_hp_per_floor":[80,80,80,53,58,58,47,47,47,53,43,43,43,49,49,33,80,69,69,65,65,69,43,27,23,23,50,31,40,67,76,76,43,90,88,77,77,97,86,84,93,93,93,102,104,99,99,99,96,80],"gold":889,"neow_bonus":"RANDOM_COMMON_RELIC","is_prod":false,"is_daily":false,"chose_seed":false,"campfire_upgraded":4,"win_rate":0,"timestamp":1566273821,"path_taken":["M","M","M","M","?","R","E","R","T","M","M","$","R","M","R","BOSS","M","?","?","?","M","E","?","M","T","R","E","M","R","M","R","BOSS","M","M","?","?","?","E","M","R","T","M","M","?","M","E","R","BOSS"],"build_version":"2019-07-17","purchased_purges":0,"victory":true,"max_hp_per_floor":[80,80,80,80,80,80,80,80,80,80,80,80,80,80,80,80,80,80,80,80,80,80,90,90,90,90,90,90,90,90,90,90,90,90,90,90,90,104,104,104,104,104,104,104,104,99,99,99,96,96],"card_choices":[{"not_picked":["Cleave","Combust"],"picked":"Perfected Strike","floor":1.0},{"not_picked":["Cleave","Blood for Blood"],"picked":"Shockwave","floor":2.0},{"not_picked":["Clothesline","Sword Boomerang","Bloodletting"],"picked":"SKIP","floor":3.0},{"not_picked":["Battle Trance","Clash"],"picked":"Perfected Strike","floor":4.0},{"not_picked":["Corruption","Fiend Fire","Intimidate"],"picked":"SKIP","floor":5.0},{"not_picked":["Clash","Pommel Strike"],"picked":"Armaments","floor":7.0},{"not_picked":["Inflame","True Grit","Clash"],"picked":"SKIP","floor":10.0},{"not_picked":["Clash","Havoc"],"picked":"Pummel","floor":11.0},{"not_picked":["Sever Soul","Wild Strike","Hemokinesis"],"picked":"SKIP","floor":14.0},{"not_picked":["Berserk","Bludgeon"],"picked":"Barricade","floor":16.0},{"not_picked":["Flex","Headbutt","Warcry+1"],"picked":"SKIP","floor":18.0},{"not_picked":["Body Slam+1","Thunderclap"],"picked":"Battle Trance","floor":20.0},{"not_picked":["Heavy Blade","Warcry","Clash"],"picked":"SKIP","floor":22.0},{"not_picked":["Anger+1","Sever Soul+1","Iron Wave+1"],"picked":"SKIP","floor":23.0},{"not_picked":["Immolate","Pummel+1"],"picked":"Perfected Strike","floor":25.0},{"not_picked":["Infernal Blade","Sword Boomerang"],"picked":"Pommel Strike+1","floor":28.0},{"not_picked":["Wild Strike","Perfected Strike"],"picked":"Disarm+1","floor":29.0},{"not_picked":["Clash","True Grit+1"],"picked":"Thunderclap+1","floor":31.0},{"not_picked":["Clash","Anger","Dual Wield"],"picked":"SKIP","floor":35.0},{"not_picked":["Heavy Blade+1","Havoc","Iron Wave+1"],"picked":"SKIP","floor":36.0},{"not_picked":["Clash","Perfected Strike"],"picked":"Ghostly Armor+1","floor":38.0},{"not_picked":["Heavy Blade","Berserk"],"picked":"Clothesline+1","floor":39.0},{"not_picked":["Seeing Red","Clash+1"],"picked":"Battle Trance+1","floor":40.0},{"not_picked":["Perfected Strike","Thunderclap+1"],"picked":"Shrug It Off+1","floor":41.0},{"not_picked":["Warcry","Iron Wave","Sentinel"],"picked":"SKIP","floor":44.0},{"not_picked":["Body Slam+1","Power Through"],"picked":"Spot Weakness","floor":45.0},{"not_picked":["Cleave+1","Headbutt"],"picked":"Reaper","floor":47},{"not_picked":["Searing Blow","Twin Strike","Carnage"],"picked":"SKIP","floor":48}],"player_experience":543216,"relics_obtained":[{"floor":7.0,"key":"Bird Faced Urn"},{"floor":9.0,"key":"Peace Pipe"},{"floor":23.0,"key":"Pear"},{"floor":24.0,"key":"Necronomicon"},{"floor":26.0,"key":"Shuriken"},{"floor":28.0,"key":"Magic Flower"},{"floor":38.0,"key":"Mango"},{"floor":39.0,"key":"FossilizedHelix"},{"floor":40.0,"key":"Frozen Egg 2"},{"floor":43.0,"key":"Gremlin Horn"},{"floor":48,"key":"Calipers"}],"event_choices":[{"damage_healed":0.0,"max_hp_gain":0.0,"max_hp_loss":0.0,"gold_gain":0.0,"event_name":"The Woman in Blue","player_choice":"Bought 1 Potion","floor":19.0,"gold_loss":0.0,"damage_taken":0.0},{"damage_healed":0.0,"max_hp_gain":0.0,"max_hp_loss":0.0,"gold_gain":0.0,"event_name":"Ghosts","player_choice":"Ignored","floor":21.0,"gold_loss":0.0,"damage_taken":0.0},{"damage_healed":0.0,"max_hp_gain":0.0,"max_hp_loss":0.0,"gold_gain":0.0,"event_name":"Cursed Tome","player_choice":"Obtained Book","floor":24.0,"gold_loss":0.0,"damage_taken":16.0},{"cards_removed":["Perfected Strike"],"damage_healed":0.0,"max_hp_gain":0.0,"max_hp_loss":0.0,"gold_gain":0.0,"event_name":"Falling","player_choice":"Removed Attack","floor":37.0,"gold_loss":0.0,"damage_taken":0.0},{"damage_healed":0.0,"max_hp_gain":0.0,"max_hp_loss":0.0,"gold_gain":0.0,"event_name":"MindBloom","player_choice":"Fight","floor":38.0,"gold_loss":0.0,"damage_taken":0.0},{"damage_healed":0.0,"max_hp_gain":0.0,"max_hp_loss":0.0,"gold_gain":0.0,"event_name":"Mysterious Sphere","player_choice":"Fight","floor":39.0,"gold_loss":0.0,"damage_taken":0.0},{"damage_healed":0.0,"max_hp_gain":0.0,"max_hp_loss":5.0,"gold_gain":0.0,"event_name":"Winding Halls","player_choice":"Max HP","floor":46.0,"gold_loss":0.0,"damage_taken":0.0}],"is_beta":false,"boss_relics":[{"not_picked":["White Beast Statue","Astrolabe"],"picked":"Fusion Hammer"},{"not_picked":["Lizard Tail","Runic Pyramid"],"picked":"Velvet Choker"}],"items_purged_floors":[],"is_endless":false,"potions_floor_spawned":[1,7,10,11,14,20,23,28,29,31,33,38,41,44,45],"ascension_level":0}