{"gold_per_floor":[116,131,150,225,245,245,263,263,263,263,293,258,27,45,45,145,145,156,56,56,56,76,76,2,2,2,2,2,18,18,37,37,37],"floor_reached":33,"playtime":1396,"items_purged":["Strike_R","Strike_R"],"score":245,"play_id":"15f56a87-2f44-4b16-8827-0d0e17eca034","local_time":"20180729212544","is_ascension_mode":false,"campfire_choices":[{"data":"Whirlwind","floor":6,"key":"SMITH"},{"floor":8,"key":"REST"},{"data":"Anger","floor":10,"key":"SMITH"},{"data":"Reaper","floor":15,"key":"SMITH"},{"floor":23,"key":"REST"},{"floor":25,"key":"REST"},{"data":"Immolate","floor":28,"key":"SMITH"},{"floor":32,"key":"REST"}],"neow_cost":"","seed_source_timestamp":353559203991909,"circlet_count":0,"master_deck":["Strike_R","Strike_R","Strike_R","Defend_R","Defend_R","Defend_R","Defend_R","Bash","Anger+1","Whirlwind+1","Searing Blow","Anger+1","Reaper+1","Immolate+1","Cleave","Cleave","Ghostly Armor"],"relics":["Burning Blood","Darkstone Periapt","Art of War","Lantern","Orrery","Self Forming Clay"],"potions_floor_usage":[11,11,16,29,33,33],"damage_taken":[{"damage":15,"enemies":"Jaw Worm","floor":1,"turns":5},{"damage":0,"enemies":"Small Slimes","floor":2,"turns":3},{"damage":5,"enemies":"Cultist","floor":3,"turns":4},{"damage":16,"enemies":"2 Fungi Beasts","floor":5,"turns":3},{"damage":29,"enemies":"Exordium Thugs","floor":7,"turns":6},{"damage":9,"enemies":"Lagavulin","floor":11,"turns":5},{"damage":5,"enemies":"Looter","floor":14,"turns":3},{"damage":71,"enemies":"Hexaghost","floor":16,"turns":11},{"damage":55,"enemies":"Shell Parasite","floor":18,"turns":6},{"damage":22,"enemies":"Spheric Guardian","floor":22,"turns":4},{"damage":7,"enemies":"Snecko","floor":29,"turns":5},{"damage":21,"enemies":"Cultist and Chosen","floor":31,"turns":6},{"damage":91,"enemies":"Champ","floor":33,"turns":9}],"seed_played":"-4896313279180937209","potions_obtained":[{"floor":2,"key":"Block Potion"},{"floor":3,"key":"Ancient Potion"},{"floor":7,"key":"Fire Potion"},{"floor":14,"key":"Weak Potion"},{"floor":18,"key":"Weak Potion"},{"floor":31,"key":"SteroidPotion"}],"is_trial":false,"path_per_floor":["M","M","M","?","M","R","M","R","T","R","E","?","$","M","R","B",null,"M","$","?","?","M","R","$","R","T","?","R","M","?","M","R"],"character_chosen":"IRONCLAD","items_purchased":["Lantern","Ghostly Armor"],"campfire_rested":4,"item_purchase_floors":[13,24],"current_hp_per_floor":[71,77,78,67,57,57,34,58,58,58,55,75,75,76,76,16,80,31,31,31,31,15,39,39,63,63,63,63,69,69,64,80,0],"gold":37,"neow_bonus":"","is_prod":false,"is_daily":false,"chose_seed":false,"campfire_upgraded":4,"win_rate":0,"timestamp":1532913944,"path_taken":["M","M","M","?","M","R","M","R","T","R","E","?","$","?","R","BOSS","M","$","?","?","M","R","$","R","T","?","R","?","?","M","R","BOSS"],"build_version":"2018-07-26","purchased_purges":2,"victory":false,"max_hp_per_floor":[80,80,80,80,80,80,80,80,80,80,80,80,80,80,80,80,80,80,80,80,80,80,80,80,80,80,80,80,80,80,80,80,80],"card_choices":[{"not_picked":["Reckless Charge","Twin Strike"],"picked":"Anger","floor":1},{"not_picked":["Fire Breathing","Heavy Blade","Uppercut"],"picked":"SKIP","floor":2},{"not_picked":["Combust","Wild Strike"],"picked":"Whirlwind","floor":3},{"not_picked":["Ghostly Armor","Bloodletting"],"picked":"Searing Blow","floor":5},{"not_picked":["Perfected Strike","Twin Strike"],"picked":"Anger","floor":7},{"not_picked":["Twin Strike","Havoc","Body Slam"],"picked":"SKIP","floor":11},{"not_picked":["Reckless Charge","Sword Boomerang"],"picked":"Reaper","floor":14},{"not_picked":["Bludgeon","Brutality"],"picked":"Immolate","floor":16},{"not_picked":["Wild Strike","Clothesline"],"picked":"Cleave","floor":17},{"not_picked":["Corruption","Pommel Strike"],"picked":"Cleave","floor":17},{"not_picked":["Fire Breathing","Clothesline","Perfected Strike"],"picked":"SKIP","floor":18},{"not_picked":["Metallicize","True Grit","Headbutt"],"picked":"SKIP","floor":22},{"not_picked":["Body Slam","Headbutt+1","Limit Break"],"picked":"SKIP","floor":29},{"not_picked":["Uppercut","Corruption","Clothesline"],"picked":"SKIP","floor":31}],"player_experience":73930,"relics_obtained":[{"floor":9,"key":"Darkstone Periapt"},{"floor":11,"key":"Art of War"},{"floor":26,"key":"Self Forming Clay"}],"event_choices":[{"event_name":"World of Goop","player_choice":"Gather Gold","floor":4,"damage_taken":0},{"event_name":"The Cleric","player_choice":"Healed","floor":12,"damage_taken":0},{"event_name":"Drug Dealer","player_choice":"Ignored","floor":20,"damage_taken":0},{"event_name":"Vampires","player_choice":"Ignored","floor":21,"damage_taken":0},{"event_name":"Ghosts","player_choice":"Ignored","floor":27,"damage_taken":0},{"event_name":"Upgrade Shrine","player_choice":"Upgraded","floor":30,"damage_taken":0}],"is_beta":false,"boss_relics":[{"not_picked":["Runic Dome","Sozu"],"picked":"Orrery"}],"items_purged_floors":[13,19],"is_endless":false,"potions_floor_spawned":[2,3,7,14,18,31],"killed_by":"Champ","ascension_level":0}