{"gold_per_floor":[109,120,130,140,159,159,159,174,174,174,174,6,6,24,24,125,125,141,160,78,128,142,142],"floor_reached":23,"playtime":2455,"items_purged":[],"score":185,"play_id":"b67ce862-6ff7-4f23-9946-8e598d73001b","local_time":"20180714002446","is_ascension_mode":false,"campfire_choices":[{"floor":6,"key":"REST"},{"floor":11,"key":"REST"},{"floor":15,"key":"REST"}],"neow_cost":"","seed_source_timestamp":12197725779509,"circlet_count":0,"master_deck":["Defend_G","Defend_G","Defend_G","Defend_G","Defend_G","Strike_G+1","Strike_G","Strike_G","Strike_G","Strike_G+1","Survivor","Neutralize","Slice","Prepared","Deadly Poison","Sucker Punch","Deflect","Regret","Slice+1","Terror","Flash of Steel+1","Skewer+1","Die Die Die+1","Malaise","Leg Sweep","Backflip","Dash+1","PiercingWail","Infinite Blades","Blade Dance+1"],"relics":["Ring of the Snake","Molten Egg 2","Letter Opener","SsserpentHead","Black Star"],"potions_floor_usage":[5,16],"damage_taken":[{"damage":3,"enemies":"Cultist","floor":1,"turns":5},{"damage":2,"enemies":"2 Louse","floor":2,"turns":4},{"damage":0,"enemies":"Jaw Worm","floor":3,"turns":4},{"damage":6,"enemies":"Looter","floor":4,"turns":4},{"damage":16,"enemies":"Gremlin Gang","floor":5,"turns":6},{"damage":26,"enemies":"Exordium Wildlife","floor":8,"turns":8},{"damage":3,"enemies":"Blue Slaver","floor":14,"turns":3},{"damage":40,"enemies":"Hexaghost","floor":16,"turns":8},{"damage":27,"enemies":"Spheric Guardian","floor":18,"turns":4},{"damage":11,"enemies":"Chosen","floor":19,"turns":6},{"damage":5,"enemies":"Snecko","floor":22,"turns":5},{"damage":30,"enemies":"Book of Stabbing","floor":23,"turns":7}],"seed_played":"5443427793478221157","potions_obtained":[{"floor":1,"key":"Fire Potion"},{"floor":5,"key":"Dexterity Potion"},{"floor":18,"key":"Block Potion"}],"is_trial":false,"path_per_floor":["M","M","M","M","M","R","?","M","T","?","R","$","?","M","R","B",null,"M","M","$","?","M"],"character_chosen":"THE_SILENT","items_purchased":["Terror","Flash of Steel+1","Backflip","Dash+1"],"campfire_rested":3,"item_purchase_floors":[12,12,20,20],"current_hp_per_floor":[67,65,65,59,43,64,64,38,38,24,45,45,45,42,63,23,70,43,32,32,32,27,0],"gold":142,"neow_bonus":"","is_prod":false,"is_daily":false,"chose_seed":false,"campfire_upgraded":0,"win_rate":0.0,"timestamp":1531542286,"path_taken":["M","M","?","M","M","R","?","?","T","?","R","$","?","M","R","BOSS","M","M","$","?","M","E"],"build_version":"2018-07-12","purchased_purges":0,"victory":false,"max_hp_per_floor":[70,70,70,70,70,70,70,70,70,70,70,70,70,70,70,70,70,70,70,70,70,70,70],"card_choices":[{"not_picked":["Deflect","Quick Slash"],"picked":"Slice","floor":1},{"not_picked":["Deflect","PiercingWail"],"picked":"Prepared","floor":2},{"not_picked":["PiercingWail","Slice"],"picked":"Deadly Poison","floor":3},{"not_picked":["Reflex","Prepared"],"picked":"Sucker Punch","floor":4},{"not_picked":["Acrobatics","Bouncing Flask"],"picked":"Deflect","floor":5},{"not_picked":["Acrobatics","Wraith Form v2"],"picked":"Slice+1","floor":8},{"not_picked":["Leg Sweep","Underhanded Strike+1"],"picked":"Skewer+1","floor":14},{"not_picked":["Envenom","Phantasmal Killer"],"picked":"Die Die Die+1","floor":16},{"not_picked":["Flechettes+1","Deadly Poison"],"picked":"Malaise","floor":18},{"not_picked":["Outmaneuver+1","Underhanded Strike+1"],"picked":"Leg Sweep","floor":19},{"not_picked":["Malaise","Backflip+1"],"picked":"Blade Dance+1","floor":22}],"player_experience":2685,"relics_obtained":[{"floor":9,"key":"Letter Opener"}],"event_choices":[{"event_name":"Big Fish","player_choice":"Box","floor":7,"damage_taken":0},{"event_name":"Shining Light","player_choice":"Entered Light","floor":10,"damage_taken":0},{"event_name":"FaceTrader","player_choice":"Trade","floor":13,"damage_taken":0},{"event_name":"Match and Keep!","player_choice":"2 cards matched","floor":21,"damage_taken":0}],"boss_relics":[{"not_picked":["Cursed Key","Empty Cage"],"picked":"Black Star"}],"items_purged_floors":[],"is_endless":false,"potions_floor_spawned":[1,5,18],"killed_by":"Book of Stabbing","ascension_level":0}