{"gold_per_floor":[115,127,52,68,68,68,80,80,80,80,100,131,148,159,159,259,259,271,271,290,301,301],"floor_reached":22,"playtime":2653,"items_purged":["Normality"],"score":190,"play_id":"696f1e13-046b-4b3c-ad84-e0d65b6ed29e","local_time":"20190915003432","is_ascension_mode":false,"campfire_choices":[{"data":"WindmillStrike","floor":6.0,"key":"SMITH"},{"data":"Thinking Ahead","floor":8.0,"key":"SMITH"},{"data":"Vigilance","floor":10.0,"key":"SMITH"},{"data":"Brilliance","floor":15.0,"key":"SMITH"}],"neow_cost":"CURSE","seed_source_timestamp":171059597194000,"circlet_count":0,"master_deck":["Strike_P","Strike_P","Strike_P","Defend_P","Defend_P","Defend_P","Defend_P","Eruption","Vigilance+1","Thinking Ahead+1","Mayhem","Protect","WindmillStrike+1","WaveOfTheHand","FlyingSleeves","EmptyMind","Brilliance+1","DevaForm","CurseOfTheBell","Impatience","InnerPeace+1"],"special_seed":0,"relics":["PureWater","Anchor","Gremlin Horn","Calling Bell","Oddly Smooth Stone","Meat on the Bone","Torii"],"potions_floor_usage":[22,22],"damage_taken":[{"damage":1.0,"enemies":"Cultist","floor":1.0,"turns":6.0},{"damage":2.0,"enemies":"Small Slimes","floor":2.0,"turns":4.0},{"damage":0.0,"enemies":"Jaw Worm","floor":4.0,"turns":6.0},{"damage":0.0,"enemies":"Lots of Slimes","floor":7.0,"turns":3.0},{"damage":0.0,"enemies":"Looter","floor":11.0,"turns":4.0},{"damage":1.0,"enemies":"Lagavulin","floor":12.0,"turns":7.0},{"damage":0.0,"enemies":"2 Fungi Beasts","floor":13.0,"turns":3.0},{"damage":0.0,"enemies":"Large Slime","floor":14.0,"turns":3.0},{"damage":23.0,"enemies":"Slime Boss","floor":16.0,"turns":7.0},{"damage":15.0,"enemies":"2 Thieves","floor":18.0,"turns":5.0},{"damage":2.0,"enemies":"Spheric Guardian","floor":20.0,"turns":7.0},{"damage":2.0,"enemies":"Snecko","floor":21.0,"turns":11.0},{"damage":58,"enemies":"3 Cultists","floor":22,"turns":5}],"seed_played":"1328373732309382104","potions_obtained":[{"floor":2.0,"key":"Explosive Potion"},{"floor":7.0,"key":"GamblersBrew"},{"floor":13.0,"key":"StancePotion"},{"floor":14.0,"key":"Regen Potion"},{"floor":18.0,"key":"Weak Potion"}],"is_trial":false,"path_per_floor":["M","M","$","M","?","R","M","R","T","R","M","E","M","M","R","B",null,"M","?","M","M","M"],"character_chosen":"WATCHER","items_purchased":[],"campfire_rested":0,"item_purchase_floors":[],"current_hp_per_floor":[64,62,62,62,62,62,62,62,62,62,62,61,61,61,61,38,65,50,50,48,46,0],"gold":301,"neow_bonus":"RANDOM_COLORLESS_2","is_prod":false,"is_daily":false,"chose_seed":false,"campfire_upgraded":4,"win_rate":0,"timestamp":1568522072,"path_taken":["M","?","$","M","?","R","?","R","T","R","?","E","M","M","R","BOSS","M","?","M","?","?"],"build_version":"2019-09-12","purchased_purges":1,"victory":false,"max_hp_per_floor":[65,65,65,65,65,65,65,65,65,65,65,65,65,65,65,65,65,65,65,65,65,65],"card_choices":[{"not_picked":["Consecrate","ThirdEye"],"picked":"Protect","floor":1.0},{"not_picked":["FlurryOfBlows","EmptyBody"],"picked":"WindmillStrike","floor":2.0},{"not_picked":["Worship","CrushJoints"],"picked":"WaveOfTheHand","floor":4.0},{"not_picked":["ClearTheMind","Worship"],"picked":"FlyingSleeves","floor":7.0},{"not_picked":["EmptyBody","FollowUp"],"picked":"EmptyMind","floor":11.0},{"not_picked":["Protect","Sanctity","Crescendo"],"picked":"SKIP","floor":12.0},{"not_picked":["EmptyFist","Consecrate"],"picked":"Brilliance","floor":13.0},{"not_picked":["EmptyFist","Protect","JustLucky"],"picked":"SKIP","floor":14.0},{"not_picked":["ReachHeaven","Vault"],"picked":"DevaForm","floor":16.0},{"not_picked":["ThirdEye+1","Consecrate","EmptyMind"],"picked":"SKIP","floor":18.0},{"not_picked":["ForeignInfluence+1","EmptyFist+1"],"picked":"InnerPeace+1","floor":20.0},{"not_picked":["SpiritShield","Meditate","ForeignInfluence"],"picked":"SKIP","floor":21.0}],"player_experience":617601,"relics_obtained":[{"floor":9.0,"key":"Anchor"},{"floor":12.0,"key":"Gremlin Horn"},{"floor":17.0,"key":"Oddly Smooth Stone"},{"floor":17.0,"key":"Meat on the Bone"},{"floor":17.0,"key":"Torii"}],"event_choices":[{"cards_removed":["Strike_P"],"damage_healed":0.0,"max_hp_gain":0.0,"max_hp_loss":0.0,"gold_gain":0.0,"event_name":"Purifier","player_choice":"Purged","floor":5.0,"gold_loss":0.0,"damage_taken":0.0},{"damage_healed":0.0,"max_hp_gain":0.0,"max_hp_loss":0.0,"gold_gain":0.0,"event_name":"Match and Keep!","player_choice":"1 cards matched","floor":19.0,"gold_loss":0.0,"damage_taken":0.0,"cards_obtained":["Impatience"]}],"is_beta":true,"boss_relics":[{"not_picked":["Astrolabe","Ectoplasm"],"picked":"Calling Bell"}],"items_purged_floors":[3],"is_endless":false,"potions_floor_spawned":[2,7,13,14,16,18],"killed_by":"3 Cultists","ascension_level":0}