{"gold_per_floor":[117,192,192,206,225,13,13,32,32,32,32,47,58,76,76,172,172,184,200,217,227,227],"floor_reached":22,"playtime":2685,"items_purged":[],"score":182,"play_id":"cbc1ab31-c94c-4366-8e8f-8374386233d0","local_time":"20180713234316","is_ascension_mode":false,"campfire_choices":[{"floor":7,"key":"REST"},{"data":"Sever Soul","floor":10,"key":"SMITH"},{"data":"Blood for Blood","floor":15,"key":"SMITH"}],"neow_cost":"","seed_source_timestamp":9472744025771,"circlet_count":0,"master_deck":["Strike_R","Strike_R","Strike_R","Strike_R","Strike_R","Defend_R","Defend_R","Defend_R","Defend_R","Bash","Rupture","Iron Wave","Blood for Blood+1","Inflame","Uppercut","Bandage Up","Sever Soul+1","Pommel Strike","Sword Boomerang","Anger","Demon Form","Dropkick","Shrug It Off","Flame Barrier+1","Armaments"],"relics":["Black Blood","Mango"],"potions_floor_usage":[16,22],"damage_taken":[{"damage":7,"enemies":"2 Louse","floor":1,"turns":3},{"damage":20,"enemies":"Small Slimes","floor":4,"turns":5},{"damage":5,"enemies":"Cultist","floor":5,"turns":4},{"damage":7,"enemies":"Looter","floor":8,"turns":3},{"damage":17,"enemies":"3 Louse","floor":12,"turns":3},{"damage":20,"enemies":"Exordium Wildlife","floor":13,"turns":4},{"damage":9,"enemies":"2 Fungi Beasts","floor":14,"turns":4},{"damage":78,"enemies":"The Guardian","floor":16,"turns":10},{"damage":37,"enemies":"Spheric Guardian","floor":18,"turns":5},{"damage":12,"enemies":"Chosen","floor":19,"turns":6},{"damage":26,"enemies":"Centurion and Healer","floor":20,"turns":8},{"damage":53,"enemies":"Snake Plant","floor":21,"turns":6},{"damage":25,"enemies":"Sentry and Sphere","floor":22,"turns":3}],"seed_played":"305064335390114075","potions_obtained":[{"floor":1,"key":"Energy Potion"},{"floor":8,"key":"FearPotion"},{"floor":13,"key":"Regen Potion"},{"floor":18,"key":"Explosive Potion"}],"is_trial":false,"path_per_floor":["M","?","?","M","M","$","R","M","T","R","$","M","M","M","R","B",null,"M","M","M","M"],"character_chosen":"IRONCLAD","items_purchased":["Inflame","Uppercut","Bandage Up"],"campfire_rested":1,"item_purchase_floors":[6,6,6],"current_hp_per_floor":[79,68,68,54,55,55,79,78,92,92,92,85,75,76,76,23,94,71,73,61,22,0],"gold":227,"neow_bonus":"","is_prod":false,"is_daily":false,"chose_seed":false,"campfire_upgraded":2,"win_rate":0.0,"timestamp":1531539796,"path_taken":["M","?","?","M","M","$","R","M","T","R","?","M","?","M","R","BOSS","M","M","M","M","M"],"build_version":"2018-07-12","purchased_purges":0,"victory":false,"max_hp_per_floor":[80,80,80,80,80,80,80,80,94,94,94,94,94,94,94,94,94,94,94,94,94,94],"card_choices":[{"not_picked":["Corruption","True Grit"],"picked":"Rupture","floor":1},{"not_picked":["Inflame","Thunderclap"],"picked":"Iron Wave","floor":4},{"not_picked":["Combust","Battle Trance"],"picked":"Blood for Blood","floor":5},{"not_picked":["Warcry","Searing Blow"],"picked":"Sever Soul","floor":8},{"not_picked":["Disarm","Headbutt"],"picked":"Pommel Strike","floor":12},{"not_picked":["Body Slam","Berserk"],"picked":"Sword Boomerang","floor":13},{"not_picked":["Clash","Perfected Strike"],"picked":"Anger","floor":14},{"not_picked":["Impervious","Bludgeon"],"picked":"Demon Form","floor":16},{"not_picked":["Metallicize+1","Cleave"],"picked":"Dropkick","floor":18},{"not_picked":["Flex","Cleave"],"picked":"Shrug It Off","floor":19},{"not_picked":["Anger","Body Slam"],"picked":"Flame Barrier+1","floor":20},{"not_picked":["Corruption","Anger"],"picked":"Armaments","floor":21}],"player_experience":0,"relics_obtained":[{"floor":9,"key":"Mango"}],"event_choices":[{"event_name":"World of Goop","player_choice":"Gather Gold","floor":2,"damage_taken":0},{"event_name":"Liars Game","player_choice":"disagreed","floor":3,"damage_taken":0}],"boss_relics":[{"not_picked":["Runic Dome","Ectoplasm"],"picked":"Black Blood"}],"items_purged_floors":[],"is_endless":false,"potions_floor_spawned":[1,8,13,18],"killed_by":"Sentry and Sphere","ascension_level":0}