{"gold_per_floor":[109,109,109,130,150,150,173,173],"floor_reached":8,"playtime":3184,"items_purged":[],"score":67,"play_id":"6e7d7dff-03b0-4f6b-937b-7cb43a5b0b77","local_time":"20190608202103","is_ascension_mode":true,"campfire_choices":[{"data":"Crippling Poison","floor":6.0,"key":"SMITH"}],"neow_cost":"NONE","seed_source_timestamp":8782887803287,"circlet_count":0,"master_deck":["Defend_G","Defend_G","Defend_G","Defend_G","Strike_G","Strike_G","Strike_G","Survivor","Neutralize","PiercingWail+1","Outmaneuver+1","Footwork+1","Dodge and Roll","Regret","Crippling Poison+1","Prepared"],"special_seed":0,"relics":["Astrolabe","Golden Idol","Bag of Preparation"],"potions_floor_usage":[8,8],"damage_taken":[{"damage":12.0,"enemies":"Jaw Worm","floor":1.0,"turns":14.0},{"damage":6.0,"enemies":"Small Slimes","floor":4.0,"turns":7.0},{"damage":8.0,"enemies":"Cultist","floor":5.0,"turns":8.0},{"damage":2.0,"enemies":"3 Louse","floor":7.0,"turns":2.0},{"damage":36,"enemies":"3 Sentries","floor":8,"turns":20}],"seed_played":"-2459871190965296747","potions_obtained":[{"floor":5.0,"key":"Weak Potion"},{"floor":7.0,"key":"Fire Potion"}],"is_trial":false,"path_per_floor":["M","?","?","M","M","R","M","E"],"character_chosen":"THE_SILENT","items_purchased":[],"campfire_rested":0,"item_purchase_floors":[],"current_hp_per_floor":[51,51,51,45,37,37,35,0],"gold":173,"neow_bonus":"BOSS_RELIC","is_prod":false,"is_daily":false,"chose_seed":false,"campfire_upgraded":1,"win_rate":0,"timestamp":1560039663,"path_taken":["M","?","?","?","M","R","M","E"],"build_version":"2019-01-23","purchased_purges":0,"victory":false,"max_hp_per_floor":[70,65,65,65,65,65,65,65],"card_choices":[{"not_picked":["Blade Dance","Prepared"],"picked":"Dodge and Roll","floor":1.0},{"not_picked":["PiercingWail","Slice"],"picked":"Crippling Poison","floor":4.0},{"not_picked":["Caltrops","Setup"],"picked":"Prepared","floor":5.0},{"not_picked":["Slice","Sucker Punch","Infinite Blades"],"picked":"SKIP","floor":7.0}],"player_experience":333112,"relics_obtained":[],"event_choices":[{"damage_healed":0.0,"max_hp_gain":0.0,"max_hp_loss":5.0,"gold_gain":0.0,"event_name":"Golden Idol","player_choice":"Lose Max HP","floor":2.0,"gold_loss":0.0,"damage_taken":0.0,"relics_obtained":["Golden Idol"]},{"damage_healed":0.0,"max_hp_gain":0.0,"max_hp_loss":0.0,"gold_gain":0.0,"event_name":"Big Fish","player_choice":"Box","floor":3.0,"gold_loss":0.0,"damage_taken":0.0,"relics_obtained":["Bag of Preparation"],"cards_obtained":["Regret"]}],"is_beta":false,"boss_relics":[],"items_purged_floors":[],"is_endless":false,"potions_floor_spawned":[5,7],"killed_by":"3 Sentries","ascension_level":8}