{"gold_per_floor":[114,114,129,144,159,159],"floor_reached":6,"playtime":1401,"items_purged":[],"score":88,"play_id":"284bf64e-9bed-4454-9f83-d0fb3aae0cd4","local_time":"20180707004356","daily_mods":["Insanity","Cursed Run","Elite Swarm"],"is_ascension_mode":false,"campfire_choices":[],"neow_cost":"","seed_source_timestamp":0,"circlet_count":0,"master_deck":["Thunder Strike","Double Energy","Dualcast","Creative AI","Multi-Cast","Redo","Stack","Scrape","Loop","Consume","Conserve Battery","Hologram","Auto Shields","Creative AI","Heatsinks","Gash","Machine Learning","Amplify","Rebound","Compile Driver","Beam Cell","Reboot","Echo Form","Biased Cognition","Sweeping Beam","Aggregate","Doom and Gloom","Lockon","FTL","Beam Cell","Defragment","Chill","Storm","Chaos","Seek","Gash","Meteor Strike","Recycle","Go for the Eyes","Strike_B","Leap","Hologram","Multi-Cast","Auto Shields","Double Energy","White Noise","Aggregate","Double Energy","Stack","Machine Learning","Ball Lightning","Barrage","Gash","Meteor Strike"],"special_seed":17718,"relics":["Cursed Key","Darkstone Periapt","Du-Vu Doll","GremlinMask"],"potions_floor_usage":[6,6],"damage_taken":[{"damage":12,"enemies":"Cultist","floor":1,"turns":5},{"damage":3,"enemies":"Small Slimes","floor":3,"turns":3},{"damage":12,"enemies":"Jaw Worm","floor":4,"turns":3},{"damage":16,"enemies":"Exordium Wildlife","floor":5,"turns":2},{"damage":49,"enemies":"Gremlin Nob","floor":6,"turns":4}],"seed_played":"-7177677508004505436","potions_obtained":[{"floor":4,"key":"Dexterity Potion"},{"floor":5,"key":"SkillPotion"}],"is_trial":false,"path_per_floor":["M","?","M","M","M"],"character_chosen":"DEFECT","items_purchased":[],"campfire_rested":0,"item_purchase_floors":[],"current_hp_per_floor":[63,63,60,48,32,0],"gold":159,"neow_bonus":"","is_prod":false,"is_daily":true,"chose_seed":false,"campfire_upgraded":0,"win_rate":0,"timestamp":1530895436,"path_taken":["M","?","M","M","M","E"],"build_version":"2018-07-05","purchased_purges":0,"victory":false,"max_hp_per_floor":[75,75,75,75,75,75],"card_choices":[{"not_picked":["Sweeping Beam","Streamline"],"picked":"Ball Lightning","floor":1},{"not_picked":["Hologram","Sweeping Beam"],"picked":"Barrage","floor":3},{"not_picked":["Leap","Defragment"],"picked":"Gash","floor":4},{"not_picked":["Conserve Battery","Melter"],"picked":"Meteor Strike","floor":5}],"player_experience":589283,"relics_obtained":[],"event_choices":[{"event_name":"FaceTrader","player_choice":"Trade","floor":2,"damage_taken":0}],"boss_relics":[],"items_purged_floors":[],"is_endless":false,"potions_floor_spawned":[4,5],"killed_by":"Gremlin Nob","ascension_level":0}