{"gold_per_floor":[114,114,114,114,114,114,134,166,217,217,228,239,251,212,212,307,307,320,320,320,74,74,102,116,142,142,142,159,188,188,188,188,286,286,299,310,410,410,430,450,450,475,502,521,535,366,378,388,388,388],"floor_reached":51,"playtime":3605,"items_purged":[],"score":978,"play_id":"30fc9497-aba9-435b-966b-0a90e9053acf","local_time":"20190513010725","is_ascension_mode":true,"campfire_choices":[{"data":"Bash","floor":6.0,"key":"SMITH"},{"data":"Inflame","floor":10.0,"key":"SMITH"},{"data":"Metallicize","floor":15.0,"key":"SMITH"},{"data":"Demon Form","floor":27.0,"key":"SMITH"},{"data":"Flame Barrier","floor":30.0,"key":"SMITH"},{"data":"Flame Barrier","floor":32.0,"key":"SMITH"},{"data":"Reaper","floor":41.0,"key":"SMITH"},{"data":"Apotheosis","floor":49,"key":"SMITH"}],"neow_cost":"NONE","seed_source_timestamp":16594903930239,"circlet_count":0,"master_deck":["Strike_R","Defend_R","Defend_R","Defend_R","Defend_R","Bash+1","Metallicize","Inflame+1","Flame Barrier+1","Disarm","Metallicize+1","Demon Form+1","Flame Barrier+1","Metallicize","True Grit","Body Slam","Battle Trance","Immolate","Reaper+1","Disarm+1","Shockwave+1","Impervious","Heavy Blade+1","Apotheosis+1","Heavy Blade+1"],"special_seed":0,"relics":["Coffee Dripper","Orichalcum","Mercury Hourglass","Oddly Smooth Stone","Velvet Choker","Bottled Tornado","Red Skull","Pen Nib","Frozen Egg 2","Boot","MutagenicStrength","Lizard Tail","Mango","Strawberry","Dream Catcher"],"potions_floor_usage":[48,50,50,50],"damage_taken":[{"damage":3.0,"enemies":"2 Louse","floor":1.0,"turns":4.0},{"damage":4.0,"enemies":"Jaw Worm","floor":7.0,"turns":3.0},{"damage":16.0,"enemies":"3 Sentries","floor":8.0,"turns":12.0},{"damage":0.0,"enemies":"Small Slimes","floor":11.0,"turns":3.0},{"damage":4.0,"enemies":"Blue Slaver","floor":12.0,"turns":3.0},{"damage":0.0,"enemies":"Looter","floor":13.0,"turns":4.0},{"damage":0.0,"enemies":"Slime Boss","floor":16.0,"turns":6.0},{"damage":0.0,"enemies":"Chosen","floor":18.0,"turns":5.0},{"damage":9.0,"enemies":"Book of Stabbing","floor":23.0,"turns":7.0},{"damage":3.0,"enemies":"Spheric Guardian","floor":24.0,"turns":5.0},{"damage":38.0,"enemies":"Gremlin Leader","floor":25.0,"turns":6.0},{"damage":0.0,"enemies":"Centurion and Healer","floor":28.0,"turns":6.0},{"damage":16.0,"enemies":"Slavers","floor":29.0,"turns":5.0},{"damage":4.0,"enemies":"Automaton","floor":33.0,"turns":7.0},{"damage":9.0,"enemies":"Orb Walker","floor":35.0,"turns":6.0},{"damage":0.0,"enemies":"3 Darklings","floor":36.0,"turns":5.0},{"damage":0.0,"enemies":"Mind Bloom Boss Battle","floor":37.0,"turns":6.0},{"damage":29.0,"enemies":"Jaw Worm Horde","floor":39.0,"turns":7.0},{"damage":13.0,"enemies":"Sphere and 2 Shapes","floor":40.0,"turns":9.0},{"damage":18.0,"enemies":"Giant Head","floor":42.0,"turns":9.0},{"damage":2.0,"enemies":"Writhing Mass","floor":44.0,"turns":6.0},{"damage":26.0,"enemies":"3 Darklings","floor":45.0,"turns":7.0},{"damage":6.0,"enemies":"Maw","floor":47.0,"turns":6.0},{"damage":41,"enemies":"Transient","floor":48,"turns":5},{"damage":35,"enemies":"Awakened One","floor":50,"turns":10}],"seed_played":"4647796092470315848","potions_obtained":[{"floor":1.0,"key":"Energy Potion"},{"floor":8.0,"key":"AttackPotion"},{"floor":13.0,"key":"AttackPotion"},{"floor":16.0,"key":"Poison Potion"},{"floor":23.0,"key":"Ancient Potion"},{"floor":25.0,"key":"Fire Potion"},{"floor":29.0,"key":"PowerPotion"},{"floor":33.0,"key":"Poison Potion"},{"floor":40.0,"key":"SpeedPotion"},{"floor":42.0,"key":"Swift Potion"},{"floor":47.0,"key":"Explosive Potion"},{"floor":48,"key":"BloodPotion"}],"is_trial":false,"path_per_floor":["M","?","?","$","?","R","M","E","T","R","M","M","M","?","R","B",null,"M","?","?","$","?","E","M","E","T","R","M","E","R","?","R","B",null,"M","M","?","?","M","M","R","E","T","M","M","$","M","M","R","B",null],"character_chosen":"IRONCLAD","items_purchased":["Bottled Tornado","Apotheosis"],"campfire_rested":0,"item_purchase_floors":[21,46],"current_hp_per_floor":[77,70,70,70,28,28,24,8,8,8,8,4,4,4,4,4,61,61,80,80,80,80,71,68,30,30,30,30,14,14,14,14,10,63,54,80,94,94,94,93,93,101,101,99,101,101,101,62,62,37],"gold":388,"neow_bonus":"BOSS_RELIC","is_prod":false,"is_daily":false,"chose_seed":false,"campfire_upgraded":8,"win_rate":0,"timestamp":1557724045,"path_taken":["M","?","?","$","?","R","M","E","T","R","M","M","M","?","R","BOSS","M","?","?","?","?","E","?","E","T","R","M","E","R","?","R","BOSS","M","M","?","?","M","?","R","E","T","M","M","$","M","M","R","BOSS"],"build_version":"2019-01-23","purchased_purges":0,"victory":true,"max_hp_per_floor":[80,80,80,80,80,80,80,80,80,80,80,80,80,80,80,80,80,80,80,80,80,80,80,80,80,80,80,80,80,80,80,80,80,80,80,80,94,94,94,94,94,101,101,101,101,101,101,101,101,101],"card_choices":[{"not_picked":["Dual Wield","Cleave","Infernal Blade"],"picked":"SKIP","floor":1.0},{"not_picked":["Flex","Clothesline"],"picked":"Metallicize","floor":7.0},{"not_picked":["Evolve","Warcry"],"picked":"Inflame","floor":8.0},{"not_picked":["Headbutt","Rupture"],"picked":"Flame Barrier","floor":11.0},{"not_picked":["Iron Wave","Anger"],"picked":"Disarm","floor":12.0},{"not_picked":["Clothesline","Intimidate"],"picked":"Metallicize","floor":13.0},{"not_picked":["Exhume","Brutality"],"picked":"Demon Form","floor":16.0},{"not_picked":["Whirlwind","Havoc"],"picked":"Flame Barrier","floor":18.0},{"not_picked":["Combust+1","Twin Strike"],"picked":"Metallicize","floor":23.0},{"not_picked":["Armaments","Bloodletting"],"picked":"True Grit","floor":24.0},{"not_picked":["Rage+1","Perfected Strike"],"picked":"Body Slam","floor":25.0},{"not_picked":["Dual Wield","Perfected Strike"],"picked":"Battle Trance","floor":28.0},{"not_picked":["Flex","Evolve+1"],"picked":"Immolate","floor":29.0},{"not_picked":["Exhume","Barricade+1"],"picked":"Reaper","floor":33.0},{"not_picked":["Iron Wave+1","Sword Boomerang","Power Through"],"picked":"SKIP","floor":35.0},{"not_picked":["Headbutt+1","Ghostly Armor+1"],"picked":"Disarm+1","floor":36.0},{"not_picked":["Reckless Charge","Havoc+1"],"picked":"Shockwave+1","floor":37.0},{"not_picked":["Power Through","Intimidate+1","Iron Wave"],"picked":"SKIP","floor":39.0},{"not_picked":["True Grit+1","Warcry+1","Disarm"],"picked":"SKIP","floor":40.0},{"not_picked":["Sword Boomerang+1","Disarm+1"],"picked":"Impervious","floor":42.0},{"not_picked":["Cleave","Clothesline+1","Havoc+1"],"picked":"SKIP","floor":44.0},{"not_picked":["Whirlwind","Sword Boomerang+1"],"picked":"Heavy Blade+1","floor":45.0},{"not_picked":["Twin Strike+1","Sword Boomerang+1"],"picked":"Heavy Blade+1","floor":47.0},{"not_picked":["Anger+1","Cleave+1","Sever Soul+1"],"picked":"SKIP","floor":48}],"player_experience":236307,"relics_obtained":[{"floor":8.0,"key":"Mercury Hourglass"},{"floor":9.0,"key":"Oddly Smooth Stone"},{"floor":23.0,"key":"Red Skull"},{"floor":25.0,"key":"Pen Nib"},{"floor":26.0,"key":"Frozen Egg 2"},{"floor":29.0,"key":"Boot"},{"floor":37.0,"key":"Mango"},{"floor":42.0,"key":"Strawberry"},{"floor":43.0,"key":"Dream Catcher"}],"event_choices":[{"cards_removed":["Strike_R"],"damage_healed":0.0,"max_hp_gain":0.0,"max_hp_loss":0.0,"gold_gain":0.0,"event_name":"Golden Wing","player_choice":"Card Removal","floor":2.0,"gold_loss":0.0,"damage_taken":7.0},{"cards_removed":["Strike_R"],"damage_healed":0.0,"max_hp_gain":0.0,"max_hp_loss":0.0,"gold_gain":0.0,"event_name":"Living Wall","player_choice":"Forget","floor":3.0,"gold_loss":0.0,"damage_taken":0.0},{"damage_healed":0.0,"max_hp_gain":0.0,"max_hp_loss":0.0,"gold_gain":0.0,"event_name":"Scrap Ooze","player_choice":"Success","floor":5.0,"gold_loss":0.0,"damage_taken":42.0,"relics_obtained":["Orichalcum"]},{"damage_healed":0.0,"max_hp_gain":0.0,"max_hp_loss":0.0,"gold_gain":0.0,"event_name":"World of Goop","player_choice":"Left Gold","floor":14.0,"gold_loss":39.0,"damage_taken":0.0},{"damage_healed":26.0,"max_hp_gain":0.0,"max_hp_loss":0.0,"gold_gain":0.0,"event_name":"The Library","player_choice":"Heal","floor":19.0,"gold_loss":0.0,"damage_taken":0.0},{"cards_removed":["Strike_R"],"damage_healed":0.0,"max_hp_gain":0.0,"max_hp_loss":0.0,"gold_gain":0.0,"event_name":"Back to Basics","player_choice":"Elegance","floor":20.0,"gold_loss":0.0,"damage_taken":0.0},{"cards_removed":["Strike_R"],"damage_healed":0.0,"max_hp_gain":0.0,"max_hp_loss":0.0,"gold_gain":0.0,"event_name":"Bonfire Elementals","player_choice":"Offered Basic","floor":22.0,"gold_loss":0.0,"damage_taken":0.0},{"damage_healed":0.0,"max_hp_gain":0.0,"max_hp_loss":0.0,"gold_gain":0.0,"event_name":"Drug Dealer","player_choice":"Inject Mutagens","floor":31.0,"gold_loss":0.0,"damage_taken":0.0,"relics_obtained":["MutagenicStrength"]},{"damage_healed":0.0,"max_hp_gain":0.0,"max_hp_loss":0.0,"gold_gain":0.0,"event_name":"MindBloom","player_choice":"Fight","floor":37.0,"gold_loss":0.0,"damage_taken":0.0},{"damage_healed":0.0,"max_hp_gain":0.0,"max_hp_loss":0.0,"gold_gain":0.0,"event_name":"Mysterious Sphere","player_choice":"Ignored","floor":38.0,"gold_loss":0.0,"damage_taken":0.0}],"is_beta":false,"boss_relics":[{"not_picked":["Tiny House","Pandora\u0027s Box"],"picked":"Velvet Choker"},{"not_picked":["Busted Crown","Runic Dome"],"picked":"Lizard Tail"}],"items_purged_floors":[],"is_endless":false,"potions_floor_spawned":[1,8,13,16,23,25,28,29,33,40,42,47,48],"ascension_level":5}