{"path_per_floor":["M","M","M","?","M","R","E","M","T","M","R","M","R","M","R","B",null,"M","M","M","$","?","R","?","M","T","R","?","R","M","?","R","B",null,"M","M","M","?","M","R","$","R","T","R","M","M","?","?","R"],"character_chosen":"DEFECT","items_purchased":["Magnetism","Bottled Tornado","Conserve Battery","Loop","Streamline"],"gold_per_floor":[118,129,144,144,154,154,181,199,251,271,271,281,281,300,300,398,398,417,434,447,9,0,0,0,11,65,65,65,65,82,82,82,187,187,205,216,231,231,245,245,14,14,65,65,80,100,100,100,100,100],"floor_reached":50,"campfire_rested":8,"playtime":22597,"item_purchase_floors":[21,21,41,41,41],"current_hp_per_floor":[69,69,68,61,35,57,36,15,15,10,32,27,27,25,47,12,75,69,51,51,51,51,51,61,27,27,52,80,80,65,59,84,17,85,54,38,35,35,6,31,31,56,56,56,47,20,20,20,45,0],"items_purged":["Writhe"],"gold":100,"score":473,"play_id":"e442083f-7419-4402-8103-7b75a72ad1e1","local_time":"20180618234128","is_prod":false,"is_daily":false,"chose_seed":false,"is_ascension_mode":false,"campfire_upgraded":4,"win_rate":0.0,"timestamp":1529336488,"campfire_choices":[{"floor":6.0,"key":"REST"},{"floor":11,"key":"REST"},{"data":"Machine Learning","floor":13,"key":"SMITH"},{"floor":15,"key":"REST"},{"data":"Magnetism","floor":23,"key":"SMITH"},{"floor":27,"key":"REST"},{"data":"Zap","floor":29,"key":"SMITH"},{"floor":32,"key":"REST"},{"floor":40,"key":"REST"},{"floor":42,"key":"REST"},{"data":"Double Energy","floor":44,"key":"SMITH"},{"floor":49,"key":"REST"}],"path_taken":["M","M","M","?","M","R","E","M","T","M","R","M","R","?","R","BOSS","M","?","M","$","?","R","?","?","T","R","?","R","?","?","R","BOSS","M","M","M","?","M","R","$","R","T","R","M","M","?","?","R","BOSS"],"build_version":"2018-06-14v2","seed_source_timestamp":0,"purchased_purges":1,"victory":false,"master_deck":["Strike_B","Strike_B","Defend_B","Defend_B","Defend_B","Zap+1","Melter","Coolheaded","Streamline","Barrage","BootSequence","Machine Learning+1","Sweeping Beam","Conserve Battery","Double Energy+1","Electrodynamics","Thunder Strike+1","Beam Cell+1","Steam Power+1","Go for the Eyes","Go for the Eyes+1","Go for the Eyes+1","Magnetism+1","Ball Lightning","Self Repair","RitualDagger","Seek","Ball Lightning+1","FTL","Blizzard+1","Conserve Battery","Loop","Streamline","Storm","Compile Driver+1","Mind Blast"],"max_hp_per_floor":[75,75,75,75,75,75,75,75,75,75,75,75,75,75,75,75,75,75,75,75,75,75,75,85,85,85,85,85,85,85,85,85,85,85,85,85,85,85,85,85,85,85,85,85,85,85,85,85,85,85],"special_seed":0,"relics":["Cracked Core","Boot","Pen Nib","Astrolabe","Bottled Tornado","Pear","Bronze Scales","White Beast Statue","Singing Bowl"],"card_choices":[{"not_picked":["Steam","Compile Driver"],"picked":"Melter","floor":0.0},{"not_picked":["Compile Driver","Blizzard"],"picked":"Coolheaded","floor":1.0},{"not_picked":["Compile Driver","Hologram","Reprogram"],"picked":"SKIP","floor":2.0},{"not_picked":["Cold Snap","Redo"],"picked":"Streamline","floor":3.0},{"not_picked":["Reinforced Body","Stack"],"picked":"Barrage","floor":5.0},{"not_picked":["Reprogram","Steam Power"],"picked":"BootSequence","floor":7.0},{"not_picked":["Ball Lightning","Stack"],"picked":"Machine Learning","floor":8},{"not_picked":["Hologram","Heatsinks"],"picked":"Sweeping Beam","floor":10},{"not_picked":["Coolheaded","Barrage"],"picked":"Conserve Battery","floor":12},{"not_picked":["Storm","Beam Cell"],"picked":"Double Energy","floor":14},{"not_picked":["Fission","Seek"],"picked":"Electrodynamics","floor":16},{"not_picked":["Compile Driver","Melter"],"picked":"Go for the Eyes","floor":18},{"not_picked":["Sweeping Beam+1","Stack"],"picked":"Go for the Eyes+1","floor":19},{"not_picked":["Hologram","BootSequence"],"picked":"Go for the Eyes+1","floor":20},{"not_picked":["Gash","Go for the Eyes"],"picked":"Ball Lightning","floor":25},{"not_picked":["Hologram+1","Cold Snap"],"picked":"Self Repair","floor":30},{"not_picked":["Multi-Cast","Rainbow"],"picked":"Seek","floor":33},{"not_picked":["Cold Snap","Streamline"],"picked":"Ball Lightning+1","floor":35},{"not_picked":["Reprogram","Coolheaded"],"picked":"FTL","floor":36},{"not_picked":["Barrage+1","Aggregate+1","Chaos+1"],"picked":"SKIP","floor":37},{"not_picked":["Reinforced Body","Double Energy"],"picked":"Blizzard+1","floor":39},{"not_picked":["Leap+1","Redo"],"picked":"Storm","floor":45},{"not_picked":["Auto Shields+1","Redo"],"picked":"Compile Driver+1","floor":46},{"not_picked":["Deep Breath","Finesse"],"picked":"Mind Blast","floor":47}],"player_experience":525280,"potions_floor_usage":[10,19,19,35,36,37,39,45,46,50],"damage_taken":[{"damage":6.0,"enemies":"2 Louse","floor":1.0,"turns":3.0},{"damage":0.0,"enemies":"Jaw Worm","floor":2.0,"turns":4.0},{"damage":1.0,"enemies":"Small Slimes","floor":3.0,"turns":4.0},{"damage":26.0,"enemies":"Exordium Thugs","floor":5.0,"turns":5.0},{"damage":21.0,"enemies":"Lagavulin","floor":7.0,"turns":7.0},{"damage":21.0,"enemies":"Gremlin Gang","floor":8.0,"turns":3.0},{"damage":5,"enemies":"Exordium Wildlife","floor":10,"turns":3},{"damage":5,"enemies":"Blue Slaver","floor":12,"turns":4},{"damage":2,"enemies":"Large Slime","floor":14,"turns":6},{"damage":35,"enemies":"The Guardian","floor":16,"turns":16},{"damage":6,"enemies":"Shell Parasite","floor":18,"turns":5},{"damage":18,"enemies":"2 Thieves","floor":19,"turns":3},{"damage":0,"enemies":"Chosen and Byrds","floor":20,"turns":5},{"damage":34,"enemies":"Centurion and Healer","floor":25,"turns":5},{"damage":15,"enemies":"Snake Plant","floor":30,"turns":4},{"damage":67,"enemies":"Automaton","floor":33,"turns":8},{"damage":31,"enemies":"3 Shapes","floor":35,"turns":4},{"damage":23,"enemies":"3 Darklings","floor":36,"turns":5},{"damage":10,"enemies":"Sphere and 2 Shapes","floor":37,"turns":4},{"damage":29,"enemies":"4 Shapes","floor":39,"turns":3},{"damage":16,"enemies":"Maw","floor":45,"turns":6},{"damage":34,"enemies":"Sphere and 2 Shapes","floor":46,"turns":5},{"damage":48,"enemies":"Time Eater","floor":50,"turns":4}],"relics_obtained":[{"floor":7.0,"key":"Boot"},{"floor":9,"key":"Pen Nib"},{"floor":26,"key":"Bronze Scales"},{"floor":43,"key":"Singing Bowl"}],"event_choices":[{"event_name":"Golden Wing","player_choice":"Card Removal","floor":4.0,"damage_taken":0.0},{"event_name":"Masked Bandits","player_choice":"Paid Bandits 9 gold","floor":22,"damage_taken":0},{"event_name":"The Mausoleum","player_choice":"Yes","floor":24,"damage_taken":0},{"event_name":"The Library","player_choice":"Heal","floor":28,"damage_taken":0},{"event_name":"Nest","player_choice":"Joined the Cult","floor":31,"damage_taken":0},{"event_name":"The Moai Head","player_choice":"Ignored","floor":38,"damage_taken":0},{"event_name":"SensoryStone","player_choice":"Memory 1","floor":47,"damage_taken":0},{"event_name":"SecretPortal","player_choice":"Rejected Portal.","floor":48,"damage_taken":0}],"boss_relics":[{"not_picked":["Busted Crown","Calling Bell"],"picked":"Astrolabe"},{"not_picked":["Runic Pyramid","Snecko Eye"],"picked":"White Beast Statue"}],"items_purged_floors":[41],"is_endless":false,"potions_floor_spawned":[3,5,7,8,16,18,33,35,36,37,39,45,46],"seed_played":"5597358167309417642","killed_by":"Time Eater","ascension_level":0,"potions_obtained":[{"floor":3.0,"key":"Weak Potion"},{"floor":5.0,"key":"Block Potion"},{"floor":7.0,"key":"Strength Potion"},{"floor":8,"key":"Explosive Potion"},{"floor":16,"key":"Strength Potion"},{"floor":18,"key":"Explosive Potion"},{"floor":33,"key":"EssenceOfSteel"},{"floor":35,"key":"Block Potion"},{"floor":36,"key":"Explosive Potion"},{"floor":37,"key":"Swift Potion"},{"floor":39,"key":"FocusPotion"},{"floor":45,"key":"EssenceOfSteel"},{"floor":46,"key":"SneckoOil"}],"is_trial":false}