{"gold_per_floor":[362,375,390,400,53,53,80,80,110,144,154,154,165,165,165,165],"floor_reached":16,"playtime":1180,"items_purged":[],"score":112,"play_id":"12bdc6d1-abad-467d-816e-a623fd724df6","local_time":"20190807001257","is_ascension_mode":false,"campfire_choices":[{"data":"Barricade","floor":6.0,"key":"SMITH"},{"floor":8.0,"key":"REST"},{"floor":15,"key":"REST"}],"neow_cost":"PERCENT_DAMAGE","seed_source_timestamp":4668597789319382,"circlet_count":0,"master_deck":["Strike_R","Strike_R","Strike_R","Strike_R","Strike_R","Defend_R","Defend_R","Defend_R","Defend_R","Bash","Dropkick","Shrug It Off","Pummel","Barricade+1","Master of Strategy","Shrug It Off","Ghostly Armor","Limit Break","Flame Barrier"],"special_seed":0,"relics":["Burning Blood","Ancient Tea Set","Dream Catcher","Tiny Chest","Bottled Lightning"],"potions_floor_usage":[],"damage_taken":[{"damage":1.0,"enemies":"Cultist","floor":1.0,"turns":4.0},{"damage":15.0,"enemies":"Jaw Worm","floor":2.0,"turns":4.0},{"damage":2.0,"enemies":"2 Louse","floor":3.0,"turns":4.0},{"damage":7.0,"enemies":"Looter","floor":4.0,"turns":4.0},{"damage":29.0,"enemies":"Gremlin Nob","floor":7.0,"turns":6.0},{"damage":42.0,"enemies":"3 Sentries","floor":10.0,"turns":28.0},{"damage":0.0,"enemies":"3 Louse","floor":11.0,"turns":1.0},{"damage":0.0,"enemies":"Lots of Slimes","floor":13.0,"turns":6.0},{"damage":61,"enemies":"Slime Boss","floor":16,"turns":24}],"seed_played":"-5592475732406137974","potions_obtained":[{"floor":2.0,"key":"SteroidPotion"},{"floor":3.0,"key":"SpeedPotion"},{"floor":10.0,"key":"Explosive Potion"},{"floor":13.0,"key":"Ancient Potion"}],"is_trial":false,"path_per_floor":["M","M","M","M","$","R","E","R","T","E","M","T","M","?","R","B"],"character_chosen":"IRONCLAD","items_purchased":["Master of Strategy","Shrug It Off","Ancient Tea Set"],"campfire_rested":2,"item_purchase_floors":[5,5,5],"current_hp_per_floor":[61,52,56,55,55,55,32,56,56,20,26,26,32,32,56,0],"gold":165,"neow_bonus":"TWO_FIFTY_GOLD","is_prod":false,"is_daily":false,"chose_seed":false,"campfire_upgraded":1,"win_rate":0,"timestamp":1565151177,"path_taken":["M","M","M","?","$","R","E","R","T","E","M","?","M","?","R","BOSS"],"build_version":"2019-07-17","purchased_purges":0,"victory":false,"max_hp_per_floor":[80,80,80,80,80,80,80,80,80,80,80,80,80,80,80,80],"card_choices":[{"not_picked":["Heavy Blade","True Grit"],"picked":"Dropkick","floor":1.0},{"not_picked":["Rage","Cleave"],"picked":"Shrug It Off","floor":2.0},{"not_picked":["Flex","Body Slam"],"picked":"Pummel","floor":3.0},{"not_picked":["Headbutt","Ghostly Armor"],"picked":"Barricade","floor":4.0},{"not_picked":["Spot Weakness","True Grit"],"picked":"Ghostly Armor","floor":7.0},{"not_picked":["Pommel Strike","Rupture","Cleave"],"picked":"SKIP","floor":10.0},{"not_picked":["Shrug It Off","Sentinel"],"picked":"Limit Break","floor":11.0},{"not_picked":["Uppercut","Blood for Blood"],"picked":"Flame Barrier","floor":13.0}],"player_experience":517988,"relics_obtained":[{"floor":7.0,"key":"Dream Catcher"},{"floor":9.0,"key":"Tiny Chest"},{"floor":10.0,"key":"Bottled Lightning"}],"event_choices":[{"damage_healed":0,"gold_gain":0,"player_choice":"Searched \u00270\u0027 times","damage_taken":0,"max_hp_gain":0,"max_hp_loss":0,"event_name":"Dead Adventurer","floor":14,"gold_loss":0}],"is_beta":false,"boss_relics":[],"items_purged_floors":[],"is_endless":false,"potions_floor_spawned":[2,3,10,13],"killed_by":"Slime Boss","ascension_level":0}