{"gold_per_floor":[310,30,42,42,42,42,72,72,96,113,140,140,155,184,184,288,288,303,314,327,338,349,379,379,408,432,131,131,146,146,146,146,246,246,260,273,373,117,117,152,152,152,220,38,38,38,38,52,52,52,52,52,52,83,83],"floor_reached":56,"playtime":2016,"items_purged":[],"score":1356,"play_id":"7f6a5f46-7c7b-43f3-9d9b-df4566e574ab","local_time":"20190820003736","is_ascension_mode":false,"campfire_choices":[{"data":"Bouncing Flask","floor":6,"key":"SMITH"},{"data":"Dash","floor":8,"key":"SMITH"},{"data":"Catalyst","floor":12,"key":"SMITH"},{"data":"Survivor","floor":15,"key":"SMITH"},{"floor":24,"key":"REST"},{"floor":32,"key":"REST"},{"floor":42,"key":"RECALL"},{"data":"Catalyst","floor":45,"key":"SMITH"},{"floor":49,"key":"REST"},{"data":"Blur","floor":52,"key":"SMITH"}],"neow_cost":"NO_GOLD","seed_source_timestamp":219504267702700,"circlet_count":0,"master_deck":["Strike_G","Strike_G","Strike_G","Strike_G","Defend_G","Defend_G","Defend_G","Defend_G","Defend_G","Survivor+1","Neutralize","Bouncing Flask+1","Dash+1","Catalyst+1","Catalyst+1","Blur+1","Bane+1","Glass Knife+1","Deadly Poison+1","Flying Knee+1","Bane+1","Corpse Explosion","Crippling Poison+1","Pain","Catalyst+1","Writhe","Burst"],"relics":["Ring of the Snake","Old Coin","TwistedFunnel","Singing Bowl","Pen Nib","Torii","Molten Egg 2","White Beast Statue","Omamori","PreservedInsect","Vajra","Ice Cream","Pear","Necronomicon","Cursed Key","Thread and Needle","Matryoshka","Meat on the Bone","Blue Candle","Snake Skull","Bottled Lightning"],"potions_floor_usage":[14,18,21,23,33,40,55,55],"damage_taken":[{"damage":0,"enemies":"Jaw Worm","floor":1,"turns":6},{"damage":0,"enemies":"2 Louse","floor":3,"turns":2},{"damage":0,"enemies":"Gremlin Nob","floor":7,"turns":2},{"damage":0,"enemies":"Cultist","floor":10,"turns":3},{"damage":13,"enemies":"Lagavulin","floor":11,"turns":3},{"damage":0,"enemies":"Gremlin Gang","floor":13,"turns":3},{"damage":13,"enemies":"3 Sentries","floor":14,"turns":9},{"damage":37,"enemies":"Slime Boss","floor":16,"turns":14},{"damage":0,"enemies":"2 Thieves","floor":18,"turns":3},{"damage":2,"enemies":"Chosen","floor":19,"turns":2},{"damage":8,"enemies":"Snecko","floor":20,"turns":4},{"damage":15,"enemies":"Cultist and Chosen","floor":21,"turns":5},{"damage":8,"enemies":"Snake Plant","floor":22,"turns":3},{"damage":0,"enemies":"Gremlin Leader","floor":23,"turns":3},{"damage":28,"enemies":"Slavers","floor":25,"turns":4},{"damage":2,"enemies":"Centurion and Healer","floor":29,"turns":4},{"damage":26,"enemies":"Champ","floor":33,"turns":5},{"damage":13,"enemies":"3 Darklings","floor":35,"turns":3},{"damage":0,"enemies":"3 Shapes","floor":36,"turns":3},{"damage":0,"enemies":"Mind Bloom Boss Battle","floor":37,"turns":4},{"damage":22,"enemies":"Reptomancer","floor":40,"turns":3},{"damage":19,"enemies":"Maw","floor":48,"turns":5},{"damage":85,"enemies":"Awakened One","floor":50,"turns":11},{"damage":21,"enemies":"Shield and Spear","floor":54,"turns":4},{"damage":49,"enemies":"The Heart","floor":55,"turns":5}],"seed_played":"-3253425988771123808","potions_obtained":[{"floor":1,"key":"Weak Potion"},{"floor":7,"key":"Dexterity Potion"},{"floor":10,"key":"Energy Potion"},{"floor":11,"key":"GhostInAJar"},{"floor":18,"key":"Energy Potion"},{"floor":19,"key":"Fire Potion"},{"floor":21,"key":"Strength Potion"},{"floor":23,"key":"Explosive Potion"},{"floor":25,"key":"Regen Potion"},{"floor":33,"key":"GhostInAJar"},{"floor":35,"key":"Poison Potion"},{"floor":48,"key":"SpeedPotion"}],"is_trial":false,"path_per_floor":["M","$","M","?","?","R","E","R","T","M","E","R","M","E","R","B",null,"M","M","M","M","M","E","R","E","T","$","?","M","?","?","R","B",null,"M","M","?","$","?","E","?","R","T","$","R","$","?","M","R","B",null,"R","$","E","B",null],"character_chosen":"THE_SILENT","items_purchased":["TwistedFunnel","Dash","Ice Cream","Matryoshka","Catalyst","Snake Skull"],"campfire_rested":3,"item_purchase_floors":[2,2,27,38,44,44],"current_hp_per_floor":[70,70,70,70,70,70,72,72,72,74,61,61,61,48,48,11,74,76,76,68,53,47,47,71,43,43,43,53,53,35,19,48,37,97,86,86,88,88,88,68,70,70,70,70,70,70,96,79,107,34,107,107,107,86,49],"gold":83,"neow_bonus":"ONE_RARE_RELIC","is_prod":false,"is_daily":false,"chose_seed":false,"campfire_upgraded":6,"win_rate":0,"timestamp":1566275856,"path_taken":["M","$","M","?","?","R","E","R","T","M","E","R","M","E","R","BOSS","M","?","?","M","M","E","R","E","T","?","?","M","?","?","R","BOSS","M","M","?","$","?","E","?","R","T","?","R","$","?","M","R","BOSS","R","$","E","BOSS"],"build_version":"2019-07-17","purchased_purges":0,"victory":true,"max_hp_per_floor":[70,70,70,70,70,70,72,72,72,74,74,74,74,74,74,74,74,76,78,78,78,80,80,80,80,80,80,90,92,97,97,97,97,97,99,99,101,101,101,103,105,105,105,105,105,105,105,107,107,107,107,107,107,107,107],"card_choices":[{"not_picked":["Riddle With Holes","Endless Agony"],"picked":"Bouncing Flask","floor":1},{"not_picked":["Tactician","Concentrate"],"picked":"Catalyst","floor":3},{"not_picked":["Accuracy","Underhanded Strike","Dagger Spray"],"picked":"Singing Bowl","floor":7},{"not_picked":["Prepared","Cloak And Dagger","Finisher"],"picked":"Singing Bowl","floor":10},{"not_picked":["Setup","Dodge and Roll"],"picked":"Catalyst","floor":11},{"not_picked":["Acrobatics","Prepared"],"picked":"Blur","floor":13},{"not_picked":["Skewer","Dodge and Roll"],"picked":"Bane","floor":14},{"not_picked":["Phantasmal Killer","Bullet Time"],"picked":"Glass Knife+1","floor":16},{"not_picked":["Dodge and Roll","Deflect","Underhanded Strike+1"],"picked":"Singing Bowl","floor":18},{"not_picked":["Deflect","Sucker Punch+1","Poisoned Stab+1"],"picked":"Singing Bowl","floor":19},{"not_picked":["Slice+1","Acrobatics+1"],"picked":"Deadly Poison+1","floor":20},{"not_picked":["Poisoned Stab+1","All Out Attack+1"],"picked":"Flying Knee+1","floor":21},{"not_picked":["Slice+1","Flying Knee+1","Caltrops"],"picked":"Singing Bowl","floor":22},{"not_picked":["Concentrate","Dagger Throw+1"],"picked":"Bane+1","floor":23},{"not_picked":["Heel Hook+1","Outmaneuver"],"picked":"Noxious Fumes","floor":25},{"not_picked":["Storm of Steel","Slice+1","Dagger Spray+1"],"picked":"Singing Bowl","floor":29},{"not_picked":["Envenom","Tools of the Trade"],"picked":"Corpse Explosion","floor":33},{"not_picked":["Deflect+1","Acrobatics+1","Noxious Fumes"],"picked":"Singing Bowl","floor":35},{"not_picked":["Accuracy","Backflip"],"picked":"Crippling Poison+1","floor":36},{"not_picked":["Endless Agony+1","Poisoned Stab+1","Dodge and Roll+1"],"picked":"Singing Bowl","floor":37},{"not_picked":["Flying Knee+1","Slice+1","Storm of Steel"],"picked":"Singing Bowl","floor":40},{"not_picked":["Jack Of All Trades","PanicButton","Thinking Ahead"],"picked":"Singing Bowl","floor":41},{"not_picked":["Terror","Slice+1","Blade Dance"],"picked":"Singing Bowl","floor":48},{"not_picked":["A Thousand Cuts","Reflex+1"],"picked":"Burst","floor":54}],"player_experience":545015,"relics_obtained":[{"floor":7,"key":"Singing Bowl"},{"floor":9,"key":"Pen Nib"},{"floor":11,"key":"Torii"},{"floor":14,"key":"Molten Egg 2"},{"floor":23,"key":"Omamori"},{"floor":25,"key":"PreservedInsect"},{"floor":26,"key":"Vajra"},{"floor":31,"key":"Necronomicon"},{"floor":37,"key":"Thread and Needle"},{"floor":40,"key":"Meat on the Bone"},{"floor":43,"key":"Blue Candle"},{"floor":54,"key":"Bottled Lightning"}],"event_choices":[{"damage_healed":0,"gold_gain":0,"player_choice":"Grow","damage_taken":0,"max_hp_gain":0,"max_hp_loss":0,"event_name":"Living Wall","floor":4,"gold_loss":0,"cards_upgraded":["Catalyst"]},{"cards_removed":["Strike_G"],"damage_healed":0,"gold_gain":0,"player_choice":"Offered Basic","damage_taken":0,"max_hp_gain":0,"max_hp_loss":0,"event_name":"Bonfire Elementals","floor":5,"gold_loss":0},{"damage_healed":0,"gold_gain":0,"player_choice":"Opened","damage_taken":0,"relics_obtained":["Pear"],"max_hp_gain":0,"max_hp_loss":0,"event_name":"The Mausoleum","floor":28,"gold_loss":0,"cards_obtained":["Writhe"]},{"damage_healed":0,"gold_gain":0,"player_choice":"Shed Blood","damage_taken":23,"max_hp_gain":5,"max_hp_loss":0,"event_name":"Forgotten Altar","floor":30,"gold_loss":0},{"damage_healed":0,"gold_gain":0,"player_choice":"Obtained Book","damage_taken":16,"max_hp_gain":0,"max_hp_loss":0,"event_name":"Cursed Tome","floor":31,"gold_loss":0},{"damage_healed":0,"gold_gain":0,"player_choice":"Fight","damage_taken":0,"max_hp_gain":0,"max_hp_loss":0,"event_name":"MindBloom","floor":37,"gold_loss":0},{"cards_removed":["Noxious Fumes"],"damage_healed":0,"gold_gain":0,"player_choice":"Removed Power","damage_taken":0,"max_hp_gain":0,"max_hp_loss":0,"event_name":"Falling","floor":39,"gold_loss":0},{"damage_healed":0,"gold_gain":0,"player_choice":"Memory 1","damage_taken":0,"max_hp_gain":0,"max_hp_loss":0,"event_name":"SensoryStone","floor":41,"gold_loss":0},{"damage_healed":26,"gold_gain":0,"player_choice":"Writhe","damage_taken":0,"max_hp_gain":0,"max_hp_loss":0,"event_name":"Winding Halls","floor":47,"gold_loss":0,"cards_obtained":["Writhe"]}],"is_beta":false,"boss_relics":[{"not_picked":["Coffee Dripper","Tiny House"],"picked":"White Beast Statue"},{"not_picked":["HoveringKite","Eternal Feather"],"picked":"Cursed Key"}],"items_purged_floors":[],"is_endless":false,"potions_floor_spawned":[1,7,10,11,18,19,20,21,22,23,25,29,33,35,36,37,40,48,54],"ascension_level":0}