{"path_per_floor":["M","M","M","?","$","E","M","R","T","?","M","M","M","M","R","B",null,"M","M","M","M","?","E","T","M","T","?","M","$","R","M","R","B",null,"M","M","?","?","M","$","M","M","T","R","M","R","E","M","R","B"],"character_chosen":"IRONCLAD","items_purchased":["Rupture","Secret Weapon+1","Bottled Tornado","Deep Breath+1","Dramatic Entrance+1","Havoc+1","Warcry+1","Ancient Tea Set"],"gold_per_floor":[114,129,144,144,70,100,115,115,115,115,160,175,190,505,505,605,605,620,635,650,665,665,695,720,735,785,785,800,247,247,262,262,362,362,377,392,392,392,407,92,107,122,122,122,137,137,167,182,182,182],"floor_reached":51,"campfire_rested":1,"playtime":4321,"item_purchase_floors":[5,29,29,29,40,40,40,40],"current_hp_per_floor":[80,83,83,66,66,46,44,68,68,65,64,70,57,60,60,78,89,86,92,92,84,84,91,91,92,92,76,87,87,87,91,91,73,95,95,95,95,83,85,85,98,98,108,108,108,108,115,113,115,115],"items_purged":[],"gold":182,"score":909,"play_id":"2e056af5-41a3-4198-ad2f-7b5a60386ebf","local_time":"20180530235248","daily_mods":["Shiny","Uncertain Future","Vintage"],"is_prod":false,"is_daily":true,"chose_seed":false,"is_ascension_mode":false,"campfire_upgraded":4,"win_rate":0,"timestamp":1527695568,"campfire_choices":[{"floor":8,"key":"REST"},{"data":"Brutality","floor":15,"key":"SMITH"},{"data":"Exhume","floor":30,"key":"SMITH"},{"data":"Rupture","floor":32,"key":"SMITH"},{"data":"Bludgeon","floor":44,"key":"SMITH"},{"data":"1","floor":46,"key":"LIFT"},{"data":"2","floor":49,"key":"LIFT"}],"path_taken":["M","M","M","?","$","E","?","R","T","?","M","M","M","M","R","BOSS","M","M","M","M","?","E","?","M","T","?","M","$","R","M","R","BOSS","M","M","?","?","M","$","M","M","T","R","?","R","E","M","R","BOSS"],"build_version":"2018-05-24","seed_source_timestamp":0,"purchased_purges":0,"victory":true,"master_deck":["Double Tap+1","Demon Form+1","Bludgeon+1","Feed+1","Limit Break+1","Barricade","Fiend Fire+1","Dark Embrace","Berserk","Impervious","Brutality+1","Reaper+1","Exhume+1","Offering","Immolate","Rupture+1","Warcry+1","Impervious+1","Heavy Blade+1","Necronomicurse","Secret Weapon+1","Deep Breath+1","Offering+1","Madness+1","Madness+1","Dramatic Entrance+1","Havoc+1","Warcry+1","Metallicize"],"max_hp_per_floor":[80,83,83,83,83,83,83,83,83,83,83,83,83,86,86,89,89,89,92,92,92,92,92,92,92,92,92,95,95,95,95,95,95,95,95,95,95,95,95,95,98,98,108,108,108,108,115,115,115,115],"relics":["Burning Blood","War Paint","Bronze Scales","Paper Frog","Toxic Egg 2","Self Forming Clay","Unceasing Top","Pantograph","Tiny Chest","Blood Vial","Lantern","Old Coin","Bottled Flame","Runic Cube","Singing Bowl","Matryoshka","Happy Flower","Mummified Hand","Molten Egg 2","Regal Pillow","Dream Catcher","Meat on the Bone","Vajra","Bag of Preparation","Necronomicon","Girya","Bottled Tornado","Omamori","Question Card","Eternal Feather","Mercury Hourglass","Orichalcum","Centennial Puzzle","Ancient Tea Set","Bag of Marbles","Toolbox","Pear","Whetstone","Strawberry","Blue Candle"],"card_choices":[{"not_picked":["Entrench","Searing Blow"],"picked":"Warcry","floor":6},{"not_picked":["Juggernaut","Offering+1"],"picked":"Impervious+1","floor":16},{"not_picked":["Rage+1","Sentinel+1"],"picked":"Heavy Blade","floor":23},{"not_picked":["Brutality","Limit Break+1"],"picked":"Offering+1","floor":33},{"not_picked":["Thunderclap+1","Sword Boomerang+1","Shrug It Off+1"],"picked":"Metallicize","floor":47}],"player_experience":517955,"potions_floor_usage":[6,11,13,16,19,21,21,23,42,45,45,47],"damage_taken":[{"damage":0,"enemies":"2 Louse","floor":1,"turns":1},{"damage":1,"enemies":"Small Slimes","floor":2,"turns":2},{"damage":0,"enemies":"Cultist","floor":3,"turns":2},{"damage":26,"enemies":"Gremlin Nob","floor":6,"turns":4},{"damage":8,"enemies":"Blue Slaver","floor":7,"turns":2},{"damage":7,"enemies":"Exordium Wildlife","floor":11,"turns":2},{"damage":0,"enemies":"Gremlin Gang","floor":12,"turns":1},{"damage":22,"enemies":"Blue Slaver","floor":13,"turns":3},{"damage":8,"enemies":"Red Slaver","floor":14,"turns":2},{"damage":17,"enemies":"Slime Boss","floor":16,"turns":3},{"damage":9,"enemies":"2 Thieves","floor":18,"turns":2},{"damage":9,"enemies":"Shell Parasite","floor":19,"turns":2},{"damage":4,"enemies":"Snake Plant","floor":20,"turns":1},{"damage":14,"enemies":"3 Cultists","floor":21,"turns":3},{"damage":1,"enemies":"Gremlin Leader","floor":23,"turns":2},{"damage":6,"enemies":"Cultist and Chosen","floor":25,"turns":3},{"damage":12,"enemies":"Sentry and Sphere","floor":28,"turns":3},{"damage":4,"enemies":"Centurion and Healer","floor":31,"turns":1},{"damage":28,"enemies":"Automaton","floor":33,"turns":3},{"damage":4,"enemies":"3 Shapes","floor":35,"turns":1},{"damage":1,"enemies":"3 Darklings","floor":36,"turns":2},{"damage":6,"enemies":"Sphere and 2 Shapes","floor":39,"turns":1},{"damage":19,"enemies":"4 Shapes","floor":41,"turns":1},{"damage":4,"enemies":"Maw","floor":42,"turns":1},{"damage":0,"enemies":"3 Darklings","floor":45,"turns":1},{"damage":0,"enemies":"Giant Head","floor":47,"turns":1},{"damage":21,"enemies":"4 Shapes","floor":48,"turns":1},{"damage":1,"enemies":"Time Eater","floor":50,"turns":2}],"relics_obtained":[{"floor":1,"key":"War Paint"},{"floor":2,"key":"Bronze Scales"},{"floor":3,"key":"Paper Frog"},{"floor":6,"key":"Toxic Egg 2"},{"floor":7,"key":"Self Forming Clay"},{"floor":9,"key":"Unceasing Top"},{"floor":11,"key":"Tiny Chest"},{"floor":12,"key":"Blood Vial"},{"floor":13,"key":"Lantern"},{"floor":14,"key":"Old Coin"},{"floor":16,"key":"Bottled Flame"},{"floor":18,"key":"Singing Bowl"},{"floor":19,"key":"Matryoshka"},{"floor":20,"key":"Happy Flower"},{"floor":21,"key":"Mummified Hand"},{"floor":23,"key":"Molten Egg 2"},{"floor":24,"key":"Regal Pillow"},{"floor":24,"key":"Dream Catcher"},{"floor":25,"key":"Meat on the Bone"},{"floor":26,"key":"Vajra"},{"floor":26,"key":"Bag of Preparation"},{"floor":27,"key":"Necronomicon"},{"floor":28,"key":"Girya"},{"floor":31,"key":"Omamori"},{"floor":33,"key":"Question Card"},{"floor":35,"key":"Mercury Hourglass"},{"floor":36,"key":"Orichalcum"},{"floor":39,"key":"Centennial Puzzle"},{"floor":41,"key":"Bag of Marbles"},{"floor":42,"key":"Toolbox"},{"floor":43,"key":"Pear"},{"floor":45,"key":"Whetstone"},{"floor":47,"key":"Strawberry"},{"floor":48,"key":"Blue Candle"}],"event_choices":[{"event_name":"Shining Light","player_choice":"Entered Light","floor":4,"damage_taken":0},{"event_name":"Scrap Ooze","player_choice":"success","floor":10,"damage_taken":3},{"event_name":"Wheel of Change","player_choice":"Card Removal","floor":22,"damage_taken":0},{"event_name":"Cursed Tome","player_choice":"Obtained Book","floor":27,"damage_taken":0},{"event_name":"Tomb of Lord Red Mask","player_choice":"Ignored","floor":37,"damage_taken":0},{"event_name":"Winding Halls","player_choice":"Embrace Madness","floor":38,"damage_taken":0}],"boss_relics":[{"not_picked":["Black Blood","Philosopher\u0027s Stone"],"picked":"Runic Cube"},{"not_picked":["Runic Pyramid","White Beast Statue"],"picked":"Eternal Feather"}],"items_purged_floors":[],"potions_floor_spawned":[3,7,12,14,16,18,19,21,33,36,41,42,45],"seed_played":"-522671777961550399","ascension_level":0,"potions_obtained":[{"floor":3,"key":"SkillPotion"},{"floor":7,"key":"EssenceOfSteel"},{"floor":12,"key":"SneckoOil"},{"floor":14,"key":"Fire Potion"},{"floor":16,"key":"LiquidBronze"},{"floor":18,"key":"Block Potion"},{"floor":19,"key":"Block Potion"},{"floor":21,"key":"PowerPotion"},{"floor":33,"key":"Explosive Potion"},{"floor":36,"key":"Block Potion"},{"floor":41,"key":"LiquidBronze"},{"floor":42,"key":"SkillPotion"},{"floor":45,"key":"AttackPotion"}],"is_trial":false}