{"gold_per_floor":[109,109,109,12,23,23,54,54,54,31,68,80,110,188,200,212],"floor_reached":16,"playtime":401,"items_purged":["Defend_R"],"score":111,"play_id":"e7564be5-a378-4e94-8578-b65ace22fd49","local_time":"20180802225158","is_ascension_mode":true,"campfire_choices":[{"floor":6,"key":"REST"},{"data":"Whirlwind","floor":8,"key":"SMITH"},{"data":"Immolate","floor":15,"key":"SMITH"}],"neow_cost":"NONE","seed_source_timestamp":705326639315065,"circlet_count":0,"master_deck":["Strike_R","Strike_R+1","Strike_R","Strike_R","Strike_R","Defend_R","Defend_R+1","Defend_R","Bash+1","Twin Strike","Shrug It Off","Shrug It Off","Whirlwind+1","Pommel Strike","Immolate+1"],"relics":["Burning Blood","The Courier","Lantern","MawBank","Unceasing Top"],"potions_floor_usage":[16],"damage_taken":[{"damage":1,"enemies":"Jaw Worm","floor":1,"turns":3},{"damage":6,"enemies":"Cultist","floor":5,"turns":3},{"damage":27,"enemies":"3 Sentries","floor":7,"turns":10},{"damage":28,"enemies":"Lagavulin","floor":11,"turns":5},{"damage":0,"enemies":"Small Slimes","floor":13,"turns":1},{"damage":60,"enemies":"The Guardian","floor":16,"turns":8}],"seed_played":"2073372808152017339","potions_obtained":[{"floor":11,"key":"LiquidBronze"}],"is_trial":false,"path_per_floor":["M","?","?","$","M","R","E","R","T","?","E","$","M","?","R"],"character_chosen":"IRONCLAD","items_purchased":["Shrug It Off"],"campfire_rested":1,"item_purchase_floors":[4],"current_hp_per_floor":[80,68,52,52,52,76,55,55,55,75,53,53,59,59,59,0],"gold":212,"neow_bonus":"UPGRADE_CARD","is_prod":false,"is_daily":false,"chose_seed":false,"campfire_upgraded":2,"win_rate":0,"timestamp":1533264718,"path_taken":["M","?","?","$","?","R","E","R","T","?","E","?","M","?","R","BOSS"],"build_version":"2018-08-02","purchased_purges":1,"victory":false,"max_hp_per_floor":[80,80,80,80,80,80,80,80,80,80,80,80,80,80,80,80],"card_choices":[{"not_picked":["Headbutt","True Grit"],"picked":"Twin Strike","floor":1},{"not_picked":["Clothesline","Perfected Strike"],"picked":"Shrug It Off","floor":5},{"not_picked":["Reckless Charge","Feel No Pain"],"picked":"Whirlwind","floor":7},{"not_picked":["Havoc","Dual Wield"],"picked":"Pommel Strike","floor":11},{"not_picked":["Cleave","Flame Barrier"],"picked":"Immolate","floor":13}],"player_experience":99737,"relics_obtained":[{"floor":7,"key":"Lantern"},{"floor":9,"key":"MawBank"},{"floor":11,"key":"Unceasing Top"}],"event_choices":[{"event_name":"Scrap Ooze","player_choice":"success","floor":2,"damage_taken":12},{"event_name":"Shining Light","player_choice":"Entered Light","floor":3,"damage_taken":0},{"event_name":"The Cleric","player_choice":"Healed","floor":10,"damage_taken":0},{"event_name":"Golden Wing","player_choice":"Gained Gold","floor":14,"damage_taken":0}],"is_beta":false,"boss_relics":[],"items_purged_floors":[4],"is_endless":false,"potions_floor_spawned":[11],"killed_by":"The Guardian","ascension_level":1}