{"gold_per_floor":[109,109,130,145,145,145,164,164,164,164,164,43,43,78,78,208,208,228,252,167,183,199,199,217,217,217,217,242,260,20,20,20,140,140,155,30,43,66,66],"floor_reached":39,"playtime":2283,"items_purged":["Strike_G","Acrobatics","Defend_G"],"score":408,"play_id":"d7298ed9-357e-4662-b783-0e5cf62643c1","local_time":"20180728205510","is_ascension_mode":false,"campfire_choices":[{"floor":6,"key":"REST"},{"data":"Infinite Blades","floor":8,"key":"SMITH"},{"data":"Dagger Spray","floor":13,"key":"SMITH"},{"data":"Cloak And Dagger","floor":15,"key":"SMITH"},{"data":"Glass Knife","floor":23,"key":"SMITH"},{"data":"Outmaneuver","floor":25,"key":"SMITH"},{"floor":27,"key":"REST"},{"data":"Glass Knife","floor":32,"key":"SMITH"}],"neow_cost":"","seed_source_timestamp":264441314347710,"circlet_count":0,"master_deck":["Defend_G+1","Defend_G+1","Defend_G","Defend_G","Strike_G","Strike_G","Strike_G","Strike_G","Survivor","Neutralize","Sucker Punch","Cloak And Dagger+1","Infinite Blades+1","Dagger Spray+1","Glass Knife+1","Poisoned Stab+1","Leg Sweep+1","Poisoned Stab+1","Skewer+1","Outmaneuver+1","Bane","Slice+1","Glass Knife+1","Die Die Die","Outmaneuver+1","Dagger Spray+1"],"relics":["Ring of the Snake","Golden Idol","Kunai","Pear","Lantern","Runic Pyramid","War Paint","Question Card","WristBlade"],"potions_floor_usage":[14,14,33,33,39],"damage_taken":[{"damage":4,"enemies":"Cultist","floor":1,"turns":5},{"damage":2,"enemies":"Small Slimes","floor":3,"turns":5},{"damage":0,"enemies":"Jaw Worm","floor":4,"turns":7},{"damage":0,"enemies":"Large Slime","floor":7,"turns":7},{"damage":6,"enemies":"Gremlin Nob","floor":14,"turns":3},{"damage":45,"enemies":"Slime Boss","floor":16,"turns":15},{"damage":5,"enemies":"3 Byrds","floor":18,"turns":4},{"damage":11,"enemies":"2 Thieves","floor":19,"turns":4},{"damage":5,"enemies":"3 Cultists","floor":21,"turns":6},{"damage":9,"enemies":"Snake Plant","floor":22,"turns":6},{"damage":8,"enemies":"Centurion and Healer","floor":24,"turns":8},{"damage":0,"enemies":"Snecko","floor":28,"turns":4},{"damage":6,"enemies":"3 Cultists","floor":29,"turns":4},{"damage":76,"enemies":"Automaton","floor":33,"turns":9},{"damage":24,"enemies":"Flame Bruiser 1 Orb","floor":35,"turns":3},{"damage":28,"enemies":"3 Darklings","floor":37,"turns":5},{"damage":17,"enemies":"Transient","floor":38,"turns":5},{"damage":19,"enemies":"Sphere and 2 Shapes","floor":39,"turns":2}],"seed_played":"4951722217848717240","potions_obtained":[{"floor":4,"key":"AttackPotion"},{"floor":7,"key":"Fire Potion"},{"floor":14,"key":"Fire Potion"},{"floor":21,"key":"Regen Potion"},{"floor":24,"key":"Energy Potion"},{"floor":33,"key":"SpeedPotion"}],"is_trial":false,"path_per_floor":["M","?","M","M","?","R","M","R","T","?","?","$","R","E","R","B",null,"M","M","?","M","M","R","M","R","T","R","M","M","$","?","R","B",null,"M","$","M","M"],"character_chosen":"THE_SILENT","items_purchased":["Dagger Spray","Glass Knife"],"campfire_rested":2,"item_purchase_floors":[12,30],"current_hp_per_floor":[66,49,47,47,40,61,61,61,71,71,76,76,76,70,70,25,85,80,69,69,64,55,55,47,47,47,72,72,66,66,66,66,5,85,61,61,33,16,0],"gold":66,"neow_bonus":"","is_prod":false,"is_daily":false,"chose_seed":false,"campfire_upgraded":6,"win_rate":0.0,"timestamp":1532825710,"path_taken":["M","?","M","M","?","R","M","R","T","?","?","?","R","E","R","BOSS","M","M","?","?","M","R","?","R","T","R","M","M","?","?","R","BOSS","M","?","M","?","M"],"build_version":"2018-07-26","purchased_purges":3,"victory":false,"max_hp_per_floor":[70,70,70,70,70,70,70,70,80,80,85,85,85,85,85,85,85,85,85,85,85,85,85,85,85,85,85,85,85,85,85,85,85,85,85,85,85,85,85],"card_choices":[{"not_picked":["Eviscerate","Dagger Throw"],"picked":"Sucker Punch","floor":1},{"not_picked":["Quick Slash","All Out Attack","Underhanded Strike"],"picked":"SKIP","floor":3},{"not_picked":["Tactician","Acrobatics"],"picked":"Cloak And Dagger","floor":4},{"not_picked":["Poisoned Stab","PiercingWail"],"picked":"Infinite Blades","floor":7},{"not_picked":["Deflect","Caltrops"],"picked":"Acrobatics","floor":14},{"not_picked":["Tools of the Trade","Phantasmal Killer"],"picked":"Glass Knife","floor":16},{"not_picked":["Quick Slash+1","Expertise"],"picked":"Poisoned Stab+1","floor":18},{"not_picked":["Choke","Predator"],"picked":"Leg Sweep+1","floor":19},{"not_picked":["Deflect","Prepared"],"picked":"Poisoned Stab+1","floor":21},{"not_picked":["Acrobatics+1","Sucker Punch+1"],"picked":"Skewer+1","floor":22},{"not_picked":["Sucker Punch","Poisoned Stab"],"picked":"Outmaneuver","floor":24},{"not_picked":["Poisoned Stab+1","Infinite Blades","Blur+1"],"picked":"Bane","floor":28},{"not_picked":["Phantasmal Killer","Flechettes","Poisoned Stab"],"picked":"Slice+1","floor":29},{"not_picked":["After Image","Tools of the Trade","Storm of Steel"],"picked":"Die Die Die","floor":33},{"not_picked":["Backflip+1","Acrobatics+1","Well Laid Plans+1"],"picked":"Outmaneuver+1","floor":35},{"not_picked":["Prepared+1","Masterful Stab+1","Dagger Throw","Leg Sweep+1"],"picked":"SKIP","floor":37},{"not_picked":["Quick Slash+1","Deadly Poison+1","Choke"],"picked":"Dagger Spray+1","floor":38}],"player_experience":57228,"relics_obtained":[{"floor":9,"key":"Pear"},{"floor":14,"key":"Lantern"},{"floor":26,"key":"Question Card"}],"event_choices":[{"event_name":"Golden Idol","player_choice":"Take Damage","floor":2,"damage_taken":0},{"event_name":"Scrap Ooze","player_choice":"success","floor":5,"damage_taken":7},{"event_name":"Accursed Blacksmith","player_choice":"Ignore","floor":10,"damage_taken":0},{"event_name":"Big Fish","player_choice":"Donut","floor":11,"damage_taken":0},{"event_name":"Addict","player_choice":"Obtained Relic","floor":20,"damage_taken":0},{"event_name":"Drug Dealer","player_choice":"Ignored","floor":31,"damage_taken":0}],"is_beta":false,"boss_relics":[{"not_picked":["Sozu","Fusion Hammer"],"picked":"Runic Pyramid"},{"not_picked":["Busted Crown","Ring of the Serpent"],"picked":"WristBlade"}],"items_purged_floors":[12,30,36],"is_endless":false,"potions_floor_spawned":[4,7,14,21,24,28,33],"killed_by":"Sphere and 2 Shapes","ascension_level":0}