{"gold_per_floor":[17,28,41,109,59,87,87,100,124,140,140,152,177,277,277,277],"floor_reached":16,"playtime":896,"items_purged":[],"score":112,"play_id":"2d68a1b7-b75c-4925-a6fc-46aa4f77ca0b","local_time":"20180728141606","is_ascension_mode":false,"campfire_choices":[{"floor":7,"key":"REST"},{"floor":11,"key":"REST"},{"floor":15,"key":"REST"}],"neow_cost":"NO_GOLD","seed_source_timestamp":241882219961232,"circlet_count":0,"master_deck":["Defend_G","Defend_G","Defend_G","Strike_G","Strike_G","Strike_G","Strike_G","Survivor","Neutralize","Poisoned Stab","Deflect","Prepared","Flechettes","Backflip","Dagger Spray","Escape Plan"],"relics":["Ring of the Snake","Darkstone Periapt","Tingsha","Ancient Tea Set","Bird Faced Urn"],"potions_floor_usage":[16,16],"damage_taken":[{"damage":1,"enemies":"Cultist","floor":1,"turns":4},{"damage":2,"enemies":"Jaw Worm","floor":2,"turns":3},{"damage":3,"enemies":"Small Slimes","floor":3,"turns":4},{"damage":42,"enemies":"Gremlin Nob","floor":6,"turns":5},{"damage":3,"enemies":"Blue Slaver","floor":8,"turns":3},{"damage":2,"enemies":"3 Louse","floor":10,"turns":2},{"damage":0,"enemies":"Lots of Slimes","floor":12,"turns":4},{"damage":20,"enemies":"3 Sentries","floor":13,"turns":5},{"damage":63,"enemies":"The Guardian","floor":16,"turns":10}],"seed_played":"8230036565794494483","potions_obtained":[{"floor":8,"key":"SneckoOil"},{"floor":13,"key":"GhostInAJar"}],"is_trial":false,"path_per_floor":["M","M","M","T","?","E","R","M","T","M","R","M","E","?","R"],"character_chosen":"THE_SILENT","items_purchased":[],"campfire_rested":3,"item_purchase_floors":[],"current_hp_per_floor":[69,67,64,64,64,22,43,40,40,38,59,59,39,39,60,0],"gold":277,"neow_bonus":"REMOVE_TWO","is_prod":false,"is_daily":false,"chose_seed":false,"campfire_upgraded":0,"win_rate":0.0,"timestamp":1532801766,"path_taken":["M","M","M","?","?","E","R","M","T","M","R","M","E","?","R","BOSS"],"build_version":"2018-07-26","purchased_purges":0,"victory":false,"max_hp_per_floor":[70,70,70,70,70,70,70,70,70,70,70,70,70,70,70,70],"card_choices":[{"not_picked":["Outmaneuver","Noxious Fumes"],"picked":"Poisoned Stab","floor":1},{"not_picked":["Well Laid Plans","Dagger Throw"],"picked":"Deflect","floor":2},{"not_picked":["All Out Attack","Backflip"],"picked":"Prepared","floor":3},{"not_picked":["Corpse Explosion","Poisoned Stab"],"picked":"Flechettes","floor":6},{"not_picked":["Catalyst","Expertise"],"picked":"Backflip","floor":8},{"not_picked":["PiercingWail","Choke","Dodge and Roll"],"picked":"SKIP","floor":10},{"not_picked":["Quick Slash","PiercingWail"],"picked":"Dagger Spray","floor":12},{"not_picked":["Prepared","Deflect"],"picked":"Escape Plan","floor":13}],"player_experience":46582,"relics_obtained":[{"floor":4,"key":"Darkstone Periapt"},{"floor":6,"key":"Tingsha"},{"floor":9,"key":"Ancient Tea Set"},{"floor":13,"key":"Bird Faced Urn"}],"event_choices":[{"event_name":"The Cleric","player_choice":"Card Removal","floor":5,"damage_taken":0},{"event_name":"Wheel of Change","player_choice":"Gold","floor":14,"damage_taken":0}],"is_beta":false,"boss_relics":[],"items_purged_floors":[],"is_endless":false,"potions_floor_spawned":[8,13],"killed_by":"The Guardian","ascension_level":0}