{"gold_per_floor":[360,59,78,88,88,88,100,100,155,155,155,174,199,199,199,199],"floor_reached":16,"playtime":365,"items_purged":[],"score":165,"play_id":"78072c2f-d394-4ed2-9bf4-91bd5bec3bbf","local_time":"20190610012900","is_ascension_mode":true,"campfire_choices":[{"data":"1","floor":6,"key":"LIFT"},{"data":"2","floor":8,"key":"LIFT"},{"data":"3","floor":10,"key":"LIFT"},{"floor":15,"key":"REST"}],"neow_cost":"PERCENT_DAMAGE","seed_source_timestamp":121238205211055,"circlet_count":0,"master_deck":["AscendersBane","Strike_R","Strike_R","Strike_R","Strike_R","Strike_R","Defend_R","Defend_R+1","Defend_R+1","Defend_R","Bash+1","Seeing Red","Flame Barrier"],"relics":["Burning Blood","Girya","War Paint","GremlinMask","Bag of Preparation"],"potions_floor_usage":[13],"damage_taken":[{"damage":5,"enemies":"Cultist","floor":1,"turns":4},{"damage":12,"enemies":"2 Louse","floor":3,"turns":3},{"damage":4,"enemies":"Small Slimes","floor":4,"turns":5},{"damage":8,"enemies":"Blue Slaver","floor":7,"turns":2},{"damage":7,"enemies":"Red Slaver","floor":12,"turns":3},{"damage":15,"enemies":"Gremlin Nob","floor":13,"turns":4},{"damage":72,"enemies":"The Guardian","floor":16,"turns":5}],"seed_played":"-7695082078326288033","potions_obtained":[{"floor":4,"key":"FairyPotion"},{"floor":7,"key":"Strength Potion"},{"floor":13,"key":"EntropicBrew"}],"is_trial":false,"path_per_floor":["M","$","M","M","?","R","M","R","T","R","?","M","E","?","R","B"],"character_chosen":"IRONCLAD","items_purchased":["Girya"],"campfire_rested":1,"item_purchase_floors":[2],"current_hp_per_floor":[52,52,46,48,48,48,46,46,46,46,46,45,36,36,60,0],"gold":199,"neow_bonus":"TWO_FIFTY_GOLD","is_prod":false,"is_daily":false,"chose_seed":false,"campfire_upgraded":0,"win_rate":0,"timestamp":1560144540,"path_taken":["M","$","?","M","?","R","M","R","T","R","?","?","E","?","R","BOSS"],"build_version":"2019-01-23","purchased_purges":0,"victory":false,"max_hp_per_floor":[80,80,80,80,80,80,80,80,80,80,80,80,80,80,80,80],"card_choices":[{"not_picked":["Clothesline","Sever Soul","Twin Strike"],"picked":"SKIP","floor":1},{"not_picked":["Burning Pact","Sword Boomerang"],"picked":"Seeing Red","floor":3},{"not_picked":["Anger","Body Slam","Second Wind"],"picked":"SKIP","floor":4},{"not_picked":["Sword Boomerang","Iron Wave","Ghostly Armor"],"picked":"SKIP","floor":7},{"not_picked":["Headbutt","True Grit"],"picked":"Flame Barrier","floor":12},{"not_picked":["Brutality","Havoc","Feel No Pain"],"picked":"SKIP","floor":13}],"player_experience":355053,"relics_obtained":[{"floor":9,"key":"War Paint"},{"floor":13,"key":"Bag of Preparation"}],"event_choices":[{"damage_healed":0,"gold_gain":0,"player_choice":"Grow","damage_taken":0,"max_hp_gain":0,"max_hp_loss":0,"event_name":"Living Wall","floor":5,"gold_loss":0,"cards_upgraded":["Bash"]},{"damage_healed":0,"gold_gain":0,"player_choice":"Trade","damage_taken":0,"relics_obtained":["GremlinMask"],"max_hp_gain":0,"max_hp_loss":0,"event_name":"FaceTrader","floor":11,"gold_loss":0},{"damage_healed":0,"gold_gain":0,"player_choice":"0 cards matched","damage_taken":0,"max_hp_gain":0,"max_hp_loss":0,"event_name":"Match and Keep!","floor":14,"gold_loss":0,"cards_obtained":[]}],"is_beta":false,"boss_relics":[],"items_purged_floors":[],"is_endless":false,"potions_floor_spawned":[4,7,12,13],"killed_by":"The Guardian","ascension_level":13}