{"gold_per_floor":[109,34,34,34,34,34,55,75,145,145,189,213,72,72],"floor_reached":14,"playtime":613,"items_purged":["Parasite"],"score":88,"play_id":"c11f14a7-2bf2-45aa-88b4-9eeb4b6ce7e4","local_time":"20190718201136","is_ascension_mode":false,"campfire_choices":[{"floor":6,"key":"REST"},{"data":"Deflect","floor":10,"key":"SMITH"}],"neow_cost":"CURSE","seed_source_timestamp":3013404199983546,"circlet_count":0,"master_deck":["Strike_G","Strike_G","Strike_G","Strike_G","Strike_G","Defend_G","Defend_G","Defend_G","Defend_G","Survivor","Neutralize","Deflect+1","Catalyst","Dagger Spray","Envenom","Outmaneuver+1","Expertise+1","Slice"],"relics":["Ring of the Snake","Golden Idol","Juzu Bracelet","Toxic Egg 2","Regal Pillow"],"potions_floor_usage":[],"damage_taken":[{"damage":1,"enemies":"2 Louse","floor":1,"turns":5},{"damage":0,"enemies":"Small Slimes","floor":7,"turns":3},{"damage":3,"enemies":"Cultist","floor":8,"turns":5},{"damage":60,"enemies":"Lagavulin","floor":11,"turns":12},{"damage":3,"enemies":"Red Slaver","floor":12,"turns":4},{"damage":9,"enemies":"2 Fungi Beasts","floor":14,"turns":1}],"seed_played":"-2398614727081176405","potions_obtained":[{"floor":11,"key":"LiquidBronze"},{"floor":12,"key":"Regen Potion"}],"is_trial":false,"path_per_floor":["M","$","?","?","?","R","M","M","T","R","E","M","$","M"],"character_chosen":"THE_SILENT","items_purchased":["Outmaneuver+1","Expertise+1","Slice"],"campfire_rested":1,"item_purchase_floors":[13,13,13],"current_hp_per_floor":[83,81,74,74,49,71,71,68,68,68,8,5,5,0],"gold":72,"neow_bonus":"TWENTY_PERCENT_HP_BONUS","is_prod":false,"is_daily":false,"chose_seed":false,"campfire_upgraded":1,"win_rate":0,"timestamp":1563495096,"path_taken":["M","$","?","?","?","R","M","M","T","R","E","M","$","M"],"build_version":"2019-07-17","purchased_purges":1,"victory":false,"max_hp_per_floor":[84,81,81,75,75,75,75,75,75,75,75,75,75,75],"card_choices":[{"not_picked":["Prepared","Eviscerate"],"picked":"Deflect","floor":1},{"not_picked":["Underhanded Strike","Prepared"],"picked":"Catalyst","floor":8},{"not_picked":["Distraction+1","Slice"],"picked":"Dagger Spray","floor":11},{"not_picked":["Dagger Throw","Slice"],"picked":"Envenom","floor":12}],"player_experience":447807,"relics_obtained":[{"floor":9,"key":"Toxic Egg 2"},{"floor":11,"key":"Regal Pillow"}],"event_choices":[{"cards_removed":["Defend_G"],"damage_healed":0,"gold_gain":0,"player_choice":"Card Removal","damage_taken":7,"max_hp_gain":0,"max_hp_loss":0,"event_name":"Golden Wing","floor":3,"gold_loss":0},{"damage_healed":0,"gold_gain":0,"player_choice":"Lose Max HP","damage_taken":0,"relics_obtained":["Golden Idol"],"max_hp_gain":0,"max_hp_loss":6,"event_name":"Golden Idol","floor":4,"gold_loss":0},{"damage_healed":0,"gold_gain":0,"player_choice":"Success","damage_taken":25,"relics_obtained":["Juzu Bracelet"],"max_hp_gain":0,"max_hp_loss":0,"event_name":"Scrap Ooze","floor":5,"gold_loss":0}],"is_beta":false,"boss_relics":[],"items_purged_floors":[2],"is_endless":false,"potions_floor_spawned":[11,12],"killed_by":"2 Fungi Beasts","ascension_level":0}