{"path_per_floor":["M","?","M","?","$","?","M","R","T","M","M","R","M","?","R","B",null,"M","$","?","?","M","R","E","M","T","R","M","R"],"character_chosen":"IRONCLAD","items_purchased":["Fire Breathing","Thinking Ahead","Shrug It Off"],"gold_per_floor":[110,110,120,195,44,44,60,60,60,74,87,87,106,106,106,203,233,245,13,13,13,32,32,57,72,98,98,109,109],"floor_reached":30,"campfire_rested":1,"playtime":9177,"current_hp_per_floor":[80,73,79,68,68,68,57,57,57,55,41,41,38,22,22,19,85,72,72,72,56,61,61,50,35,35,35,41,67],"items_purged":["Bash"],"gold":109,"play_id":"47915abd-304d-4b16-a7f7-cec751ab0cfd","is_prod":false,"is_daily":false,"is_ascension_mode":false,"campfire_upgraded":5,"path_taken":["M","?","M","?","?","?","M","R","T","M","?","R","M","?","R","BOSS","M","$","?","?","?","R","E","M","T","R","M","R","E"],"build_version":"2018-02-01-PROD3","purchased_purges":1,"victory":false,"master_deck":["Strike_R+1","Strike_R","Strike_R","Strike_R+1","Defend_R","Defend_R","Defend_R","Defend_R","Infernal Blade+1","True Grit+1","Fire Breathing","Shrug It Off+1","Flex","Metallicize+1","Rampage+1","Double Tap","Power Through","Armaments","Thinking Ahead+1","Shrug It Off","Metallicize+1","Seeing Red","Armaments+1"],"max_hp_per_floor":[80,80,80,80,80,80,80,80,80,80,80,80,80,80,80,80,85,85,85,85,85,85,85,88,88,88,88,88,88],"relics":["Burning Blood","Dodecahedron","Tiny House","Nilry\u0027s Codex","Vajra","Bag of Preparation"],"card_choices":[{"not_picked":["Cleave","Twin Strike"],"picked":"Infernal Blade"},{"not_picked":["Cleave","Clash"],"picked":"True Grit"},{"not_picked":["Battle Trance","Twin Strike"],"picked":"Shrug It Off"},{"not_picked":["Whirlwind","Clash"],"picked":"Flex"},{"not_picked":["Wild Strike","Dual Wield"],"picked":"Metallicize"},{"not_picked":["Pummel","Evolve"],"picked":"Rampage"},{"not_picked":["Immolate","Bludgeon"],"picked":"Double Tap"},{"not_picked":["Iron Wave","Spot Weakness"],"picked":"Power Through"},{"not_picked":["Bloodletting","Headbutt"],"picked":"Armaments"},{"not_picked":["Uppercut","Intimidate"],"picked":"Seeing Red"},{"not_picked":["Anger","Shrug It Off"],"picked":"Armaments"}],"player_experience":102536,"potions_floor_usage":[16,16,16,24,28,30],"damage_taken":[{"damage":4,"enemies":"Blue Slaver","floor":1,"turns":6},{"damage":0,"enemies":"2 Louse","floor":3,"turns":2},{"damage":17,"enemies":"Cultist","floor":7,"turns":8},{"damage":8,"enemies":"Large Slime","floor":10,"turns":10},{"damage":26,"enemies":"Exordium Thugs","floor":11,"turns":7},{"damage":9,"enemies":"Exordium Wildlife","floor":13,"turns":6},{"damage":9,"enemies":"Slime Boss","floor":16,"turns":13},{"damage":19,"enemies":"Spheric Guardian","floor":18,"turns":10},{"damage":1,"enemies":"Shell Parasite","floor":22,"turns":9},{"damage":20,"enemies":"Slavers","floor":24,"turns":7},{"damage":21,"enemies":"Snake Plant","floor":25,"turns":9},{"damage":0,"enemies":"Sentry and Sphere","floor":28,"turns":9},{"damage":69,"enemies":"Gremlin Leader","floor":30,"turns":7}],"event_choices":[{"event_name":"Golden Wing","player_choice":"Card Removal","floor":2,"damage_taken":0},{"event_name":"World of Goop","player_choice":"Gather Gold","floor":4,"damage_taken":0},{"event_name":"Liars Game","player_choice":"disagreed","floor":6,"damage_taken":0},{"event_name":"Shining Light","player_choice":"Entered Light","floor":14,"damage_taken":0},{"event_name":"Duplicator","player_choice":"One dupe","floor":20,"damage_taken":0},{"event_name":"Cursed Tome","player_choice":"Obtained Book","floor":21,"damage_taken":0}],"boss_relics":[{"not_picked":["Cursed Key","Orrery"],"picked":"Tiny House"}],"potions_floor_spawned":[3,10,13,22,24],"seed_played":"-8526804761535033364","killed_by":"Gremlin Leader","ascension_level":0,"is_trial":false}