{"gold_per_floor":[110,110,110,127,127,127,139,139,139,152,152,165,192,211,211,313,313,280,495,145,156,176,176,186,186],"floor_reached":25,"playtime":2107,"items_purged":[],"score":246,"play_id":"9a9c481a-9269-4b23-be73-a2b87e00df5f","local_time":"20190913204036","is_ascension_mode":true,"campfire_choices":[{"floor":6,"key":"RECALL"},{"data":"Cloak And Dagger","floor":8,"key":"SMITH"},{"floor":11,"key":"REST"},{"floor":15,"key":"REST"},{"data":"Deflect","floor":23,"key":"SMITH"}],"neow_cost":"TEN_PERCENT_HP_LOSS","seed_source_timestamp":187529846339600,"circlet_count":0,"master_deck":["Strike_G","Strike_G","Strike_G","Strike_G","Defend_G","Defend_G","Defend_G","Defend_G","Survivor","Neutralize","Footwork","Infinite Blades","Cloak And Dagger+1","Bane","Night Terror","Poisoned Stab","Expertise","Envenom","Deflect+1","Reflex","Doppelganger","Outmaneuver"],"relics":["Ring of the Snake","Kunai","Juzu Bracelet","Coffee Dripper","Old Coin","OrangePellets","Bronze Scales"],"potions_floor_usage":[14,16,16,24],"damage_taken":[{"damage":0,"enemies":"Jaw Worm","floor":1,"turns":5},{"damage":0,"enemies":"2 Louse","floor":4,"turns":5},{"damage":5,"enemies":"Small Slimes","floor":7,"turns":4},{"damage":11,"enemies":"3 Louse","floor":10,"turns":5},{"damage":0,"enemies":"Blue Slaver","floor":12,"turns":5},{"damage":16,"enemies":"Lagavulin","floor":13,"turns":10},{"damage":11,"enemies":"Lots of Slimes","floor":14,"turns":5},{"damage":26,"enemies":"Slime Boss","floor":16,"turns":13},{"damage":26,"enemies":"2 Thieves","floor":18,"turns":5},{"damage":6,"enemies":"Chosen","floor":21,"turns":6},{"damage":4,"enemies":"3 Cultists","floor":22,"turns":6},{"damage":0,"enemies":"Snecko","floor":24,"turns":5},{"damage":28,"enemies":"Sentry and Sphere","floor":25,"turns":5}],"seed_played":"4060105495488577699","potions_obtained":[{"floor":1,"key":"Fire Potion"},{"floor":7,"key":"SkillPotion"},{"floor":12,"key":"Poison Potion"},{"floor":21,"key":"Block Potion"}],"is_trial":false,"path_per_floor":["M","$","?","M","$","R","M","R","T","M","R","M","E","M","R","B",null,"M","?","$","M","M","R","M","M"],"character_chosen":"THE_SILENT","items_purchased":["OrangePellets","Bronze Scales"],"campfire_rested":2,"item_purchase_floors":[20,20],"current_hp_per_floor":[63,63,60,60,60,60,55,55,55,44,62,62,46,35,53,27,63,37,37,37,31,27,27,27,0],"gold":186,"neow_bonus":"REMOVE_TWO","is_prod":false,"is_daily":false,"chose_seed":false,"campfire_upgraded":2,"win_rate":0,"timestamp":1568425236,"path_taken":["M","$","?","M","$","R","M","R","T","M","R","M","E","M","R","BOSS","M","?","$","M","M","R","M","M"],"build_version":"2019-07-17","purchased_purges":0,"victory":false,"max_hp_per_floor":[63,63,63,63,63,63,63,63,63,63,63,63,63,63,63,63,63,63,63,63,63,63,63,63,63],"card_choices":[{"not_picked":["Calculated Gamble","Acrobatics"],"picked":"Footwork","floor":1},{"not_picked":["Bane","Underhanded Strike"],"picked":"Infinite Blades","floor":4},{"not_picked":["Caltrops","Flying Knee"],"picked":"Cloak And Dagger","floor":7},{"not_picked":["Heel Hook","Blade Dance"],"picked":"Bane","floor":10},{"not_picked":["Blur","Deadly Poison"],"picked":"Night Terror","floor":12},{"not_picked":["Outmaneuver","Concentrate"],"picked":"Poisoned Stab","floor":13},{"not_picked":["Riddle With Holes","Tactician"],"picked":"Expertise","floor":14},{"not_picked":["Corpse Explosion","After Image"],"picked":"Envenom","floor":16},{"not_picked":["Dagger Throw+1","Blade Dance"],"picked":"Deflect","floor":18},{"not_picked":["Deadly Poison","Accuracy+1"],"picked":"Reflex","floor":21},{"not_picked":["Prepared+1","Slice"],"picked":"Doppelganger","floor":22},{"not_picked":["Dagger Spray","Flying Knee"],"picked":"Outmaneuver","floor":24}],"player_experience":380306,"relics_obtained":[{"floor":13,"key":"Juzu Bracelet"}],"event_choices":[{"damage_healed":0,"gold_gain":0,"player_choice":"Success","damage_taken":3,"relics_obtained":["Kunai"],"max_hp_gain":0,"max_hp_loss":0,"event_name":"Scrap Ooze","floor":3,"gold_loss":0},{"damage_healed":0,"gold_gain":0,"player_choice":"Obtained Relic","damage_taken":0,"relics_obtained":["Old Coin"],"max_hp_gain":0,"max_hp_loss":0,"event_name":"Addict","floor":19,"gold_loss":85}],"is_beta":false,"boss_relics":[{"not_picked":["White Beast Statue","Velvet Choker"],"picked":"Coffee Dripper"}],"items_purged_floors":[],"is_endless":false,"potions_floor_spawned":[1,7,12,13,21],"killed_by":"Sentry and Sphere","ascension_level":4}