{"gold_per_floor":[119,137,137,156,156,156,184,184,184,260,260,274,302,316,316,395,395,368,38,56,76,76,76,109,128,158,158],"floor_reached":27,"playtime":2258,"items_purged":[],"score":486,"play_id":"769eb5e4-5d00-49a2-b330-08cf0f71c059","local_time":"20190910191304","is_ascension_mode":true,"campfire_choices":[{"data":"Armaments","floor":6.0,"key":"SMITH"},{"data":"Carnage","floor":8.0,"key":"SMITH"},{"data":"Bash","floor":11.0,"key":"SMITH"},{"data":"Feel No Pain","floor":15,"key":"SMITH"},{"floor":23,"key":"REST"}],"neow_cost":"TEN_PERCENT_HP_LOSS","seed_source_timestamp":128579498380777,"circlet_count":0,"master_deck":["AscendersBane","Strike_R","Strike_R","Strike_R","Defend_R","Defend_R","Defend_R","Bash+1","Carnage+1","Metallicize","Armaments+1","Havoc+1","Clothesline","Warcry+1","Feel No Pain+1","Feed","Corruption","Flame Barrier+1","Sentinel+1","Spot Weakness+1","Shrug It Off+1","Ghostly Armor+1"],"special_seed":0,"relics":["Burning Blood","Dead Branch","Toxic Egg 2","Pantograph","PreservedInsect","Runic Pyramid","Bronze Scales","Pen Nib","Tiny Chest"],"potions_floor_usage":[13,18,21,24],"damage_taken":[{"damage":10.0,"enemies":"Small Slimes","floor":1.0,"turns":4.0},{"damage":6.0,"enemies":"2 Louse","floor":2.0,"turns":3.0},{"damage":0.0,"enemies":"Jaw Worm","floor":4.0,"turns":4.0},{"damage":22.0,"enemies":"Lagavulin","floor":7.0,"turns":5.0},{"damage":8.0,"enemies":"Blue Slaver","floor":12.0,"turns":2.0},{"damage":4,"enemies":"Gremlin Nob","floor":13,"turns":3},{"damage":1,"enemies":"Large Slime","floor":14,"turns":3},{"damage":46,"enemies":"Hexaghost","floor":16,"turns":10},{"damage":16,"enemies":"2 Thieves","floor":18,"turns":4},{"damage":0,"enemies":"3 Byrds","floor":20,"turns":2},{"damage":14,"enemies":"Snake Plant","floor":21,"turns":4},{"damage":33,"enemies":"Book of Stabbing","floor":24,"turns":5},{"damage":24,"enemies":"Shelled Parasite and Fungi","floor":25,"turns":6},{"damage":25,"enemies":"Chosen and Byrds","floor":27,"turns":5}],"seed_played":"-5448781483118206298","potions_obtained":[{"floor":1.0,"key":"Regen Potion"},{"floor":2.0,"key":"LiquidBronze"},{"floor":12.0,"key":"FearPotion"},{"floor":14,"key":"Weak Potion"},{"floor":18,"key":"EssenceOfSteel"},{"floor":21,"key":"Ancient Potion"}],"is_trial":false,"path_per_floor":["M","M","?","M","?","R","E","R","T","?","R","M","E","M","R","B",null,"M","$","M","M","?","R","E","M","T","M"],"character_chosen":"IRONCLAD","items_purchased":["Bronze Scales","Flame Barrier+1","Sentinel+1"],"campfire_rested":1,"item_purchase_floors":[19,19,19],"current_hp_per_floor":[64,64,64,68,57,57,50,50,50,50,50,48,50,55,55,28,58,52,52,58,53,32,56,32,18,18,0],"gold":158,"neow_bonus":"REMOVE_TWO","is_prod":false,"is_daily":false,"chose_seed":false,"campfire_upgraded":4,"win_rate":0,"timestamp":1568135584,"path_taken":["M","M","?","M","?","R","E","R","T","?","R","M","E","M","R","BOSS","M","$","M","M","?","R","E","M","T","M"],"build_version":"2019-07-17","purchased_purges":0,"victory":false,"max_hp_per_floor":[68,68,68,68,68,68,68,68,68,68,68,68,68,68,68,68,68,72,72,72,75,80,80,83,87,87,87],"card_choices":[{"not_picked":["Bloodletting","Shockwave"],"picked":"Carnage","floor":1.0},{"not_picked":["Blood for Blood","Searing Blow"],"picked":"Metallicize","floor":2.0},{"not_picked":["Carnage","Pummel"],"picked":"Armaments","floor":4.0},{"not_picked":["Flex","Anger"],"picked":"Havoc","floor":7.0},{"not_picked":["Twin Strike","Entrench+1"],"picked":"Clothesline","floor":12.0},{"not_picked":["Combust","Immolate"],"picked":"Warcry+1","floor":13},{"not_picked":["Shrug It Off+1","Thunderclap"],"picked":"Feel No Pain","floor":14},{"not_picked":["Brutality","Immolate"],"picked":"Feed","floor":16},{"not_picked":["Anger+1","Perfected Strike"],"picked":"Corruption","floor":18},{"not_picked":["Infernal Blade+1","Clothesline+1"],"picked":"Spot Weakness+1","floor":20},{"not_picked":["Sever Soul","Body Slam","Clash"],"picked":"SKIP","floor":21},{"not_picked":["Warcry+1","Whirlwind+1"],"picked":"Shrug It Off+1","floor":24},{"not_picked":["Metallicize","Whirlwind"],"picked":"Ghostly Armor+1","floor":25}],"player_experience":805199,"relics_obtained":[{"floor":7.0,"key":"Toxic Egg 2"},{"floor":9.0,"key":"Pantograph"},{"floor":13,"key":"PreservedInsect"},{"floor":24,"key":"Pen Nib"},{"floor":26,"key":"Tiny Chest"}],"event_choices":[{"cards_removed":["Strike_R"],"damage_healed":0.0,"max_hp_gain":0.0,"max_hp_loss":0.0,"gold_gain":0.0,"event_name":"Living Wall","player_choice":"Forget","floor":3.0,"gold_loss":0.0,"damage_taken":0.0},{"damage_healed":0.0,"max_hp_gain":0.0,"max_hp_loss":0.0,"gold_gain":0.0,"event_name":"Scrap Ooze","player_choice":"Success","floor":5.0,"gold_loss":0.0,"damage_taken":11.0,"relics_obtained":["Dead Branch"]},{"damage_healed":0.0,"max_hp_gain":0.0,"max_hp_loss":0.0,"gold_gain":76.0,"event_name":"Golden Wing","player_choice":"Gained Gold","floor":10.0,"gold_loss":0.0,"damage_taken":0.0},{"damage_healed":0,"gold_gain":0,"player_choice":"Shed Blood","damage_taken":26,"max_hp_gain":5,"max_hp_loss":0,"event_name":"Forgotten Altar","floor":22,"gold_loss":0}],"is_beta":false,"boss_relics":[{"not_picked":["Lizard Tail","Empty Cage"],"picked":"Runic Pyramid"}],"items_purged_floors":[],"is_endless":false,"potions_floor_spawned":[1,2,12,14,18,21],"killed_by":"Chosen and Byrds","ascension_level":20}