{"gold_per_floor":[116,129,54,54,3,32,50,50,95,125,125,137,137,156,156,251,251,270,288,238,254,267,267,286,318,318,318,338,338,354,109,109,214,214,231,242,36,56,66,66,76,76,129,129,129,129,149,164,164,164],"floor_reached":51,"playtime":4030,"items_purged":["Strike_R","Strike_R","Strike_R"],"score":683,"play_id":"a71ca12d-16bf-42b9-9825-236870aafb85","local_time":"20190913154202","is_ascension_mode":false,"campfire_choices":[{"floor":8,"key":"REST"},{"data":"Spot Weakness","floor":11,"key":"SMITH"},{"data":"Pummel","floor":13,"key":"SMITH"},{"data":"Heavy Blade","floor":15,"key":"SMITH"},{"data":"Armaments","floor":23,"key":"SMITH"},{"floor":27,"key":"REST"},{"data":"True Grit","floor":29,"key":"SMITH"},{"floor":32,"key":"REST"},{"floor":40,"key":"REST"},{"data":"Trip","floor":42,"key":"SMITH"},{"data":"Demon Form","floor":44,"key":"SMITH"},{"floor":49,"key":"REST"}],"neow_cost":"NONE","seed_source_timestamp":3448652821299,"circlet_count":0,"master_deck":["Strike_R","Strike_R","Defend_R","Defend_R","Defend_R","Defend_R","Bash","Armaments+1","Shrug It Off","Power Through","Cleave","Spot Weakness+1","Pummel+1","Heavy Blade+1","Reaper","True Grit+1","Iron Wave","Dual Wield+1","Shrug It Off","Sentinel+1","Demon Form+1","Seeing Red","Feed","Intimidate","Evolve","Trip+1","Flex","Bloodletting+1","Carnage+1","Finesse","Battle Trance","Inflame"],"relics":["Burning Blood","Orichalcum","Pocketwatch","Oddly Smooth Stone","Regal Pillow","PreservedInsect","Lizard Tail","Potion Belt","Matryoshka","Velvet Choker","Pantograph","Anchor"],"potions_floor_usage":[12,14,16,25,28,28,33,33,36,50,50,50],"damage_taken":[{"damage":9,"enemies":"Jaw Worm","floor":1,"turns":4},{"damage":3,"enemies":"Small Slimes","floor":2,"turns":4},{"damage":42,"enemies":"Lagavulin","floor":6,"turns":7},{"damage":3,"enemies":"Cultist","floor":7,"turns":4},{"damage":30,"enemies":"Gremlin Nob","floor":10,"turns":5},{"damage":0,"enemies":"Gremlin Gang","floor":12,"turns":6},{"damage":0,"enemies":"Large Slime","floor":14,"turns":5},{"damage":12,"enemies":"Hexaghost","floor":16,"turns":7},{"damage":18,"enemies":"2 Thieves","floor":18,"turns":3},{"damage":4,"enemies":"Spheric Guardian","floor":19,"turns":3},{"damage":14,"enemies":"Cultist and Chosen","floor":21,"turns":5},{"damage":24,"enemies":"Centurion and Healer","floor":22,"turns":6},{"damage":11,"enemies":"Snecko","floor":24,"turns":4},{"damage":34,"enemies":"Book of Stabbing","floor":25,"turns":5},{"damage":18,"enemies":"Chosen and Byrds","floor":28,"turns":6},{"damage":29,"enemies":"Sentry and Sphere","floor":30,"turns":8},{"damage":124,"enemies":"Collector","floor":33,"turns":7},{"damage":9,"enemies":"Orb Walker","floor":35,"turns":2},{"damage":13,"enemies":"3 Darklings","floor":36,"turns":7},{"damage":28,"enemies":"Maw","floor":38,"turns":6},{"damage":35,"enemies":"Transient","floor":39,"turns":5},{"damage":47,"enemies":"3 Darklings","floor":41,"turns":9},{"damage":6,"enemies":"4 Shapes","floor":47,"turns":5},{"damage":30,"enemies":"Sphere and 2 Shapes","floor":48,"turns":5},{"damage":137,"enemies":"Awakened One","floor":50,"turns":10}],"seed_played":"-9126645410307711035","potions_obtained":[{"floor":6,"key":"Regen Potion"},{"floor":10,"key":"Regen Potion"},{"floor":12,"key":"Block Potion"},{"floor":14,"key":"Block Potion"},{"floor":18,"key":"LiquidBronze"},{"floor":24,"key":"AttackPotion"},{"floor":30,"key":"Strength Potion"},{"floor":35,"key":"Swift Potion"},{"floor":36,"key":"BloodPotion"},{"floor":39,"key":"Ancient Potion"},{"floor":41,"key":"Explosive Potion"}],"is_trial":false,"path_per_floor":["M","M","$","?","?","E","M","R","T","E","R","M","R","M","R","B",null,"M","M","?","M","M","R","M","E","T","R","M","R","M","$","R","B",null,"M","M","$","M","M","R","M","R","T","R","?","?","M","M","R","B",null],"character_chosen":"IRONCLAD","items_purchased":["Seeing Red","BloodPotion","Trip"],"campfire_rested":5,"item_purchase_floors":[31,31,37],"current_hp_per_floor":[85,88,88,70,70,34,37,63,63,39,39,60,60,66,66,60,88,76,78,78,83,65,65,60,36,36,77,79,79,56,56,88,34,88,85,81,81,73,44,87,94,94,94,94,94,94,94,73,97,20],"gold":164,"neow_bonus":"TEN_PERCENT_HP_BONUS","is_prod":false,"is_daily":false,"chose_seed":false,"campfire_upgraded":7,"win_rate":0,"timestamp":1568360522,"path_taken":["M","M","$","?","?","E","?","R","T","E","R","M","R","M","R","BOSS","M","?","?","M","M","R","M","E","T","R","?","R","M","$","R","BOSS","M","M","$","M","?","R","M","R","T","R","?","?","M","?","R","BOSS"],"build_version":"2019-07-17","purchased_purges":3,"victory":true,"max_hp_per_floor":[88,88,88,88,88,88,88,88,88,88,88,88,88,88,88,88,88,88,88,88,88,88,88,88,88,88,88,88,88,88,88,88,88,88,88,91,91,94,94,94,94,94,94,94,94,94,94,97,97,97],"card_choices":[{"not_picked":["Shrug It Off","Intimidate"],"picked":"Armaments","floor":1},{"not_picked":["Sever Soul","Iron Wave"],"picked":"Shrug It Off","floor":2},{"not_picked":["Clash","Burning Pact"],"picked":"Power Through","floor":6},{"not_picked":["True Grit","Clash"],"picked":"Cleave","floor":7},{"not_picked":["Dual Wield","Iron Wave"],"picked":"Spot Weakness","floor":10},{"not_picked":["Combust","Dark Embrace"],"picked":"Pummel","floor":12},{"not_picked":["Second Wind","Reckless Charge"],"picked":"Heavy Blade","floor":14},{"not_picked":["Limit Break","Bludgeon"],"picked":"Reaper","floor":16},{"not_picked":["Entrench","Pommel Strike+1"],"picked":"True Grit","floor":18},{"not_picked":["Perfected Strike","Sword Boomerang"],"picked":"Iron Wave","floor":19},{"not_picked":["Armaments+1","Blood for Blood"],"picked":"Dual Wield+1","floor":21},{"not_picked":["Infernal Blade","Feel No Pain"],"picked":"Shrug It Off","floor":22},{"not_picked":["True Grit","Sever Soul","Rage"],"picked":"SKIP","floor":24},{"not_picked":["Entrench","Rage+1"],"picked":"Sentinel+1","floor":25},{"not_picked":["Sword Boomerang","Burning Pact","Armaments"],"picked":"SKIP","floor":28},{"not_picked":["Sword Boomerang","Burning Pact","Armaments"],"picked":"SKIP","floor":28},{"not_picked":["Iron Wave","True Grit+1"],"picked":"Demon Form","floor":30},{"not_picked":["Exhume","Berserk"],"picked":"Feed","floor":33},{"not_picked":["Clothesline","Heavy Blade"],"picked":"Intimidate","floor":35},{"not_picked":["Headbutt+1","Heavy Blade+1"],"picked":"Evolve","floor":36},{"not_picked":["Heavy Blade","Blood for Blood"],"picked":"Flex","floor":38},{"not_picked":["Seeing Red","Reckless Charge"],"picked":"Bloodletting+1","floor":39},{"not_picked":["Clash+1","Hemokinesis+1"],"picked":"Carnage+1","floor":41},{"not_picked":["Flex+1","Sentinel"],"picked":"Inflame","floor":47},{"not_picked":["Havoc+1","Anger","Dropkick+1"],"picked":"SKIP","floor":48}],"player_experience":356294,"relics_obtained":[{"floor":6,"key":"Oddly Smooth Stone"},{"floor":9,"key":"Regal Pillow"},{"floor":10,"key":"PreservedInsect"},{"floor":25,"key":"Potion Belt"},{"floor":26,"key":"Matryoshka"},{"floor":43,"key":"Pantograph"},{"floor":43,"key":"Anchor"}],"event_choices":[{"damage_healed":0,"gold_gain":0,"player_choice":"Success","damage_taken":18,"relics_obtained":["Orichalcum"],"max_hp_gain":0,"max_hp_loss":0,"event_name":"Scrap Ooze","floor":4,"gold_loss":0},{"damage_healed":0,"gold_gain":0,"player_choice":"Paid Gold","damage_taken":0,"relics_obtained":["Pocketwatch"],"max_hp_gain":0,"max_hp_loss":0,"event_name":"WeMeetAgain","floor":5,"gold_loss":51},{"damage_healed":0,"gold_gain":0,"player_choice":"Bet on Murderer","damage_taken":0,"max_hp_gain":0,"max_hp_loss":0,"event_name":"The Joust","floor":20,"gold_loss":50},{"damage_healed":0,"gold_gain":0,"player_choice":"Ignored","damage_taken":0,"max_hp_gain":0,"max_hp_loss":0,"event_name":"Mysterious Sphere","floor":45,"gold_loss":0},{"damage_healed":0,"gold_gain":0,"player_choice":"2 cards matched","damage_taken":0,"max_hp_gain":0,"max_hp_loss":0,"event_name":"Match and Keep!","floor":46,"gold_loss":0,"cards_obtained":["Finesse","Battle Trance"]}],"is_beta":false,"boss_relics":[{"not_picked":["Astrolabe","Coffee Dripper"],"picked":"Lizard Tail"},{"not_picked":["Philosopher\u0027s Stone","White Beast Statue"],"picked":"Velvet Choker"}],"items_purged_floors":[3,31,37],"is_endless":false,"potions_floor_spawned":[6,10,12,14,18,24,30,35,36,39,41],"ascension_level":0}