{"gold_per_floor":[363,363,378,398,416,416,7,36,60,60,60,60,74,18,18,91,91,109,109],"floor_reached":19,"playtime":675,"items_purged":[],"score":326,"play_id":"51a682fb-bcd2-4c15-8e2e-fffd1b99e150","local_time":"20190905230133","is_ascension_mode":true,"campfire_choices":[{"floor":6.0,"key":"REST"},{"data":"Apotheosis","floor":11.0,"key":"SMITH"},{"floor":15,"key":"REST"}],"neow_cost":"PERCENT_DAMAGE","seed_source_timestamp":12332587989900,"circlet_count":0,"master_deck":["AscendersBane","Strike_B","Strike_B","Strike_B","Strike_B","Defend_B","Defend_B+1","Defend_B","Defend_B+1","Zap+1","Dualcast","Rebound","Loop","Ball Lightning","Capacitor","Ball Lightning","Apotheosis+1","Barrage","Conserve Battery","Electrodynamics"],"special_seed":0,"relics":["Cracked Core","Omamori","War Paint","Runic Dome"],"potions_floor_usage":[16],"damage_taken":[{"damage":7.0,"enemies":"Small Slimes","floor":1.0,"turns":4.0},{"damage":7.0,"enemies":"Jaw Worm","floor":3.0,"turns":3.0},{"damage":5.0,"enemies":"2 Louse","floor":4.0,"turns":2.0},{"damage":16.0,"enemies":"Lots of Slimes","floor":5.0,"turns":4.0},{"damage":11.0,"enemies":"Gremlin Nob","floor":8.0,"turns":3.0},{"damage":16,"enemies":"3 Louse","floor":13,"turns":3},{"damage":24,"enemies":"The Guardian","floor":16,"turns":9},{"damage":18,"enemies":"Chosen","floor":18,"turns":4},{"damage":41,"enemies":"Shell Parasite","floor":19,"turns":4}],"seed_played":"-1269049139887659658","potions_obtained":[{"floor":3.0,"key":"FearPotion"},{"floor":4.0,"key":"Energy Potion"}],"is_trial":false,"path_per_floor":["M","?","M","M","M","R","$","E","T","$","R","?","M","$","R","B",null,"M","M"],"character_chosen":"DEFECT","items_purchased":["Capacitor","Ball Lightning","Apotheosis","PowerPotion","Barrage","Fire Potion"],"campfire_rested":2,"item_purchase_floors":[7,7,7,7,7,14],"current_hp_per_floor":[39,39,32,27,11,32,32,21,21,21,21,21,5,5,26,2,54,36,0],"gold":109,"neow_bonus":"TWO_FIFTY_GOLD","is_prod":false,"is_daily":false,"chose_seed":false,"campfire_upgraded":1,"win_rate":0,"timestamp":1567749693,"path_taken":["M","?","M","M","M","R","$","E","T","?","R","?","M","$","R","BOSS","M","M"],"build_version":"2019-07-17","purchased_purges":0,"victory":false,"max_hp_per_floor":[71,71,71,71,71,71,71,71,71,71,71,71,71,71,71,71,71,71,71],"card_choices":[{"not_picked":["Leap","Steam Power"],"picked":"Rebound","floor":1.0},{"not_picked":["Heatsinks","Doom and Gloom"],"picked":"Loop","floor":3.0},{"not_picked":["Stack","Hello World","Steam"],"picked":"SKIP","floor":4.0},{"not_picked":["Hologram","Stack"],"picked":"Ball Lightning","floor":5.0},{"not_picked":["Stack","Skim","Turbo"],"picked":"SKIP","floor":8.0},{"not_picked":["Redo","Sweeping Beam"],"picked":"Conserve Battery","floor":13},{"not_picked":["Thunder Strike","Fission"],"picked":"Electrodynamics","floor":16},{"not_picked":["Gash","Hello World+1","Ball Lightning"],"picked":"SKIP","floor":18}],"player_experience":838690,"relics_obtained":[{"floor":8.0,"key":"Omamori"},{"floor":9.0,"key":"War Paint"}],"event_choices":[{"damage_healed":0.0,"max_hp_gain":0.0,"max_hp_loss":0.0,"gold_gain":0.0,"event_name":"Living Wall","player_choice":"Grow","floor":2.0,"gold_loss":0.0,"damage_taken":0.0,"cards_upgraded":["Zap"]},{"damage_healed":0,"gold_gain":0,"player_choice":"Searched \u00270\u0027 times","damage_taken":0,"max_hp_gain":0,"max_hp_loss":0,"event_name":"Dead Adventurer","floor":12,"gold_loss":0}],"is_beta":false,"boss_relics":[{"not_picked":["Snecko Eye","Tiny House"],"picked":"Runic Dome"}],"items_purged_floors":[],"is_endless":false,"potions_floor_spawned":[3,4],"killed_by":"Shell Parasite","ascension_level":19}