{"gold_per_floor":[211,18,31,31,47,47,67,83,106,106,118,105,105,121,121,121],"floor_reached":16,"playtime":1027,"items_purged":[],"score":96,"play_id":"edfa30fb-46a3-411e-af8b-065b8ca1e70e","local_time":"20190812104332","is_ascension_mode":false,"campfire_choices":[{"data":"Malaise","floor":6,"key":"SMITH"},{"floor":15,"key":"REST"}],"neow_cost":"NONE","seed_source_timestamp":1095764430433939,"circlet_count":0,"master_deck":["Strike_G","Strike_G","Strike_G","Strike_G","Strike_G","Defend_G","Defend_G","Defend_G","Defend_G","Defend_G","Survivor","Neutralize","Noxious Fumes","Dagger Spray","Malaise+1","Infinite Blades","Deadly Poison","Poisoned Stab","Footwork","Deadly Poison","Dash","Finisher"],"relics":["Ring of the Snake","Cauldron","Potion Belt","Art of War"],"potions_floor_usage":[],"damage_taken":[{"damage":2,"enemies":"Small Slimes","floor":1,"turns":4},{"damage":1,"enemies":"Cultist","floor":3,"turns":5},{"damage":0,"enemies":"2 Louse","floor":5,"turns":2},{"damage":14,"enemies":"Red Slaver","floor":7,"turns":5},{"damage":5,"enemies":"Looter","floor":8,"turns":4},{"damage":6,"enemies":"Blue Slaver","floor":11,"turns":4},{"damage":12,"enemies":"Exordium Thugs","floor":12,"turns":4},{"damage":13,"enemies":"Lots of Slimes","floor":14,"turns":3},{"damage":39,"enemies":"The Guardian","floor":16,"turns":6}],"seed_played":"6962317035499559717","potions_obtained":[{"floor":1,"key":"GhostInAJar"},{"floor":2,"key":"SpeedPotion"},{"floor":2,"key":"GamblersBrew"},{"floor":14,"key":"GhostInAJar"}],"is_trial":false,"path_per_floor":["M","$","M","?","M","R","M","M","T","?","M","M","?","M","R","B"],"character_chosen":"THE_SILENT","items_purchased":["Cauldron"],"campfire_rested":1,"item_purchase_floors":[2],"current_hp_per_floor":[68,68,67,67,67,67,53,48,48,48,42,30,30,17,38,0],"gold":121,"neow_bonus":"HUNDRED_GOLD","is_prod":false,"is_daily":false,"chose_seed":false,"campfire_upgraded":1,"win_rate":0.0,"timestamp":1565624612,"path_taken":["M","$","M","?","M","R","M","?","T","?","M","?","?","?","R","BOSS"],"build_version":"2019-07-17","purchased_purges":0,"victory":false,"max_hp_per_floor":[70,70,70,70,70,70,70,70,70,70,70,70,70,70,70,70],"card_choices":[{"not_picked":["Calculated Gamble","Flying Knee"],"picked":"Noxious Fumes","floor":1},{"not_picked":["Blade Dance","Prepared"],"picked":"Dagger Spray","floor":3},{"not_picked":["Deflect","Sucker Punch"],"picked":"Deadly Poison","floor":5},{"not_picked":["Quick Slash","Dagger Spray"],"picked":"Poisoned Stab","floor":7},{"not_picked":["Sucker Punch","Dagger Spray"],"picked":"Footwork","floor":8},{"not_picked":["Bane","Slice"],"picked":"Deadly Poison","floor":11},{"not_picked":["Bane","Cloak And Dagger"],"picked":"Dash","floor":12},{"not_picked":["Poisoned Stab","Cloak And Dagger"],"picked":"Finisher","floor":14}],"player_experience":150289,"relics_obtained":[{"floor":9,"key":"Potion Belt"},{"floor":13,"key":"Art of War"}],"event_choices":[{"damage_healed":0,"gold_gain":0,"player_choice":"2 cards matched","damage_taken":0,"max_hp_gain":0,"max_hp_loss":0,"event_name":"Match and Keep!","floor":4,"gold_loss":0,"cards_obtained":["Malaise","Infinite Blades"]},{"damage_healed":0,"gold_gain":0,"player_choice":"Ignored","damage_taken":0,"max_hp_gain":0,"max_hp_loss":0,"event_name":"NoteForYourself","floor":10,"gold_loss":0},{"damage_healed":0,"gold_gain":0,"player_choice":"Relic","damage_taken":0,"max_hp_gain":0,"max_hp_loss":0,"event_name":"Wheel of Change","floor":13,"gold_loss":0}],"is_beta":false,"boss_relics":[],"items_purged_floors":[],"is_endless":false,"potions_floor_spawned":[1,8,14],"killed_by":"The Guardian","ascension_level":0}