{"gold_per_floor":[115,115,128,128,128,128,128,147,147,147,163,163,182,182,182,182],"floor_reached":16,"playtime":986,"items_purged":[],"score":90,"play_id":"465d4c19-5bd3-4eb8-ab09-a846668baf61","local_time":"20190815184532","is_ascension_mode":false,"campfire_choices":[{"floor":6,"key":"REST"},{"data":"Backflip","floor":10,"key":"SMITH"},{"data":"Deflect","floor":12,"key":"SMITH"},{"data":"Concentrate","floor":15,"key":"SMITH"}],"neow_cost":"TEN_PERCENT_HP_LOSS","seed_source_timestamp":1383924903113697,"circlet_count":0,"master_deck":["Strike_G","Strike_G","Strike_G","Strike_G","Defend_G","Defend_G","Defend_G","Survivor","Neutralize+1","Deflect+1","Reflex+1","Backflip+1","Noxious Fumes","Concentrate+1","Regret"],"relics":["Ring of the Snake","Pantograph","Vajra"],"potions_floor_usage":[16,16],"damage_taken":[{"damage":0,"enemies":"Jaw Worm","floor":1,"turns":5},{"damage":1,"enemies":"Cultist","floor":3,"turns":4},{"damage":0,"enemies":"2 Louse","floor":8,"turns":3},{"damage":10,"enemies":"Exordium Wildlife","floor":11,"turns":7},{"damage":0,"enemies":"2 Fungi Beasts","floor":13,"turns":5},{"damage":68,"enemies":"Slime Boss","floor":16,"turns":10}],"seed_played":"3855070228529061514","potions_obtained":[{"floor":1,"key":"AttackPotion"},{"floor":3,"key":"PowerPotion"},{"floor":13,"key":"SneckoOil"}],"is_trial":false,"path_per_floor":["M","?","M","?","$","R","$","M","T","R","M","R","M","?","R","B"],"character_chosen":"THE_SILENT","items_purchased":[],"campfire_rested":1,"item_purchase_floors":[],"current_hp_per_floor":[63,63,62,49,49,63,63,63,63,63,53,53,53,53,53,0],"gold":182,"neow_bonus":"REMOVE_TWO","is_prod":false,"is_daily":false,"chose_seed":false,"campfire_upgraded":3,"win_rate":0.0,"timestamp":1565912732,"path_taken":["M","?","?","?","$","R","?","M","T","R","M","R","M","?","R","BOSS"],"build_version":"2019-07-17","purchased_purges":0,"victory":false,"max_hp_per_floor":[63,63,63,63,63,63,63,63,63,63,63,63,63,63,63,63],"card_choices":[{"not_picked":["Tactician","Quick Slash"],"picked":"Deflect","floor":1},{"not_picked":["Bane","Deadly Poison"],"picked":"Reflex","floor":3},{"not_picked":["Caltrops","Deflect"],"picked":"Backflip","floor":8},{"not_picked":["Poisoned Stab","Choke"],"picked":"Noxious Fumes","floor":11},{"not_picked":["Infinite Blades","Quick Slash"],"picked":"Concentrate","floor":13}],"player_experience":173626,"relics_obtained":[{"floor":9,"key":"Pantograph"}],"event_choices":[{"cards_removed":["Defend_G"],"damage_healed":0,"gold_gain":0,"player_choice":"Purged","damage_taken":0,"max_hp_gain":0,"max_hp_loss":0,"event_name":"Purifier","floor":2,"gold_loss":0},{"damage_healed":0,"gold_gain":0,"player_choice":"Entered Light","damage_taken":13,"max_hp_gain":0,"max_hp_loss":0,"event_name":"Shining Light","floor":4,"gold_loss":0,"cards_upgraded":["Reflex","Neutralize"]},{"damage_healed":0,"gold_gain":0,"player_choice":"Box","damage_taken":0,"relics_obtained":["Vajra"],"max_hp_gain":0,"max_hp_loss":0,"event_name":"Big Fish","floor":14,"gold_loss":0,"cards_obtained":["Regret"]}],"is_beta":false,"boss_relics":[],"items_purged_floors":[],"is_endless":false,"potions_floor_spawned":[1,3,13],"killed_by":"Slime Boss","ascension_level":0}