{"gold_per_floor":[109,109,120,137,137,137,15,15,15,44,44,44,61,75,75,174,174,191,106,124,124,142,142,142,142,142,173,173,183,63,63,63,168,168,180,199,218,218,218,218,228,228,228,99,116,116,135,150,150,150],"floor_reached":51,"playtime":1559,"items_purged":["Defend_R"],"score":790,"play_id":"558113a7-93fa-4949-a92e-6eef181514f0","local_time":"20180907215246","is_ascension_mode":true,"campfire_choices":[{"data":"Bash","floor":6.0,"key":"SMITH"},{"data":"Twin Strike","floor":8.0,"key":"SMITH"},{"data":"Inflame","floor":11.0,"key":"SMITH"},{"floor":15.0,"key":"REST"},{"floor":23.0,"key":"REST"},{"data":"RitualDagger","floor":25.0,"key":"SMITH"},{"data":"Immolate","floor":28.0,"key":"SMITH"},{"floor":32.0,"key":"REST"},{"data":"Cleave","floor":40.0,"key":"SMITH"},{"data":"Clash","floor":42.0,"key":"SMITH"},{"data":"Inflame","floor":46.0,"key":"SMITH"},{"floor":49.0,"key":"REST"}],"neow_cost":"NONE","seed_source_timestamp":79819686393462,"circlet_count":0,"master_deck":["Strike_R","Strike_R","Strike_R","Strike_R","Defend_R","Defend_R","Defend_R","Bash+1","Twin Strike+1","Inflame+1","Twin Strike+1","Immolate+1","Double Tap+1","RitualDagger+1","Flex+1","Cleave+1","Flex+1","Writhe","Feed","Clothesline+1","Pommel Strike+1","Intimidate+1","Clash+1","Pummel+1","Immolate+1","Clash+1","Flex+1","Inflame+1","Uppercut+1","Headbutt+1","Clash"],"special_seed":0,"relics":["Burning Blood","Toxic Egg 2","Bronze Scales","Velvet Choker","Orichalcum","Ornamental Fan","Kunai","Juzu Bracelet","Gambling Chip","Orrery","Mercury Hourglass"],"potions_floor_usage":[50,50],"damage_taken":[{"damage":0.0,"enemies":"Small Slimes","floor":1.0,"turns":4.0},{"damage":1.0,"enemies":"Cultist","floor":3.0,"turns":3.0},{"damage":11.0,"enemies":"Jaw Worm","floor":4.0,"turns":4.0},{"damage":24.0,"enemies":"Gremlin Nob","floor":10.0,"turns":4.0},{"damage":11.0,"enemies":"Looter","floor":13.0,"turns":2.0},{"damage":8.0,"enemies":"Red Slaver","floor":14.0,"turns":3.0},{"damage":12.0,"enemies":"Slime Boss","floor":16.0,"turns":6.0},{"damage":12.0,"enemies":"3 Byrds","floor":18.0,"turns":2.0},{"damage":16.0,"enemies":"Shell Parasite","floor":20.0,"turns":3.0},{"damage":24.0,"enemies":"Snake Plant","floor":22.0,"turns":3.0},{"damage":28.0,"enemies":"Gremlin Leader","floor":27.0,"turns":7.0},{"damage":10.0,"enemies":"Centurion and Healer","floor":29.0,"turns":2.0},{"damage":73.0,"enemies":"Champ","floor":33.0,"turns":6.0},{"damage":21.0,"enemies":"3 Darklings","floor":35.0,"turns":3.0},{"damage":7.0,"enemies":"3 Shapes","floor":36.0,"turns":3.0},{"damage":0.0,"enemies":"Reptomancer","floor":37.0,"turns":2.0},{"damage":4.0,"enemies":"3 Darklings","floor":41.0,"turns":3.0},{"damage":12.0,"enemies":"Transient","floor":45.0,"turns":5.0},{"damage":28.0,"enemies":"Maw","floor":47.0,"turns":5.0},{"damage":17.0,"enemies":"Spire Growth","floor":48.0,"turns":3.0},{"damage":72,"enemies":"Time Eater","floor":50,"turns":7}],"seed_played":"-3857527262942124152","potions_obtained":[{"floor":3.0,"key":"Fruit Juice"},{"floor":13.0,"key":"Strength Potion"},{"floor":16.0,"key":"Fire Potion"},{"floor":20.0,"key":"Energy Potion"},{"floor":36.0,"key":"LiquidBronze"},{"floor":37.0,"key":"BloodPotion"}],"is_trial":false,"path_per_floor":["M","?","M","M","?","R","$","R","T","E","R","?","M","M","R","B",null,"M","?","M","?","M","R","T","R","T","E","R","M","$","?","R","B",null,"M","M","M","?","?","R","M","R","T","$","M","R","M","M","R","B"],"character_chosen":"IRONCLAD","items_purchased":["Inflame","Twin Strike","Flex+1","Flex+1","Inflame"],"campfire_rested":4,"item_purchase_floors":[7,7,30,44,44],"current_hp_per_floor":[88,88,88,83,83,83,83,83,83,65,65,65,60,58,84,78,88,82,82,72,66,48,74,74,74,74,57,57,53,53,53,80,13,93,78,77,83,83,83,83,85,85,85,85,87,87,65,54,81,15],"gold":150,"neow_bonus":"TEN_PERCENT_HP_BONUS","is_prod":false,"is_daily":false,"chose_seed":false,"campfire_upgraded":8,"win_rate":0,"timestamp":1536371566,"path_taken":["M","?","M","M","?","R","$","R","T","E","R","?","M","M","R","BOSS","M","?","M","?","M","R","?","R","T","E","R","M","$","?","R","BOSS","M","M","M","?","?","R","M","R","T","$","M","R","M","M","R","BOSS"],"build_version":"2018-09-06","purchased_purges":1,"victory":true,"max_hp_per_floor":[88,88,88,88,88,88,88,88,88,88,88,88,88,88,88,88,88,88,88,88,88,88,88,88,88,88,93,93,93,93,93,93,93,93,93,93,93,93,93,93,93,93,93,93,93,93,93,93,93,93],"card_choices":[{"not_picked":["Shrug It Off","Headbutt"],"picked":"Twin Strike","floor":1.0},{"not_picked":["Shockwave","Wild Strike","Clothesline"],"picked":"SKIP","floor":3.0},{"not_picked":["Shrug It Off","Heavy Blade","Headbutt"],"picked":"SKIP","floor":4.0},{"not_picked":["Dark Embrace","Carnage","Body Slam"],"picked":"SKIP","floor":10.0},{"not_picked":["Pummel","Headbutt","Body Slam"],"picked":"SKIP","floor":13.0},{"not_picked":["Metallicize","Fiend Fire","Carnage"],"picked":"SKIP","floor":14.0},{"not_picked":["Offering+1","Demon Form"],"picked":"Immolate","floor":16.0},{"not_picked":["Thunderclap","Anger"],"picked":"Sword Boomerang+1","floor":18.0},{"not_picked":["Armaments+1","Body Slam+1"],"picked":"Double Tap+1","floor":20.0},{"not_picked":["Wild Strike","Second Wind+1","Reckless Charge"],"picked":"SKIP","floor":22.0},{"not_picked":["Pommel Strike","Clash"],"picked":"Flex+1","floor":27.0},{"not_picked":["Iron Wave","Armaments+1"],"picked":"Cleave","floor":29.0},{"not_picked":["Brutality","Dark Embrace"],"picked":"Feed","floor":33.0},{"not_picked":["True Grit+1","Rage+1"],"picked":"Clothesline+1","floor":34.0},{"not_picked":["Reckless Charge+1","Thunderclap+1"],"picked":"Pommel Strike+1","floor":34.0},{"not_picked":["Bloodletting+1","Hemokinesis"],"picked":"Intimidate+1","floor":34.0},{"not_picked":["Body Slam+1","Clothesline","Second Wind+1"],"picked":"SKIP","floor":35.0},{"not_picked":["Offering+1","Warcry+1"],"picked":"Clash+1","floor":36.0},{"not_picked":["Metallicize","Body Slam+1"],"picked":"Pummel+1","floor":37.0},{"not_picked":["Sword Boomerang","Metallicize"],"picked":"Clash","floor":41.0},{"not_picked":["True Grit+1","Sword Boomerang"],"picked":"Uppercut+1","floor":45.0},{"not_picked":["Sword Boomerang","Anger+1"],"picked":"Headbutt+1","floor":47.0},{"not_picked":["Armaments+1","Seeing Red+1"],"picked":"Clash","floor":48.0}],"player_experience":202175,"relics_obtained":[{"floor":9.0,"key":"Toxic Egg 2"},{"floor":10.0,"key":"Bronze Scales"},{"floor":24.0,"key":"Ornamental Fan"},{"floor":26.0,"key":"Kunai"},{"floor":27.0,"key":"Juzu Bracelet"},{"floor":43.0,"key":"Mercury Hourglass"}],"event_choices":[{"event_name":"Bonfire Elementals","player_choice":"BASIC","floor":2.0,"damage_taken":0.0},{"event_name":"Living Wall","player_choice":"Grow","floor":5.0,"damage_taken":0.0},{"event_name":"Shining Light","player_choice":"Ignored","floor":12.0,"damage_taken":0.0},{"event_name":"Addict","player_choice":"Obtained Relic","floor":19.0,"damage_taken":0.0},{"event_name":"Nest","player_choice":"Joined the Cult","floor":21.0,"damage_taken":0.0},{"event_name":"The Mausoleum","player_choice":"Yes","floor":31.0,"damage_taken":0.0},{"event_name":"Duplicator","player_choice":"One dupe","floor":38.0,"damage_taken":0.0},{"event_name":"Falling","player_choice":"Removed Attack","floor":39.0,"damage_taken":0.0}],"is_beta":false,"boss_relics":[{"not_picked":["Astrolabe","Eternal Feather"],"picked":"Velvet Choker"},{"not_picked":["Runic Dome","Calling Bell"],"picked":"Orrery"}],"items_purged_floors":[30],"is_endless":false,"potions_floor_spawned":[3,13,16,20,22,36,37,41],"ascension_level":4}