{"path_per_floor":["M","$","?","?","M","E","M","R","T","M","R","M","R","M","R","B",null,"M","$","?","?","?","E","M","$","T","?"],"character_chosen":"IRONCLAD","items_purchased":["Blind","Anger","Regal Pillow","Dual Wield"],"gold_per_floor":[217,27,27,27,50,88,106,106,106,124,124,143,143,159,159,284,284,298,44,44,44,44,79,95,56,82,82],"floor_reached":28,"campfire_rested":0,"playtime":3588,"current_hp_per_floor":[75,75,55,55,61,57,63,63,63,66,66,74,74,80,80,54,83,50,50,50,50,50,29,24,24,24,24],"items_purged":["Bash","Defend_R"],"gold":82,"play_id":"3042aae2-76f0-42a7-9e2a-5980dcd7e74f","is_prod":false,"is_daily":false,"is_ascension_mode":false,"campfire_upgraded":3,"path_taken":["M","$","?","?","M","E","M","R","T","M","R","M","R","M","R","BOSS","M","$","?","?","?","E","M","$","T","?","?"],"build_version":"2018-02-01-PROD3","purchased_purges":2,"victory":false,"master_deck":["Strike_R","Strike_R","Strike_R","Strike_R","Defend_R","Defend_R","Defend_R","Pummel","Blind+1","Anger","Shrug It Off+1","Infernal Blade+1","Fire Breathing+1","Offering","Battle Trance","Dual Wield+1"],"max_hp_per_floor":[80,80,80,80,80,80,80,80,80,80,80,83,83,83,83,83,83,83,83,83,83,83,83,83,83,83,83],"relics":["Burning Blood","Golden Idol","Anchor","Girya","Eternal Feather","Regal Pillow","Pen Nib","Paper Frog","Ancient Tea Set"],"card_choices":[{"not_picked":["Evolve","Wild Strike"],"picked":"Pummel"},{"not_picked":["Pommel Strike","Clash"],"picked":"Shrug It Off"},{"not_picked":["Combust","Rupture"],"picked":"Infernal Blade"},{"not_picked":["Twin Strike","Wild Strike"],"picked":"Fire Breathing"},{"not_picked":["Berserk","Impervious"],"picked":"Offering"},{"not_picked":["Fire Breathing","Twin Strike"],"picked":"Battle Trance"}],"player_experience":136385,"potions_floor_usage":[6,6,14,18,24],"damage_taken":[{"damage":11,"enemies":"Jaw Worm","floor":1,"turns":5},{"damage":0,"enemies":"2 Louse","floor":5,"turns":4},{"damage":10,"enemies":"3 Sentries","floor":6,"turns":12},{"damage":0,"enemies":"Cultist","floor":7,"turns":4},{"damage":3,"enemies":"Red Slaver","floor":10,"turns":4},{"damage":1,"enemies":"Exordium Thugs","floor":12,"turns":4},{"damage":0,"enemies":"Large Slime","floor":14,"turns":3},{"damage":32,"enemies":"Slime Boss","floor":16,"turns":15},{"damage":39,"enemies":"Spheric Guardian","floor":18,"turns":6},{"damage":27,"enemies":"Slavers","floor":23,"turns":7},{"damage":11,"enemies":"Shell Parasite","floor":24,"turns":4},{"damage":59,"enemies":"Cultist and Chosen","floor":28,"turns":7}],"event_choices":[{"event_name":"Golden Idol","player_choice":"Take Damage","floor":3,"damage_taken":0},{"event_name":"Bonfire Elementals","player_choice":"BASIC","floor":4,"damage_taken":0},{"event_name":"Upgrade Shrine","player_choice":"Upgraded","floor":20,"damage_taken":0},{"event_name":"Drug Dealer","player_choice":"Ignored","floor":21,"damage_taken":0},{"event_name":"The Mausoleum","player_choice":"Yes","floor":22,"damage_taken":0},{"event_name":"Accursed Blacksmith","player_choice":"Forge","floor":27,"damage_taken":0}],"boss_relics":[{"not_picked":["Cursed Key","Runic Cube"],"picked":"Eternal Feather"}],"potions_floor_spawned":[1,5,10,16,23],"seed_played":"4219888420689618057","killed_by":"Cultist and Chosen","ascension_level":0,"is_trial":false}