{"gold_per_floor":[117,117,67,97,117,117,117,151,175,187,198,198,211,226,226,325,325,348,348,270,104,104],"floor_reached":22,"playtime":849,"items_purged":["Regret"],"score":248,"play_id":"759daf70-f308-4b7d-83db-d7b35efeb5cf","local_time":"20180831220730","is_ascension_mode":true,"campfire_choices":[{"data":"Perfected Strike","floor":6,"key":"SMITH"},{"floor":12,"key":"REST"},{"floor":15,"key":"REST"}],"neow_cost":"CURSE","seed_source_timestamp":186101184352168,"circlet_count":0,"master_deck":["Strike_R+1","Strike_R","Strike_R","Strike_R","Strike_R","Defend_R","Defend_R","Defend_R","Defend_R","Bash+1","Thunderclap","Perfected Strike+1","Flex","Seeing Red","Twin Strike","Flex","Limit Break","Decay","Perfected Strike","Immolate"],"relics":["Burning Blood","Tiny Chest","Kunai","Potion Belt","Bag of Marbles","Calling Bell","MawBank","The Courier","Peace Pipe"],"potions_floor_usage":[16,22,22],"damage_taken":[{"damage":13,"enemies":"Jaw Worm","floor":1,"turns":5},{"damage":12,"enemies":"Small Slimes","floor":5,"turns":2},{"damage":45,"enemies":"Lagavulin","floor":8,"turns":6},{"damage":0,"enemies":"2 Louse","floor":10,"turns":2},{"damage":0,"enemies":"Blue Slaver","floor":11,"turns":1},{"damage":0,"enemies":"Gremlin Gang","floor":13,"turns":3},{"damage":11,"enemies":"Looter","floor":14,"turns":2},{"damage":73,"enemies":"The Guardian","floor":16,"turns":8},{"damage":26,"enemies":"Chosen","floor":18,"turns":5},{"damage":40,"enemies":"2 Thieves","floor":19,"turns":4},{"damage":57,"enemies":"Cultist and Chosen","floor":22,"turns":5}],"seed_played":"-1955774831634372110","potions_obtained":[{"floor":5,"key":"Energy Potion"},{"floor":10,"key":"Block Potion"},{"floor":11,"key":"GamblersBrew"},{"floor":16,"key":"Ancient Potion"},{"floor":18,"key":"Regen Potion"}],"is_trial":false,"path_per_floor":["M","?","?","?","M","R","T","E","T","M","M","R","M","M","R","B",null,"M","M","?","$"],"character_chosen":"IRONCLAD","items_purchased":["Immolate"],"campfire_rested":2,"item_purchase_floors":[21],"current_hp_per_floor":[89,89,89,77,71,71,71,32,32,38,44,72,78,73,96,29,96,76,42,42,42,0],"gold":104,"neow_bonus":"TWENTY_PERCENT_HP_BONUS","is_prod":false,"is_daily":false,"chose_seed":false,"campfire_upgraded":1,"win_rate":0,"timestamp":1535767650,"path_taken":["M","?","?","?","M","R","?","E","T","M","M","R","M","?","R","BOSS","M","M","?","$","M"],"build_version":"2018-08-30","purchased_purges":1,"victory":false,"max_hp_per_floor":[96,96,96,96,96,96,96,96,96,96,96,96,96,96,96,96,96,96,96,96,96,96],"card_choices":[{"not_picked":["Clothesline","Iron Wave"],"picked":"Thunderclap","floor":1},{"not_picked":["Heavy Blade","Twin Strike"],"picked":"Perfected Strike","floor":5},{"not_picked":["Power Through","Armaments"],"picked":"Flex","floor":8},{"not_picked":["Armaments","Iron Wave"],"picked":"Seeing Red","floor":10},{"not_picked":["Shrug It Off","Iron Wave"],"picked":"Twin Strike","floor":11},{"not_picked":["True Grit","Evolve"],"picked":"Flex","floor":13},{"not_picked":["Wild Strike","Combust","Havoc"],"picked":"SKIP","floor":14},{"not_picked":["Feed","Exhume"],"picked":"Limit Break","floor":16},{"not_picked":["Iron Wave","Thunderclap+1"],"picked":"Perfected Strike","floor":18},{"not_picked":["Cleave","Wild Strike","Blood for Blood"],"picked":"SKIP","floor":19}],"player_experience":197200,"relics_obtained":[{"floor":7,"key":"Kunai"},{"floor":8,"key":"Potion Belt"},{"floor":9,"key":"Bag of Marbles"},{"floor":17,"key":"MawBank"},{"floor":17,"key":"The Courier"},{"floor":17,"key":"Peace Pipe"}],"event_choices":[{"event_name":"Living Wall","player_choice":"Grow","floor":2,"damage_taken":0},{"event_name":"The Cleric","player_choice":"Card Removal","floor":3,"damage_taken":0},{"event_name":"Scrap Ooze","player_choice":"success","floor":4,"damage_taken":12},{"event_name":"Designer","player_choice":"Full Service","floor":20,"damage_taken":0}],"is_beta":false,"boss_relics":[{"not_picked":["Runic Dome","Ectoplasm"],"picked":"Calling Bell"}],"items_purged_floors":[21],"is_endless":false,"potions_floor_spawned":[5,10,11,16,18],"killed_by":"Cultist and Chosen","ascension_level":4}