{"gold_per_floor":[119,135,148,165,183,214,214,242,242,255,269,279,291,304,304,304],"floor_reached":16,"playtime":962,"items_purged":[],"score":120,"play_id":"f1ea0b72-dfbe-43ef-bd53-3fc80a87ed33","local_time":"20180721231645","is_ascension_mode":false,"campfire_choices":[{"data":"Flex","floor":7,"key":"SMITH"},{"data":"Flex","floor":15,"key":"SMITH"}],"neow_cost":"NONE","seed_source_timestamp":700807150475899,"circlet_count":0,"master_deck":["Strike_R","Strike_R","Strike_R","Strike_R","Strike_R","Defend_R","Defend_R","Defend_R","Defend_R","Bash","Clash","Pummel","Sword Boomerang","Clash","Flex+1","Headbutt","Pommel Strike","Pummel","Flex+1","Rage"],"relics":["Burning Blood","Dream Catcher","Ancient Tea Set","Pen Nib","Bag of Marbles"],"potions_floor_usage":[6,8,8],"damage_taken":[{"damage":6,"enemies":"Cultist","floor":1,"turns":3},{"damage":10,"enemies":"Small Slimes","floor":2,"turns":4},{"damage":13,"enemies":"Jaw Worm","floor":3,"turns":3},{"damage":0,"enemies":"Large Slime","floor":4,"turns":4},{"damage":5,"enemies":"Exordium Thugs","floor":5,"turns":4},{"damage":24,"enemies":"3 Sentries","floor":6,"turns":6},{"damage":8,"enemies":"Lagavulin","floor":8,"turns":3},{"damage":2,"enemies":"3 Louse","floor":10,"turns":3},{"damage":11,"enemies":"Red Slaver","floor":11,"turns":3},{"damage":14,"enemies":"Blue Slaver","floor":12,"turns":3},{"damage":0,"enemies":"Large Slime","floor":13,"turns":2},{"damage":0,"enemies":"2 Fungi Beasts","floor":14,"turns":1},{"damage":62,"enemies":"The Guardian","floor":16,"turns":6}],"seed_played":"8390737286541253230","potions_obtained":[{"floor":1,"key":"LiquidBronze"},{"floor":3,"key":"Strength Potion"},{"floor":6,"key":"PowerPotion"},{"floor":8,"key":"AttackPotion"},{"floor":13,"key":"AttackPotion"}],"is_trial":false,"path_per_floor":["M","M","M","M","M","E","R","E","T","M","M","M","M","M","R"],"character_chosen":"IRONCLAD","items_purchased":[],"campfire_rested":0,"item_purchase_floors":[],"current_hp_per_floor":[80,76,69,75,76,58,58,56,56,60,55,47,53,59,59,0],"gold":304,"neow_bonus":"RANDOM_COMMON_RELIC","is_prod":false,"is_daily":false,"chose_seed":false,"campfire_upgraded":2,"win_rate":0.0,"timestamp":1532229405,"path_taken":["M","M","M","M","M","E","R","E","T","M","?","M","M","M","R","BOSS"],"build_version":"2018-07-19v2","purchased_purges":0,"victory":false,"max_hp_per_floor":[80,80,80,80,80,80,80,80,80,80,80,80,80,80,80,80],"card_choices":[{"not_picked":["Dual Wield","Dropkick"],"picked":"Clash","floor":1},{"not_picked":["Second Wind","Cleave"],"picked":"Pummel","floor":2},{"not_picked":["Thunderclap","Dropkick"],"picked":"Sword Boomerang","floor":3},{"not_picked":["Barricade","Heavy Blade"],"picked":"Clash","floor":4},{"not_picked":["Armaments","Metallicize"],"picked":"Flex","floor":5},{"not_picked":["Fire Breathing","Battle Trance"],"picked":"Headbutt","floor":6},{"not_picked":["True Grit","Uppercut","Hemokinesis"],"picked":"SKIP","floor":8},{"not_picked":["Spot Weakness","Heavy Blade"],"picked":"Pommel Strike","floor":10},{"not_picked":["Pommel Strike","Warcry"],"picked":"Pummel","floor":11},{"not_picked":["Iron Wave","Dark Embrace","True Grit"],"picked":"SKIP","floor":12},{"not_picked":["Clothesline","Rupture"],"picked":"Flex","floor":13},{"not_picked":["Iron Wave","Spot Weakness"],"picked":"Rage","floor":14}],"player_experience":23957,"relics_obtained":[{"floor":6,"key":"Ancient Tea Set"},{"floor":8,"key":"Pen Nib"},{"floor":9,"key":"Bag of Marbles"}],"event_choices":[],"is_beta":false,"boss_relics":[],"items_purged_floors":[],"is_endless":false,"potions_floor_spawned":[1,3,6,8,13],"killed_by":"The Guardian","ascension_level":0}