{"gold_per_floor":[119,133,146,164,183,183,433,463,534,563,563,594,606,633,645,753,765,797,359,359,98,115,115],"floor_reached":23,"playtime":1217,"items_purged":["Strike_R"],"score":201,"play_id":"42b2c6d7-ee41-4b2b-bc35-956e93186b02","local_time":"20180803221958","is_ascension_mode":false,"campfire_choices":[{"data":"Cleave","floor":6.0,"key":"SMITH"},{"floor":11.0,"key":"REST"},{"floor":13.0,"key":"REST"},{"floor":15.0,"key":"REST"}],"neow_cost":"NONE","seed_source_timestamp":0,"circlet_count":0,"master_deck":["Strike_R","Strike_R","Strike_R","Strike_R","Defend_R","Defend_R","Defend_R","Defend_R","Bash","Sword Boomerang","Clash","Cleave+1","Cleave","Twin Strike","Shrug It Off","Pommel Strike","Bludgeon","Carnage","Whirlwind","Finesse","RitualDagger","Master of Strategy","Flex","Twin Strike+1"],"special_seed":0,"relics":["Black Blood","Omamori","Question Card","Ice Cream","MawBank","Matryoshka"],"potions_floor_usage":[16,16],"damage_taken":[{"damage":16.0,"enemies":"2 Louse","floor":1.0,"turns":3.0},{"damage":1.0,"enemies":"Cultist","floor":2.0,"turns":3.0},{"damage":8.0,"enemies":"Small Slimes","floor":3.0,"turns":3.0},{"damage":11.0,"enemies":"Blue Slaver","floor":4.0,"turns":4.0},{"damage":10.0,"enemies":"Looter","floor":5.0,"turns":3.0},{"damage":50.0,"enemies":"Lagavulin","floor":10.0,"turns":7.0},{"damage":19.0,"enemies":"3 Sentries","floor":12.0,"turns":5.0},{"damage":20.0,"enemies":"Exordium Wildlife","floor":14.0,"turns":3.0},{"damage":59,"enemies":"Slime Boss","floor":16,"turns":11},{"damage":28,"enemies":"2 Thieves","floor":18,"turns":4},{"damage":24,"enemies":"Spheric Guardian","floor":22,"turns":4},{"damage":43,"enemies":"Book of Stabbing","floor":23,"turns":4}],"seed_played":"8122143646083600431","potions_obtained":[{"floor":1.0,"key":"Fire Potion"},{"floor":4.0,"key":"Ancient Potion"},{"floor":12.0,"key":"SpeedPotion"},{"floor":18,"key":"SpeedPotion"}],"is_trial":false,"path_per_floor":["M","M","M","M","M","R","?","?","T","E","R","E","R","M","R","B",null,"M","$","?","$","M"],"character_chosen":"IRONCLAD","items_purchased":["Whirlwind","Finesse","Matryoshka","Master of Strategy","Flex"],"campfire_rested":3,"item_purchase_floors":[19,19,19,21,21],"current_hp_per_floor":[70,75,73,68,64,64,64,64,64,20,44,31,55,41,65,12,80,62,62,56,56,42,0],"gold":115,"neow_bonus":"RANDOM_COMMON_RELIC","is_prod":false,"is_daily":false,"chose_seed":false,"campfire_upgraded":1,"win_rate":0,"timestamp":1533349198,"path_taken":["M","M","M","M","M","R","?","?","T","E","R","E","R","M","R","BOSS","M","$","?","$","M","E"],"build_version":"2018-08-02","purchased_purges":1,"victory":false,"max_hp_per_floor":[80,80,80,80,80,80,80,80,80,80,80,80,80,80,80,80,80,80,80,80,80,80,80],"card_choices":[{"not_picked":["Dual Wield","Havoc"],"picked":"Sword Boomerang","floor":1.0},{"not_picked":["Clothesline","Burning Pact"],"picked":"Clash","floor":2.0},{"not_picked":["Bloodletting","Corruption"],"picked":"Cleave","floor":3.0},{"not_picked":["Entrench","Bloodletting","True Grit"],"picked":"SKIP","floor":4.0},{"not_picked":["Uppercut","Dropkick"],"picked":"Cleave","floor":5.0},{"not_picked":["Evolve","Perfected Strike","Brutality"],"picked":"Twin Strike","floor":10.0},{"not_picked":["Bloodletting","Rupture","Demon Form"],"picked":"Shrug It Off","floor":12.0},{"not_picked":["Body Slam","Thunderclap","Havoc"],"picked":"Pommel Strike","floor":14.0},{"not_picked":["Demon Form","Reaper","Limit Break"],"picked":"Bludgeon","floor":16},{"not_picked":["Fire Breathing","Body Slam+1","Combust"],"picked":"Carnage","floor":18},{"not_picked":["Cleave","Reckless Charge","Intimidate"],"picked":"Twin Strike+1","floor":22}],"player_experience":103772,"relics_obtained":[{"floor":9.0,"key":"Question Card"},{"floor":10.0,"key":"Ice Cream"},{"floor":12.0,"key":"MawBank"}],"event_choices":[{"event_name":"Golden Shrine","player_choice":"Desecrate","floor":7.0,"damage_taken":0.0},{"event_name":"Dead Adventurer","player_choice":"Searched \u00272\u0027 times","floor":8.0,"damage_taken":0.0},{"event_name":"Nest","player_choice":"Joined the Cult","floor":20,"damage_taken":0}],"is_beta":false,"boss_relics":[{"not_picked":["Runic Dome","Coffee Dripper"],"picked":"Black Blood"}],"items_purged_floors":[19],"is_endless":false,"potions_floor_spawned":[1,4,12,14,18],"killed_by":"Book of Stabbing","ascension_level":0}