{"gold_per_floor":[19,33,33,33,53,88,88,106,106,120,138,138,153,153,153,277,277,293,318,0,21,46,46,86,86,86,111,111,111,36,36,36,156,156,177,177,193,318,331,370,394,413,492,492,492,515,515,534,534,534,534,534,80,80],"floor_reached":54,"playtime":3976,"items_purged":["Injury"],"score":693,"play_id":"4349df0a-817a-4b60-8348-06859299b471","local_time":"20190809033529","is_ascension_mode":false,"campfire_choices":[{"data":"Noxious Fumes","floor":7.0,"key":"SMITH"},{"floor":12.0,"key":"REST"},{"floor":15.0,"key":"REST"},{"data":"A Thousand Cuts","floor":23.0,"key":"SMITH"},{"data":"Noxious Fumes","floor":25.0,"key":"SMITH"},{"floor":29.0,"key":"REST"},{"data":"Leg Sweep","floor":32.0,"key":"SMITH"},{"floor":44.0,"key":"REST"},{"data":"Caltrops","floor":47.0,"key":"SMITH"},{"floor":49.0,"key":"RECALL"},{"data":"Bouncing Flask","floor":52,"key":"SMITH"}],"neow_cost":"NO_GOLD","seed_source_timestamp":16760298660702,"circlet_count":0,"master_deck":["Defend_G","Defend_G","Defend_G","Survivor","Neutralize","Blur","Dodge and Roll","Noxious Fumes+1","Terror","Tools of the Trade","Tactician","Dagger Spray+1","Backflip","A Thousand Cuts+1","Leg Sweep+1","Noxious Fumes+1","Bite","Bite","Bite","Bite","Bite","Adrenaline","Bouncing Flask+1","Dagger Throw+1","Caltrops+1","Backflip+1","Footwork"],"special_seed":0,"relics":["Ring of the Snake","Golden Idol","PreservedInsect","Mummified Hand","Juzu Bracelet","Velvet Choker","Ornamental Fan","Snake Skull","Snecko Eye","Ice Cream","Pantograph","Blue Candle","SsserpentHead","The Specimen"],"potions_floor_usage":[],"damage_taken":[{"damage":0.0,"enemies":"Small Slimes","floor":1.0,"turns":5.0},{"damage":0.0,"enemies":"2 Louse","floor":2.0,"turns":5.0},{"damage":0.0,"enemies":"Cultist","floor":5.0,"turns":5.0},{"damage":17.0,"enemies":"3 Sentries","floor":6.0,"turns":8.0},{"damage":3.0,"enemies":"3 Louse","floor":8.0,"turns":6.0},{"damage":19.0,"enemies":"Large Slime","floor":10.0,"turns":8.0},{"damage":0.0,"enemies":"Blue Slaver","floor":11.0,"turns":6.0},{"damage":8.0,"enemies":"2 Fungi Beasts","floor":13.0,"turns":3.0},{"damage":46.0,"enemies":"Hexaghost","floor":16.0,"turns":12.0},{"damage":4.0,"enemies":"Shell Parasite","floor":18.0,"turns":7.0},{"damage":0.0,"enemies":"3 Byrds","floor":19.0,"turns":6.0},{"damage":6.0,"enemies":"Snake Plant","floor":21.0,"turns":5.0},{"damage":1.0,"enemies":"Cultist and Chosen","floor":22.0,"turns":8.0},{"damage":14.0,"enemies":"Gremlin Leader","floor":24.0,"turns":7.0},{"damage":6.0,"enemies":"Snecko","floor":27.0,"turns":5.0},{"damage":34.0,"enemies":"Collector","floor":33.0,"turns":9.0},{"damage":0.0,"enemies":"Orb Walker","floor":35.0,"turns":4.0},{"damage":31.0,"enemies":"3 Darklings","floor":37.0,"turns":4.0},{"damage":8.0,"enemies":"Mind Bloom Boss Battle","floor":38.0,"turns":6.0},{"damage":10.0,"enemies":"Transient","floor":39.0,"turns":5.0},{"damage":6.0,"enemies":"Nemesis","floor":40.0,"turns":7.0},{"damage":28.0,"enemies":"Spire Growth","floor":41.0,"turns":5.0},{"damage":14.0,"enemies":"3 Darklings","floor":42.0,"turns":4.0},{"damage":5.0,"enemies":"Maw","floor":46.0,"turns":7.0},{"damage":11.0,"enemies":"Transient","floor":48.0,"turns":5.0},{"damage":46,"enemies":"Donu and Deca","floor":50,"turns":9},{"damage":53,"enemies":"Shield and Spear","floor":54,"turns":3}],"seed_played":"5811496601581069736","potions_obtained":[{"floor":2.0,"key":"SpeedPotion"},{"floor":6.0,"key":"EssenceOfSteel"},{"floor":10.0,"key":"GamblersBrew"},{"floor":21.0,"key":"GamblersBrew"},{"floor":27.0,"key":"LiquidBronze"},{"floor":38.0,"key":"Poison Potion"},{"floor":39.0,"key":"Ancient Potion"},{"floor":46.0,"key":"SteroidPotion"}],"is_trial":false,"path_per_floor":["M","M","?","?","M","E","R","M","T","M","M","R","M","?","R","B",null,"M","M","$","M","M","R","E","R","T","M","?","R","?","?","R","B",null,"M","?","M","?","M","E","M","M","T","R","?","M","R","M","R","B",null,"R","$","E"],"character_chosen":"THE_SILENT","items_purchased":["Ornamental Fan","The Specimen","Footwork","EntropicBrew"],"campfire_rested":4,"item_purchase_floors":[20,53,53,53],"current_hp_per_floor":[70,70,70,58,58,41,41,38,38,19,19,40,32,32,53,7,70,66,66,66,60,59,59,45,45,45,39,25,46,46,46,46,29,49,49,49,22,36,38,46,23,15,15,29,29,44,44,45,45,16,49,49,49,0],"gold":80,"neow_bonus":"TRANSFORM_TWO_CARDS","is_prod":false,"is_daily":false,"chose_seed":false,"campfire_upgraded":6,"win_rate":0,"timestamp":1565336129,"path_taken":["M","M","?","?","M","E","R","M","T","M","M","R","M","?","R","BOSS","M","M","$","M","M","R","E","R","T","M","?","R","?","?","R","BOSS","M","?","M","?","M","E","M","M","T","R","?","M","R","M","R","BOSS","R","$","E"],"build_version":"2019-07-17","purchased_purges":1,"victory":false,"max_hp_per_floor":[70,70,70,70,70,70,70,70,70,70,70,70,70,70,70,70,70,70,70,70,70,70,70,70,70,70,70,70,70,70,49,49,49,49,49,49,49,49,49,49,49,49,49,49,49,49,49,49,49,49,49,49,49,49],"card_choices":[{"not_picked":["Acrobatics","PiercingWail"],"picked":"Dodge and Roll","floor":1.0},{"not_picked":["Finisher","Blur"],"picked":"Noxious Fumes","floor":2.0},{"not_picked":["Underhanded Strike","Deflect"],"picked":"Terror","floor":5.0},{"not_picked":["Slice","Acrobatics","Cloak And Dagger"],"picked":"SKIP","floor":6.0},{"not_picked":["Quick Slash","Poisoned Stab"],"picked":"Tools of the Trade","floor":8.0},{"not_picked":["Infinite Blades","Backflip"],"picked":"Tactician","floor":10.0},{"not_picked":["Outmaneuver","Flechettes"],"picked":"Dagger Spray","floor":11.0},{"not_picked":["Cloak And Dagger","Dodge and Roll"],"picked":"Backflip","floor":13.0},{"not_picked":["Malaise","Doppelganger"],"picked":"A Thousand Cuts","floor":16.0},{"not_picked":["Blade Dance","Outmaneuver+1"],"picked":"Leg Sweep","floor":18.0},{"not_picked":["Sucker Punch","Prepared","Cloak And Dagger"],"picked":"SKIP","floor":19.0},{"not_picked":["Dagger Throw","Slice+1","Calculated Gamble"],"picked":"SKIP","floor":21.0},{"not_picked":["Night Terror","Skewer","Tactician"],"picked":"SKIP","floor":22.0},{"not_picked":["Flying Knee+1","Reflex"],"picked":"Noxious Fumes","floor":24.0},{"not_picked":["Cloak And Dagger+1","Endless Agony","Finisher"],"picked":"SKIP","floor":27.0},{"not_picked":["Malaise","Night Terror"],"picked":"Adrenaline","floor":33.0},{"not_picked":["Slice","PiercingWail","Backflip"],"picked":"SKIP","floor":35.0},{"not_picked":["Dagger Spray","Bane","Finisher+1"],"picked":"SKIP","floor":37.0},{"not_picked":["Outmaneuver+1","Acrobatics+1"],"picked":"Bouncing Flask","floor":38.0},{"not_picked":["Acrobatics","All Out Attack+1","Prepared+1"],"picked":"SKIP","floor":39.0},{"not_picked":["Underhanded Strike","Sucker Punch+1"],"picked":"Dagger Throw+1","floor":40.0},{"not_picked":["Poisoned Stab","Accuracy"],"picked":"Caltrops","floor":41.0},{"not_picked":["Sucker Punch+1","Unload","Reflex+1"],"picked":"SKIP","floor":42.0},{"not_picked":["Dagger Spray","Quick Slash"],"picked":"Backflip+1","floor":46.0},{"not_picked":["Prepared+1","Deadly Poison","Endless Agony"],"picked":"SKIP","floor":48.0}],"player_experience":527169,"relics_obtained":[{"floor":6.0,"key":"Mummified Hand"},{"floor":9.0,"key":"Juzu Bracelet"},{"floor":24.0,"key":"Snake Skull"},{"floor":38.0,"key":"Ice Cream"},{"floor":40.0,"key":"Pantograph"},{"floor":43.0,"key":"Blue Candle"}],"event_choices":[{"damage_healed":0.0,"max_hp_gain":0.0,"max_hp_loss":0.0,"gold_gain":0.0,"event_name":"Golden Idol","player_choice":"Take Wound","floor":3.0,"gold_loss":0.0,"damage_taken":0.0,"relics_obtained":["Golden Idol"],"cards_obtained":["Injury"]},{"damage_healed":0.0,"max_hp_gain":0.0,"max_hp_loss":0.0,"gold_gain":0.0,"event_name":"Scrap Ooze","player_choice":"Success","floor":4.0,"gold_loss":0.0,"damage_taken":12.0,"relics_obtained":["PreservedInsect"]},{"damage_healed":0.0,"max_hp_gain":0.0,"max_hp_loss":0.0,"gold_gain":0.0,"event_name":"Living Wall","player_choice":"Grow","floor":14.0,"gold_loss":0.0,"damage_taken":0.0,"cards_upgraded":["Dagger Spray"]},{"damage_healed":0.0,"max_hp_gain":0.0,"max_hp_loss":0.0,"gold_gain":0.0,"event_name":"Knowing Skull","player_choice":"POTION ","floor":28.0,"potions_obtained":["EssenceOfSteel"],"gold_loss":0.0,"damage_taken":14.0,"cards_obtained":[]},{"cards_removed":["Bullet Time"],"damage_healed":0.0,"max_hp_gain":0.0,"max_hp_loss":0.0,"gold_gain":0.0,"event_name":"Beggar","player_choice":"Gave Gold","floor":30.0,"gold_loss":75.0,"damage_taken":0.0},{"damage_healed":0.0,"max_hp_gain":0.0,"max_hp_loss":21.0,"gold_gain":0.0,"event_name":"Vampires","player_choice":"Became a vampire","floor":31.0,"gold_loss":0.0,"damage_taken":0.0,"cards_obtained":["Bite","Bite","Bite","Bite","Bite"]},{"cards_removed":["Defend_G"],"damage_healed":0.0,"max_hp_gain":0.0,"max_hp_loss":0.0,"gold_gain":0.0,"event_name":"Falling","player_choice":"Removed Skill","floor":36.0,"gold_loss":0.0,"damage_taken":0.0},{"damage_healed":0.0,"max_hp_gain":0.0,"max_hp_loss":0.0,"gold_gain":0.0,"event_name":"MindBloom","player_choice":"Fight","floor":38.0,"gold_loss":0.0,"damage_taken":0.0},{"damage_healed":0.0,"max_hp_gain":0.0,"max_hp_loss":0.0,"gold_gain":0.0,"event_name":"FaceTrader","player_choice":"Trade","floor":45.0,"gold_loss":0.0,"damage_taken":0.0,"relics_obtained":["SsserpentHead"]}],"is_beta":false,"boss_relics":[{"not_picked":["Tiny House","Philosopher\u0027s Stone"],"picked":"Velvet Choker"},{"not_picked":["Sozu","HoveringKite"],"picked":"Snecko Eye"}],"items_purged_floors":[20],"is_endless":false,"potions_floor_spawned":[2,6,10,21,27,38,39,46],"killed_by":"Shield and Spear","ascension_level":0}