{"gold_per_floor":[119,119,132,132,132,145,145,245,245,245,261,271,271,306,306,411,411,426,439,439,455,370,370,390,390,390,402,402,12,22,40,40,136,136,155,174,174,192,206,206,206,206,232,232,0,0,11,22,22,22],"floor_reached":50,"playtime":1511,"items_purged":["Parasite"],"score":446,"play_id":"61286131-1233-4dbe-937c-efae00224333","local_time":"20190622113914","is_ascension_mode":false,"campfire_choices":[{"data":"Whirlwind","floor":7.0,"key":"SMITH"},{"data":"Bash","floor":10.0,"key":"SMITH"},{"floor":13.0,"key":"REST"},{"floor":15.0,"key":"REST"},{"data":"Reaper","floor":23.0,"key":"SMITH"},{"floor":28.0,"key":"DIG"},{"floor":32.0,"key":"DIG"},{"floor":40.0,"key":"REST"},{"floor":44.0,"key":"REST"},{"floor":46.0,"key":"DIG"},{"floor":49,"key":"REST"}],"neow_cost":"TEN_PERCENT_HP_LOSS","seed_source_timestamp":735061373061540,"circlet_count":0,"master_deck":["Strike_R","Strike_R","Strike_R","Strike_R","Strike_R","Defend_R+1","Defend_R+1","Defend_R","Bash+1","Shockwave+1","Whirlwind+1","Reaper+1","Flame Barrier+1","Perfected Strike+1","Battle Trance+1","Twin Strike+1","Uppercut+1","Flash of Steel","Regret","Shrug It Off+1"],"special_seed":0,"relics":["Burning Blood","Unceasing Top","Blue Candle","Centennial Puzzle","Cursed Key","MutagenicStrength","Bag of Preparation","Shovel","Oddly Smooth Stone","Ginger","Self Forming Clay","Runic Dome","Blood Vial","Red Mask","War Paint"],"potions_floor_usage":[50,50,50],"damage_taken":[{"damage":1.0,"enemies":"Cultist","floor":1.0,"turns":4.0},{"damage":0.0,"enemies":"2 Louse","floor":3.0,"turns":3.0},{"damage":7.0,"enemies":"Small Slimes","floor":6.0,"turns":3.0},{"damage":22.0,"enemies":"Exordium Thugs","floor":11.0,"turns":4.0},{"damage":15.0,"enemies":"Looter","floor":12.0,"turns":3.0},{"damage":30.0,"enemies":"3 Sentries","floor":14.0,"turns":5.0},{"damage":37.0,"enemies":"Slime Boss","floor":16.0,"turns":8.0},{"damage":7.0,"enemies":"Chosen","floor":18.0,"turns":5.0},{"damage":29.0,"enemies":"Spheric Guardian","floor":19.0,"turns":5.0},{"damage":0.0,"enemies":"3 Cultists","floor":21.0,"turns":1.0},{"damage":13.0,"enemies":"Centurion and Healer","floor":24.0,"turns":5.0},{"damage":0.0,"enemies":"Chosen and Byrds","floor":27.0,"turns":4.0},{"damage":1.0,"enemies":"Shelled Parasite and Fungi","floor":30.0,"turns":5.0},{"damage":4.0,"enemies":"Sentry and Sphere","floor":31.0,"turns":3.0},{"damage":64.0,"enemies":"Automaton","floor":33.0,"turns":7.0},{"damage":15.0,"enemies":"3 Shapes","floor":35.0,"turns":1.0},{"damage":39.0,"enemies":"3 Darklings","floor":36.0,"turns":4.0},{"damage":21.0,"enemies":"Writhing Mass","floor":38.0,"turns":4.0},{"damage":18.0,"enemies":"Transient","floor":39.0,"turns":5.0},{"damage":20,"enemies":"Maw","floor":47,"turns":5},{"damage":30,"enemies":"Writhing Mass","floor":48,"turns":3},{"damage":71,"enemies":"Awakened One","floor":50,"turns":8}],"seed_played":"8991174929746582553","potions_obtained":[{"floor":3.0,"key":"SteroidPotion"},{"floor":12.0,"key":"FearPotion"},{"floor":18.0,"key":"SteroidPotion"},{"floor":21.0,"key":"PowerPotion"},{"floor":31.0,"key":"Poison Potion"},{"floor":33.0,"key":"Ancient Potion"},{"floor":39.0,"key":"Strength Potion"},{"floor":47,"key":"Explosive Potion"},{"floor":48,"key":"GamblersBrew"}],"is_trial":false,"path_per_floor":["M","?","M","$","?","M","R","?","T","R","M","M","R","E","R","B",null,"M","M","?","M","?","R","M","?","T","M","R","$","M","M","R","B",null,"M","M","?","M","M","R","?","?","T","R","?","R","M","M","R","B"],"character_chosen":"IRONCLAD","items_purchased":["Ginger"],"campfire_rested":5,"item_purchase_floors":[29],"current_hp_per_floor":[72,72,72,72,72,71,71,71,71,71,55,46,67,43,64,33,72,72,49,49,55,55,55,62,62,62,72,72,69,69,69,69,18,69,60,27,27,19,14,34,34,34,34,54,54,54,49,27,47,0],"gold":22,"neow_bonus":"ONE_RARE_RELIC","is_prod":false,"is_daily":false,"chose_seed":false,"campfire_upgraded":3,"win_rate":0,"timestamp":1561217954,"path_taken":["M","?","M","$","?","M","R","?","T","R","M","?","R","E","R","BOSS","M","M","?","M","?","R","M","?","T","M","R","?","M","?","R","BOSS","M","M","?","M","M","R","?","?","T","R","?","R","M","?","R","BOSS"],"build_version":"2019-01-23","purchased_purges":1,"victory":false,"max_hp_per_floor":[72,72,72,72,72,72,72,72,72,72,72,72,72,72,72,72,72,72,72,72,72,72,72,72,72,72,72,72,69,69,69,69,69,69,69,69,69,69,69,69,69,69,69,69,69,69,69,69,69,69],"card_choices":[{"not_picked":["Armaments","Shrug It Off"],"picked":"Shockwave","floor":1.0},{"not_picked":["Body Slam","Heavy Blade"],"picked":"Whirlwind","floor":3.0},{"not_picked":["Headbutt","Clothesline","Entrench"],"picked":"SKIP","floor":6.0},{"not_picked":["Blood for Blood","Sentinel","Flex"],"picked":"SKIP","floor":11.0},{"not_picked":["Heavy Blade","Clash","Corruption"],"picked":"SKIP","floor":12.0},{"not_picked":["Entrench","Fire Breathing","Carnage"],"picked":"SKIP","floor":14.0},{"not_picked":["Berserk","Fiend Fire"],"picked":"Reaper","floor":16.0},{"not_picked":["Evolve+1","Anger","Feel No Pain"],"picked":"SKIP","floor":18.0},{"not_picked":["Warcry","Flex+1"],"picked":"Flame Barrier+1","floor":19.0},{"not_picked":["Wild Strike","Clash","Body Slam"],"picked":"SKIP","floor":21.0},{"not_picked":["Pommel Strike","Armaments+1"],"picked":"Perfected Strike+1","floor":24.0},{"not_picked":["Power Through+1","Heavy Blade","Clothesline+1"],"picked":"SKIP","floor":27.0},{"not_picked":["Power Through+1","Heavy Blade","Clothesline+1"],"picked":"SKIP","floor":27.0},{"not_picked":["Havoc","Immolate","Sever Soul+1"],"picked":"SKIP","floor":30.0},{"not_picked":["Thunderclap+1","Sentinel+1"],"picked":"Battle Trance+1","floor":31.0},{"not_picked":["Infernal Blade","Bloodletting"],"picked":"Twin Strike+1","floor":35.0},{"not_picked":["Thunderclap","True Grit","Headbutt+1"],"picked":"SKIP","floor":36.0},{"not_picked":["Burning Pact","Thunderclap+1","Clash+1"],"picked":"SKIP","floor":38.0},{"not_picked":["Headbutt","Reckless Charge+1"],"picked":"Uppercut+1","floor":39.0},{"not_picked":["Enlightenment","Sadistic Nature"],"picked":"Flash of Steel","floor":41.0},{"not_picked":["Seeing Red+1","Body Slam","Sever Soul+1"],"picked":"SKIP","floor":47},{"not_picked":["Pommel Strike","Twin Strike"],"picked":"Shrug It Off+1","floor":48}],"player_experience":400551,"relics_obtained":[{"floor":9.0,"key":"Blue Candle"},{"floor":14.0,"key":"Centennial Puzzle"},{"floor":26.0,"key":"Shovel"},{"floor":28.0,"key":"Oddly Smooth Stone"},{"floor":32.0,"key":"Self Forming Clay"},{"floor":43.0,"key":"Blood Vial"},{"floor":46.0,"key":"War Paint"}],"event_choices":[{"damage_healed":0.0,"max_hp_gain":0.0,"max_hp_loss":0.0,"gold_gain":0.0,"event_name":"Living Wall","player_choice":"Grow","floor":2.0,"gold_loss":0.0,"damage_taken":0.0,"cards_upgraded":["Shockwave"]},{"damage_healed":0.0,"max_hp_gain":0.0,"max_hp_loss":0.0,"gold_gain":0.0,"event_name":"Liars Game","player_choice":"Ignored","floor":5.0,"gold_loss":0.0,"damage_taken":0.0},{"damage_healed":0.0,"max_hp_gain":0.0,"max_hp_loss":0.0,"gold_gain":100.0,"event_name":"Golden Shrine","player_choice":"Pray","floor":8.0,"gold_loss":0.0,"damage_taken":0.0},{"damage_healed":0.0,"max_hp_gain":0.0,"max_hp_loss":0.0,"gold_gain":0.0,"event_name":"Drug Dealer","player_choice":"Inject Mutagens","floor":20.0,"gold_loss":0.0,"damage_taken":0.0,"relics_obtained":["MutagenicStrength"]},{"damage_healed":0.0,"max_hp_gain":0.0,"max_hp_loss":0.0,"gold_gain":0.0,"event_name":"Addict","player_choice":"Obtained Relic","floor":22.0,"gold_loss":85.0,"damage_taken":0.0,"relics_obtained":["Bag of Preparation"]},{"damage_healed":0.0,"max_hp_gain":0.0,"max_hp_loss":0.0,"gold_gain":0.0,"event_name":"Ghosts","player_choice":"Ignored","floor":25.0,"gold_loss":0.0,"damage_taken":0.0},{"cards_removed":["Defend_R"],"damage_healed":0.0,"max_hp_gain":0.0,"max_hp_loss":0.0,"gold_gain":0.0,"event_name":"Falling","player_choice":"Removed Skill","floor":37.0,"gold_loss":0.0,"damage_taken":0.0},{"damage_healed":0.0,"max_hp_gain":0.0,"max_hp_loss":0.0,"gold_gain":0.0,"event_name":"SensoryStone","player_choice":"Memory 1","floor":41.0,"gold_loss":0.0,"damage_taken":0.0},{"damage_healed":0.0,"max_hp_gain":0.0,"max_hp_loss":0.0,"gold_gain":0.0,"event_name":"Mysterious Sphere","player_choice":"Ignored","floor":42.0,"gold_loss":0.0,"damage_taken":0.0},{"damage_healed":0.0,"max_hp_gain":0.0,"max_hp_loss":0.0,"gold_gain":0.0,"event_name":"Tomb of Lord Red Mask","player_choice":"Paid","floor":45.0,"gold_loss":232.0,"damage_taken":0.0,"relics_obtained":["Red Mask"]}],"is_beta":false,"boss_relics":[{"not_picked":["Lizard Tail","Snecko Eye"],"picked":"Cursed Key"},{"not_picked":["Tiny House","Coffee Dripper"],"picked":"Runic Dome"}],"items_purged_floors":[29],"is_endless":false,"potions_floor_spawned":[3,12,18,21,31,33,39,47,48],"killed_by":"Awakened One","ascension_level":0}