{"gold_per_floor":[114,129,279,279,279,314,314,344,344,354,372,372,70,70,70,141,141,154,170,35,35,35,53,53,53,76,76,95,95,114,147,147,218,218,237,256,310,310,93,93],"floor_reached":40,"playtime":2059,"items_purged":["Defend_B"],"score":949,"play_id":"cb8787dc-02a7-461a-9ac0-0484d0c21bd5","local_time":"20190904225235","is_ascension_mode":true,"campfire_choices":[{"floor":7,"key":"REST"},{"data":"Barrage","floor":12,"key":"SMITH"},{"data":"Zap","floor":15,"key":"SMITH"},{"data":"Defragment","floor":24,"key":"SMITH"},{"data":"RitualDagger","floor":27,"key":"SMITH"},{"data":"Tempest","floor":29,"key":"SMITH"},{"floor":32,"key":"REST"}],"neow_cost":"NONE","seed_source_timestamp":10212554835200,"circlet_count":0,"master_deck":["AscendersBane","Strike_B+1","Defend_B","Defend_B","Defend_B","Zap+1","Dualcast","Gash","Self Repair","Ball Lightning","Ball Lightning","Barrage+1","Tempest+1","Redo+1","Core Surge","Conserve Battery+1","Glacier+1","Chill+1","Conserve Battery+1","Force Field+1","Defragment+1","Hologram+1","RitualDagger+1","Hologram+1","Conserve Battery+1","Storm","Thunder Strike","Double Energy+1","Echo Form","Gash"],"relics":["Cracked Core","NeowsBlessing","Du-Vu Doll","Anchor","Letter Opener","FossilizedHelix","Toxic Egg 2","Spirit Poop","Inserter","Pantograph","Vajra","Mercury Hourglass","Runic Dome","Dead Branch"],"potions_floor_usage":[33,37,40],"damage_taken":[{"damage":0,"enemies":"Cultist","floor":1,"turns":1},{"damage":0,"enemies":"2 Louse","floor":2,"turns":1},{"damage":0,"enemies":"Gremlin Nob","floor":6,"turns":1},{"damage":10,"enemies":"3 Sentries","floor":8,"turns":6},{"damage":0,"enemies":"Small Slimes","floor":10,"turns":2},{"damage":0,"enemies":"3 Louse","floor":11,"turns":2},{"damage":0,"enemies":"Slime Boss","floor":16,"turns":6},{"damage":0,"enemies":"Chosen","floor":18,"turns":4},{"damage":0,"enemies":"Spheric Guardian","floor":19,"turns":3},{"damage":0,"enemies":"Centurion and Healer","floor":23,"turns":6},{"damage":0,"enemies":"Shelled Parasite and Fungi","floor":28,"turns":6},{"damage":5,"enemies":"Snake Plant","floor":30,"turns":5},{"damage":35,"enemies":"Gremlin Leader","floor":31,"turns":9},{"damage":38,"enemies":"Collector","floor":33,"turns":10},{"damage":0,"enemies":"Orb Walker","floor":35,"turns":3},{"damage":0,"enemies":"3 Shapes","floor":36,"turns":5},{"damage":34,"enemies":"2 Orb Walkers","floor":37,"turns":4},{"damage":51,"enemies":"Nemesis","floor":40,"turns":6}],"seed_played":"2222397099766557481","potions_obtained":[{"floor":8,"key":"FocusPotion"},{"floor":11,"key":"SmokeBomb"},{"floor":23,"key":"Dexterity Potion"},{"floor":33,"key":"AttackPotion"},{"floor":36,"key":"Energy Potion"}],"is_trial":false,"path_per_floor":["M","M","?","?","?","E","R","E","T","M","M","R","$","?","R","B",null,"M","M","$","?","T","M","R","?","T","R","M","R","M","E","R","B",null,"M","M","?","?","$","E"],"character_chosen":"DEFECT","items_purchased":["Toxic Egg 2","Redo+1","Chill+1","Conserve Battery+1","Echo Form","Gash"],"campfire_rested":2,"item_purchase_floors":[13,13,20,20,39,39],"current_hp_per_floor":[64,64,64,46,25,25,46,43,43,43,43,43,43,43,43,43,64,64,64,64,64,64,71,71,65,65,65,71,71,71,36,57,40,63,70,71,44,44,44,0],"gold":93,"neow_bonus":"THREE_ENEMY_KILL","is_prod":false,"is_daily":false,"chose_seed":false,"campfire_upgraded":5,"win_rate":0,"timestamp":1567662755,"path_taken":["M","?","?","?","?","E","R","E","T","M","M","R","$","?","R","BOSS","M","M","?","?","?","M","R","?","T","R","?","R","M","E","R","BOSS","M","M","?","?","?","E"],"build_version":"2019-07-17","purchased_purges":1,"victory":false,"max_hp_per_floor":[71,71,71,71,71,71,71,71,71,71,71,71,71,71,71,71,71,71,71,71,71,71,71,71,71,71,71,71,71,71,71,71,71,71,71,71,71,71,71,71],"card_choices":[{"not_picked":["Beam Cell","Steam"],"picked":"Gash","floor":1},{"not_picked":["Darkness","Go for the Eyes"],"picked":"Self Repair","floor":2},{"not_picked":["Double Energy","White Noise"],"picked":"Ball Lightning","floor":6},{"not_picked":["Turbo","Sweeping Beam"],"picked":"Ball Lightning","floor":8},{"not_picked":["Streamline","Storm"],"picked":"Barrage","floor":10},{"not_picked":["Lockon","Compile Driver"],"picked":"Tempest","floor":11},{"not_picked":["Reboot+1","Buffer"],"picked":"Core Surge","floor":16},{"not_picked":["Coolheaded+1","Force Field+1"],"picked":"Conserve Battery+1","floor":18},{"not_picked":["Defragment","Barrage+1"],"picked":"Glacier+1","floor":19},{"not_picked":["Genetic Algorithm+1","Darkness+1"],"picked":"Hologram+1","floor":23},{"not_picked":["Loop","Rainbow+1"],"picked":"Hologram+1","floor":28},{"not_picked":["Hello World","BootSequence+1"],"picked":"Conserve Battery+1","floor":30},{"not_picked":["Steam+1","Sweeping Beam"],"picked":"Storm","floor":31},{"not_picked":["Core Surge","Echo Form"],"picked":"Thunder Strike","floor":33},{"not_picked":["Conserve Battery+1","Redo+1","Streamline"],"picked":"SKIP","floor":35},{"not_picked":["Turbo+1","Cold Snap"],"picked":"Double Energy+1","floor":36}],"player_experience":818861,"relics_obtained":[{"floor":6,"key":"Anchor"},{"floor":8,"key":"Letter Opener"},{"floor":9,"key":"FossilizedHelix"},{"floor":22,"key":"Pantograph"},{"floor":26,"key":"Vajra"},{"floor":31,"key":"Mercury Hourglass"},{"floor":37,"key":"Dead Branch"}],"event_choices":[{"damage_healed":0,"gold_gain":150,"player_choice":"AGREE","damage_taken":0,"max_hp_gain":0,"max_hp_loss":0,"event_name":"Liars Game","floor":3,"gold_loss":0,"cards_obtained":["Doubt"]},{"damage_healed":0,"gold_gain":0,"player_choice":"Success","damage_taken":18,"relics_obtained":["Du-Vu Doll"],"max_hp_gain":0,"max_hp_loss":0,"event_name":"Scrap Ooze","floor":4,"gold_loss":0},{"damage_healed":0,"gold_gain":0,"player_choice":"Entered Light","damage_taken":21,"max_hp_gain":0,"max_hp_loss":0,"event_name":"Shining Light","floor":5,"gold_loss":0,"cards_upgraded":["Strike_B","Strike_B"]},{"cards_removed":["Doubt"],"damage_healed":0,"gold_gain":0,"player_choice":"Offered Curse","damage_taken":0,"relics_obtained":["Spirit Poop"],"max_hp_gain":0,"max_hp_loss":0,"event_name":"Bonfire Elementals","floor":14,"gold_loss":0},{"damage_healed":0,"gold_gain":0,"cards_transformed":["Strike_B","Strike_B"],"player_choice":"Became Test Subject","damage_taken":0,"max_hp_gain":0,"max_hp_loss":0,"event_name":"Drug Dealer","floor":21,"gold_loss":0,"cards_obtained":["Force Field","Defragment"]},{"damage_healed":0,"gold_gain":0,"player_choice":"Joined the Cult","damage_taken":6,"max_hp_gain":0,"max_hp_loss":0,"event_name":"Nest","floor":25,"gold_loss":0,"cards_obtained":["RitualDagger"]},{"damage_healed":0,"gold_gain":0,"player_choice":"Fight","damage_taken":0,"max_hp_gain":0,"max_hp_loss":0,"event_name":"Mysterious Sphere","floor":37,"gold_loss":0},{"cards_removed":["Strike_B"],"damage_healed":0,"gold_gain":0,"player_choice":"Removed Attack","damage_taken":0,"max_hp_gain":0,"max_hp_loss":0,"event_name":"Falling","floor":38,"gold_loss":0}],"is_beta":false,"boss_relics":[{"not_picked":["Black Star","Busted Crown"],"picked":"Inserter"},{"not_picked":["White Beast Statue","Orrery"],"picked":"Runic Dome"}],"items_purged_floors":[39],"is_endless":false,"potions_floor_spawned":[8,11,23,33,36],"killed_by":"Nemesis","ascension_level":19}