{"gold_per_floor":[111,123,142,61,81,81,110,110,110,136,136,155,187,201,201,273,273,273,273,8,8,8,8,8,8,8,8],"floor_reached":27,"playtime":1450,"items_purged":["Strike_R"],"score":552,"play_id":"4f4c7990-4ca2-4135-b1eb-e87f41c1dd74","local_time":"20190911103336","is_ascension_mode":true,"campfire_choices":[{"data":"Whirlwind","floor":6,"key":"SMITH"},{"data":"Shrug It Off","floor":8,"key":"SMITH"},{"data":"Corruption","floor":15,"key":"SMITH"},{"data":"Armaments","floor":23,"key":"SMITH"},{"data":"Havoc","floor":25,"key":"SMITH"}],"neow_cost":"PERCENT_DAMAGE","seed_source_timestamp":485122889849800,"circlet_count":0,"master_deck":["AscendersBane","Strike_R","Strike_R","Strike_R","Strike_R","Defend_R","Defend_R","Defend_R","Defend_R","Bash","Whirlwind+1","Twin Strike+1","Thunderclap","Shrug It Off+1","Perfected Strike","Wild Strike","Headbutt","Corruption+1","Shrug It Off","Offering","Armaments+1","Heavy Blade+1","Rupture","Shrug It Off","Shrug It Off","Shame","Havoc+1"],"relics":["Burning Blood","Pear","Unceasing Top","Ginger","Paper Frog","Meat on the Bone","Ectoplasm","Prayer Wheel","Whetstone","Ancient Tea Set"],"potions_floor_usage":[5,13,21,24],"damage_taken":[{"damage":8,"enemies":"Small Slimes","floor":1,"turns":4},{"damage":5,"enemies":"2 Louse","floor":2,"turns":3},{"damage":7,"enemies":"Cultist","floor":3,"turns":4},{"damage":11,"enemies":"2 Fungi Beasts","floor":5,"turns":4},{"damage":22,"enemies":"3 Sentries","floor":7,"turns":5},{"damage":8,"enemies":"Gremlin Nob","floor":10,"turns":3},{"damage":0,"enemies":"Looter","floor":12,"turns":3},{"damage":20,"enemies":"Lagavulin","floor":13,"turns":4},{"damage":7,"enemies":"Large Slime","floor":14,"turns":4},{"damage":27,"enemies":"Slime Boss","floor":16,"turns":8},{"damage":17,"enemies":"Spheric Guardian","floor":18,"turns":3},{"damage":29,"enemies":"Shell Parasite","floor":21,"turns":4},{"damage":24,"enemies":"Gremlin Leader","floor":24,"turns":5},{"damage":60,"enemies":"Book of Stabbing","floor":27,"turns":5}],"seed_played":"6217621396176507010","potions_obtained":[{"floor":1,"key":"BloodPotion"},{"floor":3,"key":"PowerPotion"},{"floor":12,"key":"Dexterity Potion"},{"floor":14,"key":"Dexterity Potion"},{"floor":16,"key":"PowerPotion"},{"floor":19,"key":"SteroidPotion"},{"floor":24,"key":"GamblersBrew"}],"is_trial":false,"path_per_floor":["M","M","M","$","M","R","E","R","T","E","?","M","E","M","R","B",null,"M","?","$","M","?","R","E","R","T","E"],"character_chosen":"IRONCLAD","items_purchased":["Shrug It Off","Perfected Strike","Heavy Blade","Rupture","Shrug It Off"],"campfire_rested":0,"item_purchase_floors":[4,4,20,20,20],"current_hp_per_floor":[62,63,62,62,79,79,73,73,73,71,45,51,37,48,48,39,84,73,73,73,62,62,62,56,56,56,0],"gold":8,"neow_bonus":"TWENTY_PERCENT_HP_BONUS","is_prod":false,"is_daily":false,"chose_seed":false,"campfire_upgraded":5,"win_rate":0,"timestamp":1568223216,"path_taken":["M","M","M","$","M","R","E","R","T","E","?","M","E","M","R","BOSS","M","?","?","M","?","R","E","R","T","E"],"build_version":"2019-07-17","purchased_purges":1,"victory":false,"max_hp_per_floor":[89,89,89,89,89,89,99,99,99,99,99,99,99,99,99,99,99,99,99,99,99,99,99,99,99,99,99],"card_choices":[{"not_picked":["Sword Boomerang","Wild Strike"],"picked":"Whirlwind","floor":1},{"not_picked":["Clothesline","Armaments"],"picked":"Twin Strike","floor":2},{"not_picked":["Cleave","Pommel Strike"],"picked":"Thunderclap","floor":3},{"not_picked":["Bloodletting","Warcry"],"picked":"Wild Strike","floor":5},{"not_picked":["Dropkick","Twin Strike"],"picked":"Headbutt","floor":7},{"not_picked":["Sword Boomerang","Thunderclap"],"picked":"Corruption","floor":10},{"not_picked":["Intimidate","Searing Blow","Wild Strike"],"picked":"SKIP","floor":12},{"not_picked":["Sword Boomerang","Warcry","Cleave"],"picked":"SKIP","floor":13},{"not_picked":["Sword Boomerang","Corruption"],"picked":"Shrug It Off","floor":14},{"not_picked":["Limit Break","Reaper"],"picked":"Offering","floor":16},{"not_picked":["Clash","Iron Wave"],"picked":"Armaments","floor":18},{"not_picked":["Corruption","Burning Pact"],"picked":"Shrug It Off","floor":21},{"not_picked":["Clothesline","Intimidate"],"picked":"Havoc","floor":24}],"player_experience":898619,"relics_obtained":[{"floor":7,"key":"Pear"},{"floor":9,"key":"Unceasing Top"},{"floor":10,"key":"Ginger"},{"floor":13,"key":"Meat on the Bone"},{"floor":24,"key":"Whetstone"},{"floor":26,"key":"Ancient Tea Set"}],"event_choices":[{"damage_healed":0,"gold_gain":0,"player_choice":"Success","damage_taken":26,"relics_obtained":["Paper Frog"],"max_hp_gain":0,"max_hp_loss":0,"event_name":"Scrap Ooze","floor":11,"gold_loss":0},{"damage_healed":0,"gold_gain":0,"player_choice":"Got Potions","damage_taken":0,"max_hp_gain":0,"max_hp_loss":0,"event_name":"Lab","floor":19,"gold_loss":0},{"damage_healed":0,"gold_gain":0,"player_choice":"Stole Relic","damage_taken":0,"relics_obtained":["Prayer Wheel"],"max_hp_gain":0,"max_hp_loss":0,"event_name":"Addict","floor":22,"gold_loss":0,"cards_obtained":["Shame"]}],"is_beta":false,"boss_relics":[{"not_picked":["Black Star","Black Blood"],"picked":"Ectoplasm"}],"items_purged_floors":[20],"is_endless":false,"potions_floor_spawned":[1,3,12,14,16,24],"killed_by":"Book of Stabbing","ascension_level":20}