{"gold_per_floor":[16,33,47,63,63,63,73,73,73,73,100,118,148,158,158,158],"floor_reached":16,"playtime":653,"items_purged":[],"score":125,"play_id":"578aa10c-31c1-4eca-b9b6-fac8e687e3eb","local_time":"20190822200738","is_ascension_mode":true,"campfire_choices":[{"data":"Barricade","floor":6,"key":"SMITH"},{"data":"Anger","floor":8,"key":"SMITH"},{"floor":15,"key":"REST"}],"neow_cost":"NO_GOLD","seed_source_timestamp":632229010730000,"circlet_count":0,"master_deck":["Strike_R","Strike_R","Strike_R","Defend_R","Defend_R","Defend_R","Defend_R","Bash","Cleave","Anger+1","Barricade+1","Headbutt","Thunderclap","Dropkick+1","Dual Wield","Evolve","Twin Strike+1"],"relics":["Burning Blood","Molten Egg 2","Blue Candle","Mercury Hourglass"],"potions_floor_usage":[4,13,16],"damage_taken":[{"damage":7,"enemies":"2 Louse","floor":1,"turns":3},{"damage":10,"enemies":"Cultist","floor":2,"turns":4},{"damage":16,"enemies":"Jaw Worm","floor":3,"turns":4},{"damage":39,"enemies":"Gremlin Gang","floor":4,"turns":5},{"damage":0,"enemies":"2 Fungi Beasts","floor":7,"turns":2},{"damage":28,"enemies":"Gremlin Nob","floor":11,"turns":5},{"damage":5,"enemies":"Exordium Thugs","floor":12,"turns":4},{"damage":26,"enemies":"3 Sentries","floor":13,"turns":5},{"damage":16,"enemies":"Exordium Wildlife","floor":14,"turns":3},{"damage":40,"enemies":"The Guardian","floor":16,"turns":7}],"seed_played":"7762086505686744754","potions_obtained":[{"floor":2,"key":"AttackPotion"},{"floor":3,"key":"GamblersBrew"},{"floor":5,"key":"SmokeBomb"},{"floor":5,"key":"Regen Potion"},{"floor":13,"key":"FairyPotion"},{"floor":14,"key":"Dexterity Potion"}],"is_trial":false,"path_per_floor":["M","M","M","M","?","R","M","R","T","T","E","M","E","M","R","B"],"character_chosen":"IRONCLAD","items_purchased":[],"campfire_rested":1,"item_purchase_floors":[],"current_hp_per_floor":[79,75,65,32,32,32,38,38,38,38,16,17,11,14,38,0],"gold":158,"neow_bonus":"REMOVE_TWO","is_prod":false,"is_daily":false,"chose_seed":false,"campfire_upgraded":2,"win_rate":0,"timestamp":1566497258,"path_taken":["M","M","M","M","?","R","?","R","T","?","E","M","E","M","R","BOSS"],"build_version":"2019-07-17","purchased_purges":0,"victory":false,"max_hp_per_floor":[80,80,80,80,80,80,80,80,80,80,80,80,80,80,80,80],"card_choices":[{"not_picked":["Sentinel","Feel No Pain"],"picked":"Cleave","floor":1},{"not_picked":["Clash","Cleave"],"picked":"Anger","floor":2},{"not_picked":["Inflame","Infernal Blade"],"picked":"Barricade","floor":3},{"not_picked":["Perfected Strike","True Grit"],"picked":"Headbutt","floor":4},{"not_picked":["Flex","Dropkick"],"picked":"Thunderclap","floor":7},{"not_picked":["Corruption","Headbutt+1"],"picked":"Dropkick+1","floor":11},{"not_picked":["Clothesline+1","Sever Soul+1"],"picked":"Dual Wield","floor":12},{"not_picked":["Anger+1","Dual Wield"],"picked":"Evolve","floor":13},{"not_picked":["Fire Breathing","Thunderclap+1"],"picked":"Twin Strike+1","floor":14}],"player_experience":142114,"relics_obtained":[{"floor":9,"key":"Molten Egg 2"},{"floor":11,"key":"Blue Candle"},{"floor":13,"key":"Mercury Hourglass"}],"event_choices":[{"damage_healed":0,"gold_gain":0,"player_choice":"Got Potions","damage_taken":0,"max_hp_gain":0,"max_hp_loss":0,"event_name":"Lab","floor":5,"gold_loss":0}],"is_beta":false,"boss_relics":[],"items_purged_floors":[],"is_endless":false,"potions_floor_spawned":[2,3,13,14],"killed_by":"The Guardian","ascension_level":2}