{"path_per_floor":["M","?","$","?","M","R","$","?","T","R","$","M","M","M","R","B",null,"M","$","M","M","$","R","?","M","T","?","M","M","M","?","R","B",null,"M","?","$","?","?","R","M","?","T","R","M","M","$","M","R"],"character_chosen":"THE_SILENT","items_purchased":["Whetstone","Gambling Chip","Energy Potion","Letter Opener","Mercury Hourglass","Energy Potion","Noxious Fumes"],"gold_per_floor":[144,144,144,104,149,149,149,99,124,124,49,94,139,184,184,484,484,529,29,74,119,119,119,119,164,164,164,209,254,299,299,299,599,599,644,644,22,22,0,0,45,45,75,75,120,165,65,110,110],"floor_reached":50,"campfire_rested":8,"playtime":7118,"current_hp_per_floor":[70,67,67,67,67,70,70,70,70,70,70,69,69,59,70,66,70,62,62,62,62,62,70,70,65,65,65,65,65,53,53,70,23,70,67,80,80,80,80,80,80,70,70,80,73,70,70,59,80],"items_purged":["Prepared","Distraction"],"gold":110,"score":534,"play_id":"c441dd7e-2b53-49be-9a3e-683e821c9841","local_time":"20180316153855","daily_mods":["Heirloom","Midas","Insanity"],"is_prod":false,"is_daily":true,"is_ascension_mode":false,"campfire_upgraded":0,"timestamp":1521185935,"path_taken":["M","?","?","?","?","R","?","?","T","R","$","M","M","M","R","BOSS","M","$","?","M","$","R","?","M","T","?","M","M","M","?","R","BOSS","M","?","$","?","?","R","M","?","T","R","?","M","?","?","R","BOSS"],"build_version":"2018-03-15","purchased_purges":5,"victory":false,"master_deck":["Slice","Finisher+1","Caltrops","Flying Knee","Corpse Explosion","A Thousand Cuts","Escape Plan","Defend_G","Malaise","Blur","Endless Agony","Noxious Fumes","Escape Plan","Choke","Burst","Blade Dance","Footwork","Distraction","Cloak And Dagger","Tactician","Calculated Gamble","Concentrate","Outmaneuver","Quick Slash","Doppelganger+1","Dagger Throw","Neutralize","Expertise","Venomology","Heel Hook+1","Die Die Die","Unload","PiercingWail","A Thousand Cuts","Concentrate","PiercingWail","Storm of Steel","Burst","Distraction","Malaise","Acrobatics","Underhanded Strike","Calculated Gamble","Burst","Dagger Spray","Adrenaline","Neutralize","Adrenaline","Skewer+1","Noxious Fumes","Backstab+1","Madness","Madness","Prepared+1","Slice+1"],"max_hp_per_floor":[70,70,70,70,70,70,70,70,70,70,70,70,70,70,70,70,70,70,70,70,70,70,70,70,70,70,70,70,70,70,70,70,70,70,70,80,80,80,80,80,80,80,80,80,80,80,80,80,80],"relics":["Ring of the Snake","Thread and Needle","Centennial Puzzle","Lantern","White Beast Statue","Whetstone","Gambling Chip","Frozen Eye","The Specimen","Letter Opener","Mercury Hourglass","Red Mask","Tiny Chest"],"card_choices":[{"not_picked":["Wraith Form","Grand Finale"],"picked":"Adrenaline"},{"not_picked":["Venomology","Wraith Form"],"picked":"Adrenaline"},{"not_picked":["Blur","Cloak And Dagger"],"picked":"Skewer"},{"not_picked":["Deflect","Predator"],"picked":"Backstab"},{"not_picked":["All Out Attack","Distraction"],"picked":"Prepared"},{"not_picked":["Acrobatics","Quick Slash"],"picked":"Slice"}],"player_experience":434477,"potions_floor_usage":[5,14,14,16,16,16,18,18,20,21,21,25,25,28,29,29,30,30,33,48,50,50,50,50],"damage_taken":[{"damage":0,"enemies":"Jaw Worm","floor":1,"turns":2},{"damage":0,"enemies":"Cultist","floor":5,"turns":2},{"damage":1,"enemies":"2 Louse","floor":12,"turns":2},{"damage":0,"enemies":"Lots of Slimes","floor":13,"turns":3},{"damage":10,"enemies":"Exordium Wildlife","floor":14,"turns":4},{"damage":4,"enemies":"The Guardian","floor":16,"turns":12},{"damage":8,"enemies":"Chosen","floor":18,"turns":5},{"damage":0,"enemies":"Shell Parasite","floor":20,"turns":3},{"damage":9,"enemies":"Centurion and Healer","floor":21,"turns":5},{"damage":5,"enemies":"Chosen and Byrds","floor":25,"turns":6},{"damage":0,"enemies":"Snake Plant","floor":28,"turns":6},{"damage":0,"enemies":"Centurion and Healer","floor":29,"turns":5},{"damage":27,"enemies":"Slaver and Parasite","floor":30,"turns":5},{"damage":47,"enemies":"Automaton","floor":33,"turns":8},{"damage":3,"enemies":"3 Darklings","floor":35,"turns":5},{"damage":0,"enemies":"3 Shapes","floor":41,"turns":4},{"damage":7,"enemies":"3 Darklings","floor":45,"turns":3},{"damage":3,"enemies":"Sphere and 2 Shapes","floor":46,"turns":2},{"damage":11,"enemies":"Maw","floor":48,"turns":7},{"damage":81,"enemies":"Time Eater","floor":50,"turns":12}],"event_choices":[{"event_name":"Scrap Ooze","player_choice":"success","floor":2,"damage_taken":3},{"event_name":"The Woman in Blue","player_choice":"Bought 3 Potions","floor":4,"damage_taken":0},{"event_name":"The Cleric","player_choice":"Card Removal","floor":8,"damage_taken":0},{"event_name":"Accursed Blacksmith","player_choice":"Forge","floor":24,"damage_taken":0},{"event_name":"Match and Keep!","player_choice":"1 cards matched","floor":27,"damage_taken":0},{"event_name":"Purifier","player_choice":"One Purge","floor":31,"damage_taken":0},{"event_name":"Bonfire Elementals","player_choice":"RARE","floor":36,"damage_taken":0},{"event_name":"Mysterious Sphere","player_choice":"Ignore","floor":38,"damage_taken":0},{"event_name":"Tomb of Lord Red Mask","player_choice":"Paid","floor":39,"damage_taken":0},{"event_name":"Winding Halls","player_choice":"Embrace Madness","floor":42,"damage_taken":0}],"boss_relics":[{"not_picked":["Philosopher\u0027s Stone","Pandora\u0027s Box"],"picked":"White Beast Statue"},{"not_picked":["Question Card","Snecko Eye"],"picked":"The Specimen"}],"potions_floor_spawned":[12,14,16,18,20,21,25,28,29,30,33,35,41,45,46,48],"seed_played":"5375251351321028032","killed_by":"Time Eater","ascension_level":0,"is_trial":false}