{"gold_per_floor":[216,230,244,264,189,189,208,208,208,208,208,226,244,255,255,359,359,371,404,414,414,152,152,79,91,136,136,136,136,149,174,174,278,278,295,89,100,322,322,347,357,357,357,370,15,32,32,62,62,62],"floor_reached":50,"playtime":2448,"items_purged":["Strike_R","Strike_R"],"score":564,"play_id":"fea1b143-8f4c-4c66-8ab6-14d1fb7cfaa8","local_time":"20180813232210","is_ascension_mode":false,"campfire_choices":[{"data":"Whirlwind","floor":6.0,"key":"SMITH"},{"data":"Flame Barrier","floor":8.0,"key":"SMITH"},{"data":"Anger","floor":11.0,"key":"SMITH"},{"data":"Heavy Blade","floor":15.0,"key":"SMITH"},{"data":"Inflame","floor":23.0,"key":"SMITH"},{"floor":29.0,"key":"REST"},{"data":"Limit Break","floor":32.0,"key":"SMITH"},{"floor":47,"key":"REST"},{"floor":49,"key":"REST"}],"neow_cost":"NONE","seed_source_timestamp":613217847176450,"circlet_count":0,"master_deck":["Strike_R+1","Strike_R+1","Strike_R+1","Defend_R+1","Defend_R+1","Defend_R+1","Bash","Inflame+1","Flex","Whirlwind+1","Anger+1","Flame Barrier+1","Shrug It Off","Heavy Blade+1","Flex","Impervious","Rampage+1","Heavy Blade","Seeing Red+1","Limit Break+1","Dropkick","Cleave","Flex","Fiend Fire","Whirlwind+1","Shrug It Off","Dropkick+1","Thunderclap+1","Seeing Red","Heavy Blade","Heavy Blade"],"special_seed":0,"relics":["Burning Blood","Mummified Hand","Question Card","Runic Pyramid","Red Mask","War Paint","Vajra","Blue Candle","Mark of Pain","Pen Nib","Magic Flower","Happy Flower","Matryoshka","StoneCalendar","Singing Bowl"],"potions_floor_usage":[33,39,40],"damage_taken":[{"damage":1.0,"enemies":"Cultist","floor":1.0,"turns":3.0},{"damage":3.0,"enemies":"2 Louse","floor":2.0,"turns":4.0},{"damage":8.0,"enemies":"Jaw Worm","floor":3.0,"turns":3.0},{"damage":7.0,"enemies":"Large Slime","floor":4.0,"turns":4.0},{"damage":5.0,"enemies":"2 Fungi Beasts","floor":7.0,"turns":3.0},{"damage":5.0,"enemies":"Exordium Thugs","floor":12.0,"turns":4.0},{"damage":0.0,"enemies":"Gremlin Gang","floor":13.0,"turns":3.0},{"damage":0.0,"enemies":"3 Louse","floor":14.0,"turns":1.0},{"damage":51.0,"enemies":"Hexaghost","floor":16.0,"turns":7.0},{"damage":16.0,"enemies":"Shell Parasite","floor":18.0,"turns":7.0},{"damage":6.0,"floor":19.0,"turns":4.0},{"damage":1.0,"enemies":"Chosen","floor":20.0,"turns":4.0},{"damage":37.0,"enemies":"Centurion and Healer","floor":25.0,"turns":6.0},{"damage":0.0,"enemies":"Cultist and Chosen","floor":30.0,"turns":6.0},{"damage":7.0,"enemies":"Book of Stabbing","floor":31.0,"turns":5.0},{"damage":45,"enemies":"Automaton","floor":33,"turns":8},{"damage":0,"enemies":"Orb Walker","floor":35,"turns":3},{"damage":8,"enemies":"3 Darklings","floor":37,"turns":3},{"damage":0,"floor":39,"turns":4},{"damage":63,"enemies":"Nemesis","floor":40,"turns":7},{"damage":0,"enemies":"Flame Bruiser 2 Orb","floor":41,"turns":5},{"damage":6,"enemies":"Sphere and 2 Shapes","floor":44,"turns":1},{"damage":27,"enemies":"Maw","floor":46,"turns":7},{"damage":42,"enemies":"2 Orb Walkers","floor":48,"turns":4},{"damage":38,"enemies":"Donu and Deca","floor":50,"turns":2}],"seed_played":"-9218894648199343901","potions_obtained":[{"floor":2.0,"key":"LiquidBronze"},{"floor":4.0,"key":"Explosive Potion"},{"floor":7.0,"key":"Ancient Potion"},{"floor":12.0,"key":"AttackPotion"},{"floor":18.0,"key":"EssenceOfSteel"},{"floor":19.0,"key":"Swift Potion"},{"floor":33,"key":"Swift Potion"},{"floor":48,"key":"Ancient Potion"}],"is_trial":false,"path_per_floor":["M","M","M","M","$","R","M","R","T","?","R","M","M","M","R","B",null,"M","?","M","?","$","R","$","M","T","?","?","R","M","E","R","B",null,"M","$","M","?","?","E","M","?","T","M","$","M","R","E","R"],"character_chosen":"IRONCLAD","items_purchased":["Limit Break","Dropkick","Pen Nib","Shrug It Off","StoneCalendar","Strength Potion"],"campfire_rested":3,"item_purchase_floors":[22,24,36,36,45,45],"current_hp_per_floor":[80,80,78,77,77,77,78,78,78,75,75,76,80,80,80,35,80,70,70,75,75,75,75,75,44,44,44,44,68,74,73,73,34,80,80,80,78,78,80,26,35,35,35,38,38,20,44,11,35,0],"gold":62,"neow_bonus":"HUNDRED_GOLD","is_prod":false,"is_daily":false,"chose_seed":false,"campfire_upgraded":6,"win_rate":0,"timestamp":1534216930,"path_taken":["M","?","M","M","?","R","M","R","T","?","R","M","M","M","R","BOSS","M","?","M","?","?","R","$","?","T","?","?","R","M","E","R","BOSS","M","$","M","?","?","E","?","?","T","M","$","M","R","E","R","BOSS"],"build_version":"2018-08-09","purchased_purges":2,"victory":false,"max_hp_per_floor":[80,80,80,80,80,80,80,80,80,80,80,80,80,80,80,80,80,80,80,80,80,80,80,80,80,80,80,80,80,80,80,80,80,80,80,80,80,80,80,80,80,80,80,80,80,80,80,80,80,80],"card_choices":[{"not_picked":["Sword Boomerang","Wild Strike"],"picked":"Inflame","floor":1.0},{"not_picked":["Rage","True Grit"],"picked":"Flex","floor":2.0},{"not_picked":["Cleave","Pummel"],"picked":"Whirlwind","floor":3.0},{"not_picked":["Body Slam","Fiend Fire"],"picked":"Anger","floor":4.0},{"not_picked":["Anger","Second Wind"],"picked":"Flame Barrier","floor":7.0},{"not_picked":["Blood for Blood","Havoc","Armaments"],"picked":"Shrug It Off","floor":12.0},{"not_picked":["Iron Wave","Clothesline","Twin Strike"],"picked":"Heavy Blade","floor":13.0},{"not_picked":["Hemokinesis","Flame Barrier","Cleave"],"picked":"Flex","floor":14.0},{"not_picked":["Fiend Fire","Barricade","Offering"],"picked":"Impervious","floor":16.0},{"not_picked":["Feel No Pain+1","Dual Wield","Warcry"],"picked":"Rampage+1","floor":18.0},{"not_picked":["Body Slam","Sever Soul+1","Cleave"],"picked":"Heavy Blade","floor":19.0},{"not_picked":["Anger","Clothesline+1","Sentinel"],"picked":"Seeing Red","floor":20.0},{"not_picked":["Rage+1","Sword Boomerang","Iron Wave"],"picked":"Cleave","floor":25.0},{"not_picked":["Rampage","Thunderclap+1","Heavy Blade"],"picked":"Flex","floor":30.0},{"not_picked":["Headbutt","Berserk","Rampage","Reckless Charge"],"picked":"SKIP","floor":31.0},{"not_picked":["Juggernaut","Offering","Exhume"],"picked":"Fiend Fire","floor":33},{"not_picked":["Thunderclap+1","Pommel Strike","Clash+1"],"picked":"Whirlwind+1","floor":35},{"not_picked":["Blood for Blood","Pommel Strike","Whirlwind+1","Battle Trance+1"],"picked":"SKIP","floor":37},{"not_picked":["Warcry","Shockwave","Iron Wave"],"picked":"Dropkick+1","floor":39},{"not_picked":["Shrug It Off","Havoc+1","Rage+1"],"picked":"Thunderclap+1","floor":40},{"not_picked":["Cleave","Offering","Dual Wield+1"],"picked":"Seeing Red","floor":41},{"not_picked":["Body Slam+1","Infernal Blade","Wild Strike","Shrug It Off"],"picked":"SKIP","floor":44},{"not_picked":["Battle Trance","Reckless Charge","Armaments"],"picked":"Heavy Blade","floor":46},{"not_picked":["Hemokinesis+1","Clothesline+1","Cleave+1"],"picked":"Heavy Blade","floor":48}],"player_experience":128651,"relics_obtained":[{"floor":9.0,"key":"Mummified Hand"},{"floor":19.0,"key":"Red Mask"},{"floor":26.0,"key":"Vajra"},{"floor":31.0,"key":"Blue Candle"},{"floor":39,"key":"Magic Flower"},{"floor":40,"key":"Happy Flower"},{"floor":43,"key":"Matryoshka"},{"floor":48,"key":"Singing Bowl"}],"event_choices":[{"event_name":"Scrap Ooze","player_choice":"success","floor":10.0,"damage_taken":3.0},{"event_name":"Masked Bandits","player_choice":"Fought Bandits","floor":19.0,"damage_taken":0.0},{"event_name":"Accursed Blacksmith","player_choice":"Rummage","floor":21.0,"damage_taken":0.0},{"event_name":"Fountain of Cleansing","player_choice":"Removed Curse","floor":27.0,"damage_taken":0.0},{"event_name":"Back to Basics","player_choice":"Simplicity","floor":28.0,"damage_taken":0.0},{"event_name":"Tomb of Lord Red Mask","player_choice":"Wore Mask","floor":38,"damage_taken":0},{"event_name":"MindBloom","player_choice":"Fight","floor":39,"damage_taken":0},{"event_name":"Falling","player_choice":"Removed Skill","floor":42,"damage_taken":0}],"is_beta":false,"boss_relics":[{"not_picked":["Cursed Key","Snecko Eye"],"picked":"Runic Pyramid"},{"not_picked":["Black Star","Eternal Feather"],"picked":"Mark of Pain"}],"items_purged_floors":[5,22],"is_endless":false,"potions_floor_spawned":[2,4,7,12,18,19,25,33,35,37,39,48],"killed_by":"Donu and Deca","ascension_level":0}