{"gold_per_floor":[116,132,132,146,161,190,190,225,248,263,263,292,303,318,318,422,422,439,439,25,40,55,89,107,133,157,157,176,194,194,227,227,329,329,347,247,260,279,293,324,336,374,436,448,480,63,389,389,389,389],"floor_reached":51,"playtime":7116,"items_purged":["Slice","Prepared+1","Strike_G+1"],"score":1319,"play_id":"24e12f4e-ef92-4e30-a761-91e944d14fd0","local_time":"20181007024740","is_ascension_mode":true,"campfire_choices":[{"data":"Footwork","floor":7.0,"key":"SMITH"},{"floor":15.0,"key":"REST"},{"data":"Footwork","floor":30.0,"key":"SMITH"},{"data":"Footwork","floor":32.0,"key":"SMITH"},{"floor":41.0,"key":"REST"},{"floor":44.0,"key":"REST"},{"floor":49.0,"key":"REST"}],"neow_cost":"NONE","seed_source_timestamp":0,"circlet_count":0,"master_deck":["Defend_G+1","Defend_G+1","Defend_G+1","Defend_G+1","Defend_G+1","Strike_G+1","Strike_G+1","Strike_G+1","Strike_G+1","Survivor","Neutralize+1","AscendersBane","PiercingWail","Venomology","Backflip","Footwork+1","Quick Slash","Footwork+1","Footwork+1","Die Die Die","Blur","Die Die Die","Terror","Expertise+1","Well Laid Plans","Bullet Time","Sucker Punch+1","Bane+1","Skewer+1","Malaise","Blur+1","Eviscerate","Blur","Deadly Poison+1","Deadly Poison+1","Caltrops","Skewer+1","Bouncing Flask","Riddle With Holes+1"],"special_seed":0,"relics":["Ring of the Snake","Gremlin Horn","Lantern","Omamori","Blood Vial","Cursed Key","Bronze Scales","Snake Skull","Regal Pillow","Paper Crane","Pen Nib","Vajra","Fusion Hammer","MawBank","Torii","Happy Flower","DollysMirror","Old Coin"],"potions_floor_usage":[50,50,50,50],"damage_taken":[{"damage":1.0,"enemies":"2 Louse","floor":1.0,"turns":4.0},{"damage":0.0,"enemies":"Small Slimes","floor":2.0,"turns":3.0},{"damage":0.0,"enemies":"Cultist","floor":4.0,"turns":5.0},{"damage":1.0,"enemies":"Exordium Thugs","floor":5.0,"turns":7.0},{"damage":31.0,"enemies":"Lagavulin","floor":6.0,"turns":8.0},{"damage":21.0,"enemies":"3 Sentries","floor":8.0,"turns":16.0},{"damage":0.0,"enemies":"3 Louse","floor":10.0,"turns":5.0},{"damage":0.0,"enemies":"Gremlin Nob","floor":12.0,"turns":5.0},{"damage":2.0,"enemies":"Gremlin Gang","floor":13.0,"turns":9.0},{"damage":0.0,"enemies":"Looter","floor":14.0,"turns":5.0},{"damage":41.0,"enemies":"Slime Boss","floor":16.0,"turns":17.0},{"damage":0.0,"enemies":"Shell Parasite","floor":18.0,"turns":12.0},{"damage":0.0,"enemies":"Chosen","floor":21.0,"turns":4.0},{"damage":5.0,"enemies":"Centurion and Healer","floor":22.0,"turns":9.0},{"damage":0.0,"enemies":"Gremlin Leader","floor":23.0,"turns":8.0},{"damage":0.0,"enemies":"Cultist and Chosen","floor":24.0,"turns":5.0},{"damage":0.0,"enemies":"Book of Stabbing","floor":25.0,"turns":7.0},{"damage":0.0,"enemies":"Snecko","floor":28.0,"turns":8.0},{"damage":0.0,"enemies":"Snake Plant","floor":29.0,"turns":3.0},{"damage":15.0,"enemies":"Slavers","floor":31.0,"turns":5.0},{"damage":39.0,"enemies":"Automaton","floor":33.0,"turns":10.0},{"damage":0.0,"enemies":"3 Shapes","floor":35.0,"turns":2.0},{"damage":0.0,"enemies":"Orb Walker","floor":37.0,"turns":3.0},{"damage":14.0,"enemies":"3 Darklings","floor":38.0,"turns":5.0},{"damage":0.0,"enemies":"Sphere and 2 Shapes","floor":39.0,"turns":5.0},{"damage":5.0,"enemies":"2 Orb Walkers","floor":40.0,"turns":5.0},{"damage":15.0,"enemies":"Giant Head","floor":42.0,"turns":9.0},{"damage":8.0,"enemies":"4 Shapes","floor":45.0,"turns":4.0},{"damage":16.0,"enemies":"Nemesis","floor":47.0,"turns":6.0},{"damage":48,"enemies":"Time Eater","floor":50,"turns":8}],"seed_played":"-2660343321952747059","potions_obtained":[{"floor":2.0,"key":"Block Potion"},{"floor":5.0,"key":"Regen Potion"},{"floor":8.0,"key":"Regen Potion"},{"floor":10.0,"key":"Poison Potion"},{"floor":12.0,"key":"Swift Potion"},{"floor":22.0,"key":"Fire Potion"},{"floor":24.0,"key":"Swift Potion"},{"floor":29.0,"key":"Energy Potion"},{"floor":31.0,"key":"Poison Potion"},{"floor":37.0,"key":"Energy Potion"},{"floor":42.0,"key":"Poison Potion"}],"is_trial":false,"path_per_floor":["M","M","?","M","M","E","R","E","T","M","?","E","M","M","R","B",null,"M","?","$","M","M","E","M","E","T","$","M","M","R","E","R","B",null,"M","$","M","M","M","E","R","E","T","R","M","$","E","?","R","B"],"character_chosen":"THE_SILENT","items_purchased":["Terror","Bronze Scales","Snake Skull","Caltrops","DollysMirror","Bouncing Flask"],"campfire_rested":4,"item_purchase_floors":[20,20,20,46,46,46],"current_hp_per_floor":[62,62,62,62,61,45,45,24,24,24,17,31,31,33,54,15,56,58,58,58,60,57,59,61,63,63,63,65,67,67,54,54,17,57,59,59,61,49,51,48,70,55,55,70,62,62,48,48,66,18],"gold":389,"neow_bonus":"UPGRADE_CARD","is_prod":false,"is_daily":false,"chose_seed":false,"campfire_upgraded":3,"win_rate":0,"timestamp":1538873260,"path_taken":["M","M","?","?","M","E","R","E","T","?","?","E","?","M","R","BOSS","M","?","?","M","?","E","M","E","T","$","M","?","R","E","R","BOSS","M","$","M","?","M","E","R","E","T","R","M","$","E","?","R","BOSS"],"build_version":"2018-10-04v2","purchased_purges":3,"victory":true,"max_hp_per_floor":[70,70,70,70,70,70,70,70,70,70,70,70,70,70,70,70,70,70,70,70,70,70,70,70,70,70,70,70,70,70,70,70,70,70,70,70,70,70,70,70,70,70,70,70,70,70,70,66,66,66],"card_choices":[{"not_picked":["Bane","Outmaneuver"],"picked":"Slice","floor":1.0},{"not_picked":["Prepared","Backflip"],"picked":"PiercingWail","floor":2.0},{"not_picked":["Sucker Punch","Accuracy"],"picked":"Venomology","floor":4.0},{"not_picked":["Dodge and Roll","Bane"],"picked":"Backflip","floor":5.0},{"not_picked":["Deadly Poison","Dagger Spray"],"picked":"Footwork","floor":6.0},{"not_picked":["Finisher","Bane"],"picked":"Quick Slash","floor":8.0},{"not_picked":["Slice","Deflect"],"picked":"Footwork","floor":10.0},{"not_picked":["Dagger Throw","Prepared"],"picked":"Footwork","floor":12.0},{"not_picked":["Slice","Cloak And Dagger"],"picked":"Die Die Die","floor":13.0},{"not_picked":["Deadly Poison","Acrobatics"],"picked":"Blur","floor":14.0},{"not_picked":["Envenom","Glass Knife"],"picked":"Die Die Die","floor":16.0},{"not_picked":["Quick Slash","Catalyst"],"picked":"Prepared+1","floor":18.0},{"not_picked":["Crippling Poison+1","Cloak And Dagger"],"picked":"Expertise+1","floor":21.0},{"not_picked":["Endless Agony","Backflip","Calculated Gamble"],"picked":"SKIP","floor":22.0},{"not_picked":["Grand Finale","Quick Slash","Riddle With Holes+1"],"picked":"SKIP","floor":23.0},{"not_picked":["Underhanded Strike","Outmaneuver"],"picked":"Well Laid Plans","floor":24.0},{"not_picked":["Cloak And Dagger","Dagger Spray"],"picked":"Bullet Time","floor":25.0},{"not_picked":["Flying Knee+1","Dagger Spray"],"picked":"Sucker Punch+1","floor":28.0},{"not_picked":["Deadly Poison","Calculated Gamble+1"],"picked":"Bane+1","floor":29.0},{"not_picked":["Calculated Gamble","Expertise"],"picked":"Skewer+1","floor":31.0},{"not_picked":["After Image","Storm of Steel"],"picked":"Malaise","floor":33.0},{"not_picked":["Slice","Dagger Throw+1"],"picked":"Blur+1","floor":35.0},{"not_picked":["Infinite Blades+1","Accuracy"],"picked":"Eviscerate","floor":37.0},{"not_picked":["Reflex","Slice","Tactician+1"],"picked":"SKIP","floor":38.0},{"not_picked":["Sucker Punch","Reflex+1","Outmaneuver"],"picked":"SKIP","floor":39.0},{"not_picked":["Eviscerate","Outmaneuver"],"picked":"Blur","floor":40.0},{"not_picked":["Calculated Gamble","Wraith Form v2"],"picked":"Deadly Poison+1","floor":42.0},{"not_picked":["Setup+1","Dodge and Roll"],"picked":"Deadly Poison+1","floor":45.0},{"not_picked":["PiercingWail+1","Deflect+1"],"picked":"Riddle With Holes+1","floor":47.0}],"player_experience":208850,"relics_obtained":[{"floor":6.0,"key":"Gremlin Horn"},{"floor":8.0,"key":"Lantern"},{"floor":9.0,"key":"Omamori"},{"floor":12.0,"key":"Blood Vial"},{"floor":23.0,"key":"Regal Pillow"},{"floor":25.0,"key":"Paper Crane"},{"floor":26.0,"key":"Pen Nib"},{"floor":31.0,"key":"Vajra"},{"floor":40.0,"key":"MawBank"},{"floor":42.0,"key":"Torii"},{"floor":43.0,"key":"Happy Flower"},{"floor":47.0,"key":"Old Coin"}],"event_choices":[{"event_name":"Liars Game","player_choice":"disagreed","floor":3.0,"damage_taken":0.0},{"event_name":"Wheel of Change","player_choice":"Damage","floor":11.0,"damage_taken":0.0},{"event_name":"Back to Basics","player_choice":"Simplicity","floor":19.0,"damage_taken":0.0},{"event_name":"Winding Halls","player_choice":"Max HP","floor":48.0,"damage_taken":0.0}],"is_beta":false,"boss_relics":[{"not_picked":["Orrery","Velvet Choker"],"picked":"Cursed Key"},{"not_picked":["Busted Crown","Ring of the Serpent"],"picked":"Fusion Hammer"}],"items_purged_floors":[20,36,46],"is_endless":false,"potions_floor_spawned":[2,5,8,10,12,22,23,24,29,31,37,39,42],"ascension_level":10}