{"gold_per_floor":[110,110,124,139,159,159,171,14,69,97,172,172,190,205,205,303,303,318,233,251,251,58,58,58,58,81,81,81,93,93,105,105,208,208,225,225,225,325,399,399,434,464,476,122,122,122,132,152,152,152],"floor_reached":50,"playtime":3910,"items_purged":[],"score":619,"play_id":"70a7462c-adaa-41c1-96c9-baf326cb7fbb","local_time":"20190914144013","is_ascension_mode":true,"campfire_choices":[{"floor":6,"key":"RECALL"},{"data":"Deadly Poison","floor":15,"key":"SMITH"},{"floor":23,"key":"REST"},{"data":"Dagger Throw","floor":25,"key":"SMITH"},{"data":"Dagger Throw","floor":27,"key":"SMITH"},{"floor":32,"key":"REST"},{"data":"Accuracy","floor":40,"key":"SMITH"},{"floor":46,"key":"REST"},{"floor":49,"key":"REST"}],"neow_cost":"NONE","seed_source_timestamp":250475173810800,"circlet_count":0,"master_deck":["Deadly Poison+1","Masterful Stab","Skewer","Dagger Throw+1","Tactician+1","Cloak And Dagger+1","PiercingWail+1","Envenom","Accuracy+1","Acrobatics+1","Acrobatics+1","Infinite Blades","Accuracy","Tools of the Trade","PiercingWail+1","Slice","Prepared+1","Dash+1","Bouncing Flask+1","Dagger Throw+1","Dash","Dash","Envenom","Distraction+1","Blur+1","Endless Agony","Acrobatics+1","Slice+1","Malaise+1"],"relics":["Ring of the Snake","Bag of Marbles","Toxic Egg 2","Potion Belt","Pandora\u0027s Box","Regal Pillow","Toolbox","Happy Flower","Philosopher\u0027s Stone","Pocketwatch","The Courier","MawBank","Smiling Mask","Paper Crane","OrangePellets"],"potions_floor_usage":[10,16,20,29,33,33,42,48,48,50,50],"damage_taken":[{"damage":0,"enemies":"2 Louse","floor":1,"turns":3},{"damage":0,"enemies":"Cultist","floor":3,"turns":3},{"damage":0,"enemies":"Small Slimes","floor":4,"turns":3},{"damage":0,"enemies":"Looter","floor":5,"turns":2},{"damage":0,"enemies":"2 Fungi Beasts","floor":7,"turns":2},{"damage":0,"enemies":"Gremlin Nob","floor":10,"turns":3},{"damage":0,"enemies":"Large Slime","floor":13,"turns":5},{"damage":0,"enemies":"Blue Slaver","floor":14,"turns":4},{"damage":29,"enemies":"The Guardian","floor":16,"turns":12},{"damage":33,"enemies":"Spheric Guardian","floor":18,"turns":4},{"damage":3,"enemies":"Chosen","floor":20,"turns":4},{"damage":19,"enemies":"Centurion and Healer","floor":29,"turns":6},{"damage":18,"enemies":"Sentry and Sphere","floor":31,"turns":4},{"damage":58,"enemies":"Champ","floor":33,"turns":10},{"damage":3,"enemies":"Orb Walker","floor":35,"turns":3},{"damage":7,"enemies":"Mind Bloom Boss Battle","floor":38,"turns":6},{"damage":51,"enemies":"Giant Head","floor":41,"turns":7},{"damage":0,"enemies":"3 Shapes","floor":42,"turns":4},{"damage":47,"enemies":"Spire Growth","floor":47,"turns":7},{"damage":5,"enemies":"Writhing Mass","floor":48,"turns":5},{"damage":42,"enemies":"Awakened One","floor":50,"turns":11}],"seed_played":"9033114932441027812","potions_obtained":[{"floor":4,"key":"Block Potion"},{"floor":5,"key":"Weak Potion"},{"floor":7,"key":"Strength Potion"},{"floor":10,"key":"LiquidBronze"},{"floor":13,"key":"FearPotion"},{"floor":16,"key":"FearPotion"},{"floor":20,"key":"EssenceOfSteel"},{"floor":29,"key":"PowerPotion"},{"floor":38,"key":"FairyPotion"},{"floor":41,"key":"Weak Potion"},{"floor":42,"key":"Energy Potion"},{"floor":47,"key":"GamblersBrew"},{"floor":48,"key":"SteroidPotion"}],"is_trial":false,"path_per_floor":["M","?","M","M","M","R","M","$","T","E","?","?","M","M","R","B",null,"M","?","M","?","$","R","?","R","T","R","?","M","$","M","R","B",null,"M","?","?","?","T","R","E","M","T","$","?","R","M","M","R","B"],"character_chosen":"THE_SILENT","items_purchased":["Bag of Marbles","Toolbox","Paper Crane","OrangePellets"],"campfire_rested":4,"item_purchase_floors":[8,22,44,44],"current_hp_per_floor":[70,70,70,70,70,70,70,70,70,70,59,59,59,59,59,30,70,37,37,34,34,34,70,70,70,70,70,70,51,51,33,69,11,70,67,67,67,60,60,60,9,9,9,9,9,45,7,2,38,0],"gold":152,"neow_bonus":"UPGRADE_CARD","is_prod":false,"is_daily":false,"chose_seed":false,"campfire_upgraded":4,"win_rate":0,"timestamp":1568490013,"path_taken":["M","?","M","?","M","R","?","$","T","E","?","?","M","M","R","BOSS","M","?","M","?","$","R","?","R","T","R","?","M","$","M","R","BOSS","M","?","?","?","?","R","E","M","T","$","?","R","?","?","R","BOSS"],"build_version":"2019-07-17","purchased_purges":0,"victory":false,"max_hp_per_floor":[70,70,70,70,70,70,70,70,70,70,70,70,70,70,70,70,70,70,70,70,70,70,70,70,70,70,70,70,70,70,70,70,70,70,70,70,70,70,70,70,70,70,70,70,70,70,70,70,70,70],"card_choices":[{"not_picked":["Quick Slash","Sucker Punch"],"picked":"Deadly Poison","floor":1},{"not_picked":["Dodge and Roll","Sucker Punch"],"picked":"Masterful Stab","floor":3},{"not_picked":["Blade Dance","Setup"],"picked":"Skewer","floor":4},{"not_picked":["Dagger Spray","All Out Attack"],"picked":"Quick Slash","floor":5},{"not_picked":["Prepared","Well Laid Plans"],"picked":"Dagger Throw","floor":7},{"not_picked":["Infinite Blades","Quick Slash"],"picked":"Tactician","floor":10},{"not_picked":["Poisoned Stab","Blade Dance+1"],"picked":"Cloak And Dagger+1","floor":13},{"not_picked":["Corpse Explosion+1","Setup+1"],"picked":"PiercingWail+1","floor":14},{"not_picked":["Night Terror+1","Die Die Die"],"picked":"Envenom","floor":16},{"not_picked":["Sucker Punch","Quick Slash"],"picked":"Prepared+1","floor":18},{"not_picked":["Flying Knee","Outmaneuver+1"],"picked":"Dash+1","floor":20},{"not_picked":["Bane","Dagger Throw"],"picked":"Dash","floor":29},{"not_picked":["Skewer+1","Accuracy"],"picked":"Dash","floor":31},{"not_picked":["Wraith Form v2","Malaise+1"],"picked":"Envenom","floor":33},{"not_picked":["Dagger Throw","Poisoned Stab+1"],"picked":"Distraction+1","floor":35},{"not_picked":["Outmaneuver+1","Blade Dance+1"],"picked":"Blur+1","floor":38},{"not_picked":["Dagger Spray","Poisoned Stab"],"picked":"Endless Agony","floor":41},{"not_picked":["Prepared+1","Dodge and Roll+1"],"picked":"Acrobatics+1","floor":42},{"not_picked":["Poisoned Stab","Prepared+1"],"picked":"Slice+1","floor":47},{"not_picked":["Blade Dance+1","Sucker Punch"],"picked":"Malaise+1","floor":48}],"player_experience":388768,"relics_obtained":[{"floor":10,"key":"Toxic Egg 2"},{"floor":26,"key":"Happy Flower"},{"floor":38,"key":"Pocketwatch"},{"floor":39,"key":"The Courier"},{"floor":41,"key":"MawBank"},{"floor":43,"key":"Smiling Mask"}],"event_choices":[{"damage_healed":0,"gold_gain":0,"cards_transformed":["Strike_G"],"player_choice":"Transformed","damage_taken":0,"max_hp_gain":0,"max_hp_loss":0,"event_name":"Transmorgrifier","floor":2,"gold_loss":0,"cards_obtained":["Terror"]},{"damage_healed":0,"gold_gain":75,"player_choice":"Gather Gold","damage_taken":11,"max_hp_gain":0,"max_hp_loss":0,"event_name":"World of Goop","floor":11,"gold_loss":0},{"damage_healed":0,"gold_gain":0,"player_choice":"Searched \u00271\u0027 times","damage_taken":0,"relics_obtained":["Potion Belt"],"max_hp_gain":0,"max_hp_loss":0,"event_name":"Dead Adventurer","floor":12,"gold_loss":0},{"damage_healed":0,"gold_gain":0,"player_choice":"Obtained Relic","damage_taken":0,"relics_obtained":["Regal Pillow"],"max_hp_gain":0,"max_hp_loss":0,"event_name":"Addict","floor":19,"gold_loss":85},{"damage_healed":0,"gold_gain":0,"cards_transformed":["Survivor","Neutralize"],"player_choice":"Became Test Subject","damage_taken":0,"max_hp_gain":0,"max_hp_loss":0,"event_name":"Drug Dealer","floor":21,"gold_loss":0,"cards_obtained":["Bouncing Flask","Dagger Throw"]},{"cards_removed":["Terror"],"damage_healed":0,"gold_gain":0,"player_choice":"Elegance","damage_taken":0,"max_hp_gain":0,"max_hp_loss":0,"event_name":"Back to Basics","floor":24,"gold_loss":0},{"damage_healed":0,"gold_gain":0,"player_choice":"Ignored","damage_taken":0,"max_hp_gain":0,"max_hp_loss":0,"event_name":"Ghosts","floor":28,"gold_loss":0},{"damage_healed":0,"gold_gain":0,"player_choice":"Ignored","damage_taken":0,"max_hp_gain":0,"max_hp_loss":0,"event_name":"Mysterious Sphere","floor":36,"gold_loss":0},{"cards_removed":["Quick Slash"],"damage_healed":0,"gold_gain":0,"player_choice":"Removed Attack","damage_taken":0,"max_hp_gain":0,"max_hp_loss":0,"event_name":"Falling","floor":37,"gold_loss":0},{"damage_healed":0,"gold_gain":0,"player_choice":"Fight","damage_taken":0,"max_hp_gain":0,"max_hp_loss":0,"event_name":"MindBloom","floor":38,"gold_loss":0},{"cards_removed":["Finisher"],"damage_healed":0,"gold_gain":0,"player_choice":"Purged","damage_taken":0,"max_hp_gain":0,"max_hp_loss":0,"event_name":"Purifier","floor":45,"gold_loss":0}],"is_beta":false,"boss_relics":[{"not_picked":["White Beast Statue","Fusion Hammer"],"picked":"Pandora\u0027s Box"},{"not_picked":["Busted Crown","Runic Dome"],"picked":"Philosopher\u0027s Stone"}],"items_purged_floors":[],"is_endless":false,"potions_floor_spawned":[4,5,7,10,13,16,20,29,38,41,42,47,48],"killed_by":"Awakened One","ascension_level":4}