{"gold_per_floor":[214,230,230,230,230,230,264,264,264,264,304,304,318,332,332,451,451,471,39,138,157,157,171,196,196,278,278,72,72,72,96,96,96],"floor_reached":33,"playtime":2064,"items_purged":[],"score":287,"play_id":"ed89be23-d087-47d2-9f89-54b3db0d09e7","local_time":"20190813135617","is_ascension_mode":true,"campfire_choices":[{"data":"Bash","floor":6,"key":"SMITH"},{"floor":8,"key":"REST"},{"data":"Thunderclap","floor":10,"key":"SMITH"},{"data":"Thunderclap","floor":12,"key":"SMITH"},{"data":"Intimidate","floor":15,"key":"SMITH"},{"data":"Armaments","floor":27,"key":"SMITH"},{"data":"Armaments","floor":30,"key":"SMITH"},{"data":"Pommel Strike","floor":32,"key":"SMITH"}],"neow_cost":"NONE","seed_source_timestamp":335673363642900,"circlet_count":0,"master_deck":["Strike_R","Strike_R+1","Strike_R","Strike_R","Strike_R","Defend_R+1","Defend_R","Defend_R","Defend_R","Bash+1","Thunderclap+1","Twin Strike+1","Injury","Thunderclap+1","Twin Strike","Intimidate+1","Combust","Berserk","Armaments+1","Offering","Inflame","Dual Wield","Evolve","Whirlwind","Dropkick+1","Shrug It Off+1","Carnage","Armaments+1","Pommel Strike+1"],"relics":["Burning Blood","Golden Idol","Anchor","Thread and Needle","Ornamental Fan","Orrery","HandDrill","Self Forming Clay","Magic Flower","Mummified Hand","PreservedInsect","Meat on the Bone"],"potions_floor_usage":[16,16,18,25,33,33],"damage_taken":[{"damage":9,"enemies":"Small Slimes","floor":1,"turns":4},{"damage":5,"enemies":"2 Louse","floor":2,"turns":2},{"damage":34,"enemies":"3 Sentries","floor":7,"turns":8},{"damage":10,"enemies":"Gremlin Nob","floor":11,"turns":3},{"damage":0,"enemies":"Jaw Worm","floor":13,"turns":2},{"damage":0,"enemies":"2 Fungi Beasts","floor":14,"turns":2},{"damage":47,"enemies":"Hexaghost","floor":16,"turns":9},{"damage":0,"enemies":"Chosen","floor":18,"turns":4},{"damage":18,"enemies":"Shell Parasite","floor":21,"turns":5},{"damage":34,"enemies":"Snecko","floor":23,"turns":6},{"damage":14,"enemies":"3 Cultists","floor":24,"turns":5},{"damage":14,"enemies":"Gremlin Leader","floor":25,"turns":6},{"damage":9,"enemies":"Cultist and Chosen","floor":31,"turns":4},{"damage":63,"enemies":"Automaton","floor":33,"turns":8}],"seed_played":"3601247489372695903","potions_obtained":[{"floor":2,"key":"Fire Potion"},{"floor":13,"key":"Ancient Potion"},{"floor":14,"key":"Fire Potion"},{"floor":16,"key":"Poison Potion"},{"floor":18,"key":"SmokeBomb"},{"floor":21,"key":"Explosive Potion"},{"floor":31,"key":"EssenceOfSteel"}],"is_trial":false,"path_per_floor":["M","M","?","?","?","R","E","R","T","R","E","R","M","M","R","B",null,"M","$","?","M","?","M","M","E","T","R","$","T","R","M","R","B"],"character_chosen":"IRONCLAD","items_purchased":["HandDrill","Self Forming Clay","PreservedInsect","Armaments"],"campfire_rested":1,"item_purchase_floors":[19,19,28,28],"current_hp_per_floor":[77,78,78,78,62,62,34,58,58,58,54,54,60,66,66,25,80,80,80,80,68,68,43,38,33,33,33,33,33,33,51,51,0],"gold":96,"neow_bonus":"HUNDRED_GOLD","is_prod":false,"is_daily":false,"chose_seed":false,"campfire_upgraded":7,"win_rate":0,"timestamp":1565697377,"path_taken":["M","M","?","?","?","R","E","R","T","R","E","R","M","M","R","BOSS","M","$","?","M","?","M","?","E","T","R","$","?","R","?","R","BOSS"],"build_version":"2019-07-17","purchased_purges":0,"victory":false,"max_hp_per_floor":[80,80,80,80,80,80,80,80,80,80,80,80,80,80,80,80,80,80,80,80,80,80,80,80,80,80,80,80,80,80,80,80,80],"card_choices":[{"not_picked":["Iron Wave","Havoc"],"picked":"Thunderclap","floor":1},{"not_picked":["Sever Soul","Headbutt"],"picked":"Twin Strike","floor":2},{"not_picked":["Flex","Pummel"],"picked":"Thunderclap","floor":7},{"not_picked":["Shockwave","Clothesline"],"picked":"Twin Strike","floor":11},{"not_picked":["Headbutt","Wild Strike"],"picked":"Intimidate","floor":13},{"not_picked":["Searing Blow","Shrug It Off"],"picked":"Combust","floor":14},{"not_picked":["Immolate","Bludgeon"],"picked":"Berserk","floor":16},{"not_picked":["True Grit","Sword Boomerang"],"picked":"Armaments","floor":17},{"not_picked":["Twin Strike","Iron Wave"],"picked":"Offering","floor":17},{"not_picked":["Warcry","Anger"],"picked":"Inflame","floor":17},{"not_picked":["Carnage","Sword Boomerang"],"picked":"Dual Wield","floor":17},{"not_picked":["Pommel Strike","Clash"],"picked":"Evolve","floor":17},{"not_picked":["Feel No Pain","Heavy Blade"],"picked":"Whirlwind","floor":18},{"not_picked":["Carnage","Twin Strike"],"picked":"Dropkick+1","floor":21},{"not_picked":["Disarm","Havoc+1"],"picked":"Shrug It Off+1","floor":23},{"not_picked":["Twin Strike","Wild Strike"],"picked":"Carnage","floor":24},{"not_picked":["Uppercut","Entrench"],"picked":"Pommel Strike","floor":31}],"player_experience":35362,"relics_obtained":[{"floor":7,"key":"Anchor"},{"floor":9,"key":"Thread and Needle"},{"floor":11,"key":"Ornamental Fan"},{"floor":26,"key":"Mummified Hand"},{"floor":29,"key":"Meat on the Bone"}],"event_choices":[{"damage_healed":0,"gold_gain":0,"player_choice":"Grow","damage_taken":0,"max_hp_gain":0,"max_hp_loss":0,"event_name":"Living Wall","floor":3,"gold_loss":0,"cards_upgraded":["Twin Strike"]},{"damage_healed":0,"gold_gain":0,"player_choice":"Take Wound","damage_taken":0,"relics_obtained":["Golden Idol"],"max_hp_gain":0,"max_hp_loss":0,"event_name":"Golden Idol","floor":4,"gold_loss":0,"cards_obtained":["Injury"]},{"damage_healed":0,"gold_gain":0,"player_choice":"Entered Light","damage_taken":16,"max_hp_gain":0,"max_hp_loss":0,"event_name":"Shining Light","floor":5,"gold_loss":0,"cards_upgraded":["Defend_R","Strike_R"]},{"damage_healed":0,"gold_gain":99,"player_choice":"Stole From Cult","damage_taken":0,"max_hp_gain":0,"max_hp_loss":0,"event_name":"Nest","floor":20,"gold_loss":0},{"damage_healed":0,"gold_gain":0,"player_choice":"Gave Potion","damage_taken":0,"relics_obtained":["Magic Flower"],"max_hp_gain":0,"max_hp_loss":0,"event_name":"WeMeetAgain","floor":22,"gold_loss":0}],"is_beta":false,"boss_relics":[{"not_picked":["Runic Dome","Ectoplasm"],"picked":"Orrery"}],"items_purged_floors":[],"is_endless":false,"potions_floor_spawned":[2,13,14,16,18,21,31],"killed_by":"Automaton","ascension_level":1}