{"gold_per_floor":[114,114,130,130,150,150,169,169,169,169,183,183,198,3,3,108,108,122,122,122,132,152,152,152,163,163,163,175,175,200,211,211,211],"floor_reached":33,"playtime":1161,"items_purged":[],"score":494,"play_id":"0023044a-6506-433f-891d-faf8215da137","local_time":"20190608223200","is_ascension_mode":true,"campfire_choices":[{"data":"Seeing Red","floor":6.0,"key":"SMITH"},{"floor":15.0,"key":"REST"},{"data":"Inflame","floor":23.0,"key":"SMITH"},{"floor":27,"key":"REST"},{"data":"Flex","floor":29,"key":"SMITH"},{"floor":32,"key":"REST"}],"neow_cost":"NONE","seed_source_timestamp":23228923088361,"circlet_count":0,"master_deck":["AscendersBane","Strike_R+1","Strike_R","Strike_R","Strike_R","Strike_R","Defend_R","Defend_R","Defend_R+1","Bash+1","Seeing Red+1","Whirlwind+1","Bludgeon+1","Flex+1","Double Tap+1","Perfected Strike+1","Inflame+1","Shame","Heavy Blade+1","Perfected Strike+1","Flex"],"special_seed":0,"relics":["Burning Blood","Molten Egg 2","Boot","Cursed Key","Calipers","Bag of Preparation"],"potions_floor_usage":[30,30],"damage_taken":[{"damage":6.0,"enemies":"Cultist","floor":1.0,"turns":3.0},{"damage":8.0,"enemies":"Jaw Worm","floor":3.0,"turns":4.0},{"damage":5.0,"enemies":"Small Slimes","floor":5.0,"turns":3.0},{"damage":14.0,"enemies":"Exordium Wildlife","floor":7.0,"turns":2.0},{"damage":5.0,"enemies":"3 Louse","floor":11.0,"turns":3.0},{"damage":19.0,"enemies":"Exordium Thugs","floor":13.0,"turns":2.0},{"damage":0.0,"enemies":"Slime Boss","floor":16.0,"turns":5.0},{"damage":0.0,"enemies":"Spheric Guardian","floor":18.0,"turns":1.0},{"damage":23.0,"enemies":"Shell Parasite","floor":21.0,"turns":3.0},{"damage":16.0,"enemies":"Chosen and Byrds","floor":22.0,"turns":4.0},{"damage":17,"enemies":"3 Cultists","floor":25,"turns":4},{"damage":0,"enemies":"Snake Plant","floor":28,"turns":2},{"damage":38,"enemies":"Book of Stabbing","floor":30,"turns":3},{"damage":38,"enemies":"Shelled Parasite and Fungi","floor":31,"turns":3},{"damage":60,"enemies":"Champ","floor":33,"turns":6}],"seed_played":"-6893806825654105109","potions_obtained":[{"floor":5.0,"key":"FearPotion"},{"floor":7.0,"key":"SkillPotion"},{"floor":11.0,"key":"SteroidPotion"},{"floor":13.0,"key":"Poison Potion"},{"floor":16.0,"key":"Strength Potion"},{"floor":21.0,"key":"Energy Potion"},{"floor":25,"key":"AttackPotion"}],"is_trial":false,"path_per_floor":["M","?","M","?","M","R","M","?","T","$","M","?","M","$","R","B",null,"M","?","$","M","M","R","?","M","T","R","M","R","E","M","R","B"],"character_chosen":"IRONCLAD","items_purchased":["Bludgeon+1","Flex"],"campfire_rested":3,"item_purchase_floors":[14,14],"current_hp_per_floor":[80,80,78,45,46,46,38,20,20,20,21,21,8,8,34,40,76,82,82,82,65,55,55,55,44,44,70,76,76,44,12,38,0],"gold":211,"neow_bonus":"TEN_PERCENT_HP_BONUS","is_prod":false,"is_daily":false,"chose_seed":false,"campfire_upgraded":3,"win_rate":0,"timestamp":1560047520,"path_taken":["M","?","M","?","M","R","M","?","T","$","?","?","M","?","R","BOSS","M","?","?","M","M","R","?","M","T","R","M","R","E","?","R","BOSS"],"build_version":"2019-01-23","purchased_purges":0,"victory":false,"max_hp_per_floor":[88,88,88,88,88,88,88,88,88,88,88,88,88,88,88,88,88,88,88,88,88,88,88,88,88,88,88,88,88,88,88,88,88],"card_choices":[{"not_picked":["Havoc","Warcry"],"picked":"Seeing Red","floor":1.0},{"not_picked":["Wild Strike","Reckless Charge","Anger"],"picked":"SKIP","floor":3.0},{"not_picked":["Battle Trance","Disarm"],"picked":"Whirlwind+1","floor":5.0},{"not_picked":["Carnage+1","Disarm","Bloodletting"],"picked":"SKIP","floor":7.0},{"not_picked":["Reckless Charge+1","Clash+1","Wild Strike+1"],"picked":"SKIP","floor":11.0},{"not_picked":["Shrug It Off","Clothesline+1","Uppercut+1"],"picked":"SKIP","floor":13.0},{"not_picked":["Juggernaut","Offering"],"picked":"Double Tap","floor":16.0},{"not_picked":["Evolve","Second Wind","Twin Strike+1"],"picked":"SKIP","floor":18.0},{"not_picked":["Body Slam+1","Cleave+1"],"picked":"Perfected Strike+1","floor":21.0},{"not_picked":["Fire Breathing+1","Thunderclap+1"],"picked":"Inflame","floor":22.0},{"not_picked":["Armaments","Havoc","Burning Pact"],"picked":"SKIP","floor":25},{"not_picked":["Flame Barrier","Havoc"],"picked":"Heavy Blade+1","floor":28},{"not_picked":["Disarm","Battle Trance"],"picked":"Perfected Strike+1","floor":30},{"not_picked":["Fire Breathing","Headbutt+1"],"picked":"Flex","floor":31}],"player_experience":341547,"relics_obtained":[{"floor":9.0,"key":"Boot"},{"floor":26,"key":"Calipers"},{"floor":30,"key":"Bag of Preparation"}],"event_choices":[{"damage_healed":0.0,"max_hp_gain":0.0,"max_hp_loss":0.0,"gold_gain":0.0,"event_name":"Living Wall","player_choice":"Grow","floor":2.0,"gold_loss":0.0,"damage_taken":0.0,"cards_upgraded":["Bash"]},{"damage_healed":0.0,"max_hp_gain":0.0,"max_hp_loss":0.0,"gold_gain":0.0,"event_name":"Scrap Ooze","player_choice":"Success","floor":4.0,"gold_loss":0.0,"damage_taken":33.0,"relics_obtained":["Molten Egg 2"]},{"damage_healed":0.0,"max_hp_gain":0.0,"max_hp_loss":0.0,"gold_gain":0.0,"event_name":"Shining Light","player_choice":"Entered Light","floor":8.0,"gold_loss":0.0,"damage_taken":18.0,"cards_upgraded":["Defend_R","Strike_R"]},{"damage_healed":0.0,"max_hp_gain":0.0,"max_hp_loss":0.0,"gold_gain":0.0,"event_name":"Match and Keep!","player_choice":"0 cards matched","floor":12.0,"gold_loss":0.0,"damage_taken":0.0,"cards_obtained":[]},{"damage_healed":0.0,"max_hp_gain":0.0,"max_hp_loss":0.0,"gold_gain":0.0,"event_name":"Accursed Blacksmith","player_choice":"Forge","floor":19.0,"gold_loss":0.0,"damage_taken":0.0,"cards_upgraded":["Double Tap"]},{"cards_removed":["Defend_R"],"damage_healed":0.0,"max_hp_gain":0.0,"max_hp_loss":0.0,"gold_gain":0.0,"event_name":"Purifier","player_choice":"Purged","floor":24.0,"gold_loss":0.0,"damage_taken":0.0}],"is_beta":false,"boss_relics":[{"not_picked":["Sozu","Busted Crown"],"picked":"Cursed Key"}],"items_purged_floors":[],"is_endless":false,"potions_floor_spawned":[5,7,11,13,16,21,25,28],"killed_by":"Champ","ascension_level":12}