{"gold_per_floor":[117,192,192,192,51,51,69,69,69,84,96,96,115,130,130,225,225,235,66,81,81,81,81],"floor_reached":23,"playtime":2606,"items_purged":[],"score":206,"play_id":"89169d33-12d8-47d1-ac35-b5215c60e488","local_time":"20180915214155","is_ascension_mode":false,"campfire_choices":[{"data":"Bash","floor":6,"key":"SMITH"},{"data":"Pommel Strike","floor":8,"key":"SMITH"},{"data":"Battle Trance","floor":12,"key":"SMITH"},{"floor":15,"key":"REST"}],"neow_cost":"","seed_source_timestamp":175079291107602,"circlet_count":0,"master_deck":["Strike_R","Strike_R","Strike_R","Strike_R","Strike_R","Defend_R","Defend_R","Defend_R","Bash+1","Pommel Strike+1","Infernal Blade","Ghostly Armor","Discovery","Corruption","Combust","Battle Trance+1","Dropkick","Twin Strike","Feed","Anger","Enlightenment","Feel No Pain","Seeing Red","Ghostly","Ghostly","Ghostly","Ghostly","Ghostly"],"relics":["Burning Blood","Pen Nib","Eternal Feather"],"potions_floor_usage":[16,23,23,23],"damage_taken":[{"damage":7,"enemies":"Small Slimes","floor":1,"turns":4},{"damage":7,"enemies":"2 Louse","floor":7,"turns":3},{"damage":1,"enemies":"Cultist","floor":10,"turns":3},{"damage":6,"enemies":"Looter","floor":11,"turns":4},{"damage":0,"enemies":"3 Louse","floor":13,"turns":3},{"damage":13,"enemies":"2 Fungi Beasts","floor":14,"turns":3},{"damage":41,"enemies":"Hexaghost","floor":16,"turns":6},{"damage":7,"enemies":"Chosen","floor":18,"turns":3},{"damage":16,"enemies":"2 Thieves","floor":20,"turns":4},{"damage":53,"enemies":"Gremlin Leader","floor":23,"turns":9}],"seed_played":"2487446431038728163","potions_obtained":[{"floor":7,"key":"Weak Potion"},{"floor":11,"key":"Ancient Potion"},{"floor":14,"key":"Block Potion"},{"floor":16,"key":"Fruit Juice"},{"floor":18,"key":"Explosive Potion"}],"is_trial":false,"path_per_floor":["M","?","?","?","$","R","M","R","T","M","M","R","M","M","R","B",null,"M","$","M","?","?"],"character_chosen":"IRONCLAD","items_purchased":["Ghostly Armor","Discovery","Enlightenment","Feel No Pain"],"campfire_rested":1,"item_purchase_floors":[5,5,19,19],"current_hp_per_floor":[79,68,68,68,68,68,67,67,67,72,80,80,83,76,83,48,83,82,82,72,72,41,0],"gold":81,"neow_bonus":"","is_prod":false,"is_daily":false,"chose_seed":false,"campfire_upgraded":3,"win_rate":0.0,"timestamp":1537040515,"path_taken":["M","?","?","?","$","R","M","R","T","M","M","R","?","M","R","BOSS","M","$","M","?","?","E"],"build_version":"2018-09-06","purchased_purges":0,"victory":false,"max_hp_per_floor":[80,80,80,80,80,80,80,80,80,80,80,80,83,83,83,83,83,83,83,83,83,41,46],"card_choices":[{"not_picked":["Pummel","Cleave"],"picked":"Pommel Strike","floor":1},{"not_picked":["Searing Blow","Whirlwind"],"picked":"Corruption","floor":7},{"not_picked":["Body Slam","Whirlwind"],"picked":"Combust","floor":10},{"not_picked":["Headbutt","Rampage"],"picked":"Battle Trance","floor":11},{"not_picked":["Clothesline","Disarm"],"picked":"Dropkick","floor":13},{"not_picked":["Body Slam","Blood for Blood"],"picked":"Twin Strike","floor":14},{"not_picked":["Brutality","Offering"],"picked":"Feed","floor":16},{"not_picked":["Pummel","Thunderclap+1"],"picked":"Anger","floor":18},{"not_picked":["Body Slam","Sword Boomerang"],"picked":"Seeing Red","floor":20}],"player_experience":0,"relics_obtained":[{"floor":9,"key":"Pen Nib"}],"event_choices":[{"event_name":"World of Goop","player_choice":"Gather Gold","floor":2,"damage_taken":0},{"event_name":"Liars Game","player_choice":"disagreed","floor":3,"damage_taken":0},{"event_name":"Transmorgrifier","player_choice":"Transform","floor":4,"damage_taken":0},{"event_name":"The Mausoleum","player_choice":"No","floor":21,"damage_taken":0},{"event_name":"Ghosts","player_choice":"Became a Ghost","floor":22,"damage_taken":0}],"is_beta":false,"boss_relics":[{"not_picked":["Cursed Key","Velvet Choker"],"picked":"Eternal Feather"}],"items_purged_floors":[],"is_endless":false,"potions_floor_spawned":[7,11,14,16,18],"killed_by":"Gremlin Leader","ascension_level":0}