{"gold_per_floor":[114,129,129,146,165,165,184,184,184,201,233,1,1,12,12,112,112,132,150,79,98,111,111,131,146,146,326,336,336,336,336],"floor_reached":31,"playtime":4208,"items_purged":[],"score":268,"play_id":"d7fd94d8-207f-496c-9128-b28e3f8999e9","local_time":"20180916014744","is_ascension_mode":false,"campfire_choices":[{"data":"Dualcast","floor":6,"key":"SMITH"},{"data":"Redo","floor":8,"key":"SMITH"},{"floor":15,"key":"REST"},{"floor":23,"key":"REST"},{"data":"Biased Cognition","floor":30,"key":"SMITH"}],"neow_cost":"","seed_source_timestamp":188168555170985,"circlet_count":0,"master_deck":["Strike_B","Defend_B","Defend_B","Defend_B","Defend_B","Zap","Dualcast+1","Steam","Melter","Rainbow","Compile Driver","Redo+1","Stack","Chill","Master of Strategy","Sweeping Beam","Barrage","Seek","Beam Cell+1","Genetic Algorithm+1","Machine Learning+1","Chaos","Conserve Battery","Hello World","Coolheaded","Ball Lightning+1","Rip and Tear","Biased Cognition+1","Skim+1","Ghostly","Ghostly","Ghostly","Ghostly","Ghostly"],"relics":["Cracked Core","Matryoshka","Dodecahedron","Astrolabe","PreservedInsect","Bottled Flame"],"potions_floor_usage":[],"damage_taken":[{"damage":0,"enemies":"Small Slimes","floor":1,"turns":2},{"damage":3,"enemies":"Jaw Worm","floor":2,"turns":4},{"damage":0,"enemies":"Cultist","floor":4,"turns":4},{"damage":1,"enemies":"Red Slaver","floor":5,"turns":3},{"damage":3,"enemies":"3 Louse","floor":7,"turns":2},{"damage":8,"enemies":"Lots of Slimes","floor":10,"turns":4},{"damage":36,"enemies":"Gremlin Nob","floor":11,"turns":5},{"damage":1,"enemies":"Blue Slaver","floor":14,"turns":3},{"damage":15,"enemies":"The Guardian","floor":16,"turns":10},{"damage":0,"enemies":"Spheric Guardian","floor":18,"turns":2},{"damage":20,"enemies":"2 Thieves","floor":19,"turns":5},{"damage":19,"enemies":"Centurion and Healer","floor":21,"turns":9},{"damage":1,"enemies":"Sentry and Sphere","floor":22,"turns":5},{"damage":11,"enemies":"Snake Plant","floor":24,"turns":5},{"damage":5,"enemies":"Centurion and Healer","floor":25,"turns":6},{"damage":0,"enemies":"3 Cultists","floor":28,"turns":6},{"damage":21,"enemies":"Chosen and Byrds","floor":31,"turns":6}],"seed_played":"-3280926977030419879","potions_obtained":[{"floor":2,"key":"LiquidBronze"},{"floor":7,"key":"Strength Potion"},{"floor":14,"key":"Energy Potion"},{"floor":19,"key":"GamblersBrew"}],"is_trial":false,"path_per_floor":["M","M","?","M","M","R","M","R","T","M","E","$","$","M","R","B",null,"M","M","$","M","M","R","M","M","T","?","M","?","R"],"character_chosen":"DEFECT","items_purchased":["Master of Strategy","Sweeping Beam","Hello World"],"campfire_rested":2,"item_purchase_floors":[12,12,20],"current_hp_per_floor":[75,72,72,72,71,71,68,68,68,60,24,24,24,23,45,30,75,75,55,55,36,35,57,46,41,41,20,20,20,20,0],"gold":336,"neow_bonus":"","is_prod":false,"is_daily":false,"chose_seed":false,"campfire_upgraded":3,"win_rate":0.0,"timestamp":1537055264,"path_taken":["M","M","?","M","M","R","M","R","T","?","E","?","$","M","R","BOSS","M","M","$","M","M","R","M","M","T","?","?","?","R","M"],"build_version":"2018-09-06","purchased_purges":0,"victory":false,"max_hp_per_floor":[75,75,75,75,75,75,75,75,75,75,75,75,75,75,75,75,75,75,75,75,75,75,75,75,75,75,75,75,37,37,37],"card_choices":[{"not_picked":["Ball Lightning","Reprogram"],"picked":"Steam","floor":1},{"not_picked":["Compile Driver","Barrage"],"picked":"Melter","floor":2},{"not_picked":["Hologram","Compile Driver"],"picked":"Rainbow","floor":4},{"not_picked":["Go for the Eyes","Conserve Battery"],"picked":"Compile Driver","floor":5},{"not_picked":["Streamline","Hologram"],"picked":"Redo","floor":7},{"not_picked":["Loop","Glacier"],"picked":"Stack","floor":10},{"not_picked":["Redo","Lockon"],"picked":"Chill","floor":11},{"not_picked":["Force Field","Skim"],"picked":"Barrage","floor":14},{"not_picked":["Multi-Cast","Electrodynamics"],"picked":"Seek","floor":16},{"not_picked":["Steam","Self Repair"],"picked":"Chaos","floor":18},{"not_picked":["Blizzard","Tempest+1"],"picked":"Conserve Battery","floor":19},{"not_picked":["Tempest+1","Hologram"],"picked":"Coolheaded","floor":21},{"not_picked":["Leap+1","Steam+1"],"picked":"Ball Lightning+1","floor":22},{"not_picked":["Sweeping Beam","Stack"],"picked":"Rip and Tear","floor":24},{"not_picked":["Hologram","Stack"],"picked":"Biased Cognition","floor":25},{"not_picked":["Sweeping Beam","Steam"],"picked":"Skim+1","floor":28}],"player_experience":12910,"relics_obtained":[{"floor":9,"key":"Matryoshka"},{"floor":11,"key":"Dodecahedron"},{"floor":26,"key":"PreservedInsect"},{"floor":26,"key":"Bottled Flame"}],"event_choices":[{"event_name":"The Cleric","player_choice":"Leave","floor":3,"damage_taken":0},{"event_name":"Knowing Skull","player_choice":"GOLD GOLD ","floor":27,"damage_taken":0},{"event_name":"Ghosts","player_choice":"Became a Ghost","floor":29,"damage_taken":0}],"is_beta":false,"boss_relics":[{"not_picked":["Fusion Hammer","Runic Dome"],"picked":"Astrolabe"}],"items_purged_floors":[],"is_endless":false,"potions_floor_spawned":[2,7,14,16,18,19,22],"killed_by":"Chosen and Byrds","ascension_level":0}