{"gold_per_floor":[116,136,154,154,0,0,14,14,14,14,14,14,24,36,36,141,141,161,260,274,174,186,186,206,206,206,206,206,131,62,79,79,174,174,192,110,110,70,84,84,101,119,119,130,130,142,142,154,154,154],"floor_reached":50,"playtime":2129,"items_purged":["Strike_G","Strike_G"],"score":436,"play_id":"e0b12088-9dd9-47fd-af3a-5f126113dd91","local_time":"20190915143431","is_ascension_mode":false,"campfire_choices":[{"data":"Backflip","floor":6.0,"key":"SMITH"},{"data":"Cloak And Dagger","floor":8.0,"key":"SMITH"},{"data":"Neutralize","floor":11.0,"key":"SMITH"},{"data":"Blade Dance","floor":15.0,"key":"SMITH"},{"data":"Cloak And Dagger","floor":23.0,"key":"SMITH"},{"data":"A Thousand Cuts","floor":25.0,"key":"SMITH"},{"data":"Infinite Blades","floor":28.0,"key":"SMITH"},{"data":"Footwork","floor":32.0,"key":"SMITH"},{"data":"Envenom","floor":40.0,"key":"SMITH"},{"data":"Dodge and Roll","floor":45,"key":"SMITH"},{"floor":49,"key":"REST"}],"neow_cost":"NONE","seed_source_timestamp":273688114218899,"circlet_count":0,"master_deck":["Defend_G","Defend_G","Defend_G","Survivor","Neutralize+1","Backflip+1","Poisoned Stab","Dagger Spray","Bouncing Flask+1","Cloak And Dagger+1","Blade Dance+1","A Thousand Cuts+1","Cloak And Dagger+1","Infinite Blades+1","Backflip+1","Footwork+1","Flying Knee+1","Envenom+1","Noxious Fumes+1","Glass Knife+1","Tools of the Trade+1","Dodge and Roll+1","Accuracy","Footwork","Catalyst+1","Dash+1","Dodge and Roll+1"],"special_seed":0,"relics":["Ring of the Snake","Molten Egg 2","Bottled Lightning","WristBlade","Bottled Flame","Astrolabe","Ornamental Fan"],"potions_floor_usage":[44,46,50,50],"damage_taken":[{"damage":0.0,"enemies":"Jaw Worm","floor":1.0,"turns":4.0},{"damage":0.0,"enemies":"Small Slimes","floor":2.0,"turns":4.0},{"damage":0.0,"enemies":"Cultist","floor":3.0,"turns":4.0},{"damage":0.0,"enemies":"3 Louse","floor":7.0,"turns":3.0},{"damage":1.0,"enemies":"Blue Slaver","floor":13.0,"turns":3.0},{"damage":3.0,"enemies":"Lots of Slimes","floor":14.0,"turns":3.0},{"damage":16.0,"enemies":"The Guardian","floor":16.0,"turns":10.0},{"damage":1.0,"enemies":"2 Thieves","floor":18.0,"turns":4.0},{"damage":0.0,"enemies":"Spheric Guardian","floor":20.0,"turns":3.0},{"damage":5.0,"enemies":"3 Cultists","floor":22.0,"turns":6.0},{"damage":9.0,"enemies":"Snake Plant","floor":24.0,"turns":4.0},{"damage":15.0,"enemies":"Sentry and Sphere","floor":31.0,"turns":6.0},{"damage":30.0,"enemies":"Champ","floor":33.0,"turns":9.0},{"damage":0.0,"enemies":"3 Shapes","floor":35.0,"turns":6.0},{"damage":2.0,"enemies":"Orb Walker","floor":39.0,"turns":5.0},{"damage":8.0,"enemies":"4 Shapes","floor":41.0,"turns":7.0},{"damage":25.0,"enemies":"Transient","floor":42.0,"turns":5.0},{"damage":14,"enemies":"3 Darklings","floor":44,"turns":5},{"damage":9,"enemies":"4 Shapes","floor":46,"turns":7},{"damage":16,"enemies":"Jaw Worm Horde","floor":48,"turns":4},{"damage":56,"enemies":"Donu and Deca","floor":50,"turns":7}],"seed_played":"2886774788233947961","potions_obtained":[{"floor":0.0,"key":"SneckoOil"},{"floor":0.0,"key":"Regen Potion"},{"floor":0.0,"key":"Swift Potion"},{"floor":3.0,"key":"Swift Potion"},{"floor":22.0,"key":"Ancient Potion"},{"floor":24.0,"key":"Ancient Potion"},{"floor":31.0,"key":"DuplicationPotion"},{"floor":33.0,"key":"Strength Potion"},{"floor":41.0,"key":"Swift Potion"},{"floor":42.0,"key":"Energy Potion"},{"floor":44,"key":"Regen Potion"},{"floor":48,"key":"Regen Potion"}],"is_trial":false,"path_per_floor":["M","M","M","?","$","R","M","R","T","?","R","?","M","M","R","B",null,"M","?","M","$","M","R","M","R","T","?","R","?","$","M","R","B",null,"M","$","?","$","M","R","M","M","T","M","R","M","?","M","R","B"],"character_chosen":"THE_SILENT","items_purchased":["Bouncing Flask","Footwork","Accuracy","Footwork"],"campfire_rested":1,"item_purchase_floors":[5,30,36,38],"current_hp_per_floor":[70,70,70,67,67,67,67,67,67,60,60,60,59,65,65,49,70,69,69,69,69,64,64,55,55,55,55,55,55,55,40,40,10,70,70,70,70,70,68,68,60,35,35,21,21,27,27,11,32,0],"gold":154,"neow_bonus":"THREE_SMALL_POTIONS","is_prod":false,"is_daily":false,"chose_seed":false,"campfire_upgraded":10,"win_rate":0,"timestamp":1568525671,"path_taken":["M","M","M","?","$","R","M","R","T","?","R","?","M","M","R","BOSS","M","?","M","$","M","R","M","R","T","?","R","?","$","M","R","BOSS","M","$","?","$","M","R","M","?","T","M","R","M","?","M","R","BOSS"],"build_version":"2019-09-12","purchased_purges":2,"victory":false,"max_hp_per_floor":[70,70,70,70,70,70,70,70,70,70,70,70,70,70,70,70,70,70,70,70,70,70,70,70,70,70,70,70,70,70,70,70,70,70,70,70,70,70,70,70,70,70,70,70,70,70,70,70,70,70],"card_choices":[{"not_picked":["Eviscerate","Prepared"],"picked":"Backflip","floor":1.0},{"not_picked":["Escape Plan","Riddle With Holes"],"picked":"Poisoned Stab","floor":2.0},{"not_picked":["Dodge and Roll","Quick Slash"],"picked":"Dagger Spray","floor":3.0},{"not_picked":["Deflect","Blade Dance"],"picked":"Cloak And Dagger","floor":7.0},{"not_picked":["Prepared","Dagger Spray+1","Acrobatics"],"picked":"SKIP","floor":13.0},{"not_picked":["Slice+1","PiercingWail"],"picked":"Blade Dance","floor":14.0},{"not_picked":["Bullet Time","Malaise"],"picked":"A Thousand Cuts","floor":16.0},{"not_picked":["Bane+1","Well Laid Plans","Acrobatics"],"picked":"SKIP","floor":18.0},{"not_picked":["Dodge and Roll","Skewer+1"],"picked":"Cloak And Dagger","floor":20.0},{"not_picked":["Underhanded Strike+1","Masterful Stab+1"],"picked":"Infinite Blades","floor":22.0},{"not_picked":["Crippling Poison","Eviscerate+1"],"picked":"Backflip+1","floor":24.0},{"not_picked":["Well Laid Plans","Slice+1"],"picked":"Flying Knee+1","floor":31.0},{"not_picked":["Storm of Steel","After Image"],"picked":"Envenom","floor":33.0},{"not_picked":["Prepared+1","Heel Hook+1"],"picked":"Dodge and Roll","floor":35.0},{"not_picked":["Poisoned Stab+1","Backflip"],"picked":"Catalyst+1","floor":39.0},{"not_picked":["Underhanded Strike+1","Poisoned Stab+1","Dodge and Roll"],"picked":"SKIP","floor":41.0},{"not_picked":["Cloak And Dagger","Skewer+1","Dagger Throw+1"],"picked":"SKIP","floor":42.0},{"not_picked":["Tactician","Eviscerate+1"],"picked":"Dash+1","floor":44},{"not_picked":["Poisoned Stab+1","Quick Slash+1"],"picked":"Dodge and Roll+1","floor":46},{"not_picked":["Footwork+1","Dagger Spray+1","Underhanded Strike+1"],"picked":"SKIP","floor":48}],"player_experience":449188,"relics_obtained":[{"floor":9.0,"key":"Bottled Lightning"},{"floor":26.0,"key":"Bottled Flame"},{"floor":43.0,"key":"Ornamental Fan"}],"event_choices":[{"damage_healed":0.0,"max_hp_gain":0.0,"max_hp_loss":0.0,"gold_gain":0.0,"event_name":"Scrap Ooze","player_choice":"Success","floor":4.0,"gold_loss":0.0,"damage_taken":3.0,"relics_obtained":["Molten Egg 2"]},{"cards_removed":["Strike_G"],"damage_healed":0.0,"max_hp_gain":0.0,"max_hp_loss":0.0,"gold_gain":0.0,"event_name":"Golden Wing","player_choice":"Card Removal","floor":10.0,"gold_loss":0.0,"damage_taken":7.0},{"damage_healed":0.0,"max_hp_gain":0.0,"max_hp_loss":0.0,"gold_gain":0.0,"event_name":"Upgrade Shrine","player_choice":"Upgraded","floor":12.0,"gold_loss":0.0,"damage_taken":0.0,"cards_upgraded":["Bouncing Flask"]},{"damage_healed":0.0,"max_hp_gain":0.0,"max_hp_loss":0.0,"gold_gain":99.0,"event_name":"Nest","player_choice":"Stole From Cult","floor":19.0,"gold_loss":0.0,"damage_taken":0.0},{"damage_healed":0.0,"max_hp_gain":0.0,"max_hp_loss":0.0,"gold_gain":0.0,"event_name":"The Mausoleum","player_choice":"Ignored","floor":27.0,"gold_loss":0.0,"damage_taken":0.0},{"cards_removed":["Strike_G"],"damage_healed":0.0,"max_hp_gain":0.0,"max_hp_loss":0.0,"gold_gain":0.0,"event_name":"Beggar","player_choice":"Gave Gold","floor":29.0,"gold_loss":75.0,"damage_taken":0.0},{"damage_healed":0.0,"max_hp_gain":0.0,"max_hp_loss":0.0,"gold_gain":0.0,"event_name":"Wheel of Change","player_choice":"Full Heal","floor":37.0,"gold_loss":0.0,"damage_taken":0.0},{"damage_healed":0,"gold_gain":0,"player_choice":"Memory 1","damage_taken":0,"max_hp_gain":0,"max_hp_loss":0,"event_name":"SensoryStone","floor":47,"gold_loss":0}],"is_beta":true,"boss_relics":[{"not_picked":["Black Star","Velvet Choker"],"picked":"WristBlade"},{"not_picked":["Runic Pyramid","Snecko Eye"],"picked":"Astrolabe"}],"items_purged_floors":[5,21],"is_endless":false,"potions_floor_spawned":[3,13,22,24,31,33,41,42,44,48],"killed_by":"Donu and Deca","ascension_level":0}