{"gold_per_floor":[109,120,132,132,149,149,31,63,63,63,63,34,46,121,121,222,222,242,242,25,25,44,44,64,94,121,137,153,43,43,133,133,236,286,296,296,316,316,316,316,336,336,359,359,71,88,188,207,207,207],"floor_reached":50,"playtime":3005,"items_purged":["Writhe"],"score":635,"play_id":"ca87c9f6-4d39-4f71-8346-74d1899d4d13","local_time":"20190914085722","is_ascension_mode":false,"campfire_choices":[{"data":"Whirlwind","floor":6.0,"key":"SMITH"},{"data":"Bash","floor":10.0,"key":"SMITH"},{"data":"Evolve","floor":15.0,"key":"SMITH"},{"data":"Havoc","floor":23.0,"key":"SMITH"},{"data":"Demon Form","floor":32.0,"key":"SMITH"},{"data":"Entrench","floor":40.0,"key":"SMITH"},{"data":"True Grit","floor":42.0,"key":"SMITH"},{"floor":49.0,"key":"REST"}],"neow_cost":"","seed_source_timestamp":0,"circlet_count":0,"master_deck":["Defend_R","Defend_R","Defend_R","Bash+1","Anger","Whirlwind+1","Feel No Pain+1","Shrug It Off","Searing Blow","Evolve+1","Flame Barrier","Shockwave","Demon Form+1","Headbutt","Bite","Bite","Bite","Bite","Bite","Havoc+1","True Grit+1","Dropkick","Shrug It Off+1","Sword Boomerang","Offering","Impervious","Entrench+1","Sword Boomerang","Discovery","Discovery","Shockwave","Armaments+1"],"special_seed":0,"relics":["Black Blood","The Courier","Gremlin Horn","Centennial Puzzle","Juzu Bracelet","Chemical X","Kunai","Pen Nib","Tiny House","Bronze Scales","Vajra","OrangePellets","Peace Pipe"],"potions_floor_usage":[50],"damage_taken":[{"damage":5.0,"enemies":"Cultist","floor":1.0,"turns":4.0},{"damage":8.0,"enemies":"2 Louse","floor":2.0,"turns":2.0},{"damage":11.0,"enemies":"Jaw Worm","floor":3.0,"turns":2.0},{"damage":1.0,"enemies":"2 Fungi Beasts","floor":5.0,"turns":4.0},{"damage":10.0,"enemies":"Gremlin Nob","floor":8.0,"turns":3.0},{"damage":2.0,"enemies":"Looter","floor":13.0,"turns":2.0},{"damage":33.0,"enemies":"Hexaghost","floor":16.0,"turns":12.0},{"damage":12.0,"enemies":"Shell Parasite","floor":18.0,"turns":8.0},{"damage":5.0,"enemies":"Spheric Guardian","floor":22.0,"turns":3.0},{"damage":11.0,"enemies":"Cultist and Chosen","floor":24.0,"turns":6.0},{"damage":34.0,"enemies":"Slavers","floor":25.0,"turns":4.0},{"damage":40.0,"enemies":"Snake Plant","floor":27.0,"turns":7.0},{"damage":15.0,"enemies":"Centurion and Healer","floor":28.0,"turns":6.0},{"damage":33.0,"enemies":"Collector","floor":33.0,"turns":6.0},{"damage":10.0,"enemies":"3 Darklings","floor":35.0,"turns":3.0},{"damage":27.0,"enemies":"Orb Walker","floor":37.0,"turns":5.0},{"damage":36.0,"enemies":"Transient","floor":41.0,"turns":5.0},{"damage":37.0,"enemies":"Spire Growth","floor":46.0,"turns":5.0},{"damage":6.0,"enemies":"Mind Bloom Boss Battle","floor":47.0,"turns":5.0},{"damage":27.0,"enemies":"Writhing Mass","floor":48.0,"turns":9.0},{"damage":46,"enemies":"Awakened One","floor":50,"turns":4}],"seed_played":"1762873494807043106","potions_obtained":[{"floor":3.0,"key":"SteroidPotion"},{"floor":5.0,"key":"Weak Potion"},{"floor":13.0,"key":"SneckoOil"},{"floor":22.0,"key":"FearPotion"},{"floor":28.0,"key":"SkillPotion"},{"floor":33.0,"key":"Dexterity Potion"},{"floor":34.0,"key":"Swift Potion"},{"floor":37.0,"key":"BloodPotion"},{"floor":48.0,"key":"SpeedPotion"}],"is_trial":true,"path_per_floor":["M","M","M","?","M","R","$","E","T","R","?","$","M","?","R","B",null,"M","?","$","?","M","R","M","E","T","M","M","$","?","?","R","B",null,"M","?","M","?","?","R","M","R","T","?","$","M","?","M","R","B"],"character_chosen":"IRONCLAD","items_purchased":["Metallicize","Searing Blow","Flame Barrier","Chemical X","Offering","Vajra","OrangePellets"],"campfire_rested":1,"item_purchase_floors":[7,7,12,20,29,45,45],"current_hp_per_floor":[80,78,73,66,71,71,71,67,67,67,55,55,59,48,48,21,80,78,78,78,56,56,56,56,36,36,18,27,27,56,44,44,33,61,61,56,47,47,47,47,33,33,33,33,33,27,37,24,42,0],"gold":207,"neow_bonus":"","is_prod":false,"is_daily":false,"chose_seed":false,"campfire_upgraded":7,"win_rate":0,"timestamp":1568476642,"path_taken":["M","M","?","?","M","R","$","E","T","R","?","?","M","?","R","BOSS","M","?","$","?","M","R","M","E","T","M","M","$","?","?","R","BOSS","M","?","M","?","?","R","M","R","T","?","$","M","?","M","R","BOSS"],"build_version":"2019-07-17","purchased_purges":1,"victory":false,"max_hp_per_floor":[80,80,80,80,80,80,80,80,80,80,80,80,80,80,80,80,80,80,80,80,56,56,56,56,56,56,56,56,56,56,56,56,56,61,61,61,61,61,61,61,61,61,61,61,61,61,61,61,61,61],"card_choices":[{"not_picked":["Wild Strike","Clash"],"picked":"Anger","floor":1.0},{"not_picked":["Flame Barrier","Reckless Charge"],"picked":"Whirlwind","floor":2.0},{"not_picked":["Havoc","Clash"],"picked":"Feel No Pain","floor":3.0},{"not_picked":["Cleave","Reckless Charge"],"picked":"Shrug It Off","floor":5.0},{"not_picked":["Intimidate","Immolate"],"picked":"Evolve","floor":8.0},{"not_picked":["Body Slam","Twin Strike"],"picked":"Shockwave","floor":13.0},{"not_picked":["Berserk","Reaper"],"picked":"Demon Form","floor":16.0},{"not_picked":["Infernal Blade","Inflame"],"picked":"Headbutt","floor":18.0},{"not_picked":["Heavy Blade","Spot Weakness"],"picked":"Havoc","floor":22.0},{"not_picked":["Body Slam","Anger"],"picked":"True Grit","floor":24.0},{"not_picked":["Pommel Strike","Sever Soul"],"picked":"Dropkick","floor":25.0},{"not_picked":["Whirlwind","Wild Strike"],"picked":"Shrug It Off+1","floor":27.0},{"not_picked":["Thunderclap","Clothesline"],"picked":"Sword Boomerang","floor":28.0},{"not_picked":["Exhume","Limit Break"],"picked":"Impervious","floor":33.0},{"not_picked":["Battle Trance","Uppercut"],"picked":"Entrench","floor":34.0},{"not_picked":["Infernal Blade+1","Blood for Blood"],"picked":"Sword Boomerang","floor":35.0},{"not_picked":["Secret Weapon","Trip"],"picked":"Discovery","floor":36.0},{"not_picked":["Dark Shackles","Trip"],"picked":"Discovery","floor":36.0},{"not_picked":["Headbutt","Whirlwind"],"picked":"Shockwave","floor":37.0},{"not_picked":["Clash+1","Blood for Blood","Perfected Strike+1"],"picked":"SKIP","floor":41.0},{"not_picked":["Perfected Strike","Anger+1","Pommel Strike+1"],"picked":"SKIP","floor":46.0},{"not_picked":["Havoc","Twin Strike+1"],"picked":"Armaments+1","floor":48.0}],"player_experience":967874,"relics_obtained":[{"floor":8.0,"key":"The Courier"},{"floor":9.0,"key":"Gremlin Horn"},{"floor":25.0,"key":"Kunai"},{"floor":26.0,"key":"Pen Nib"},{"floor":43.0,"key":"Bronze Scales"},{"floor":47.0,"key":"Peace Pipe"}],"event_choices":[{"cards_removed":["Strike_R"],"damage_healed":0.0,"max_hp_gain":0.0,"max_hp_loss":0.0,"gold_gain":0.0,"event_name":"Golden Wing","player_choice":"Card Removal","floor":4.0,"gold_loss":0.0,"damage_taken":7.0},{"damage_healed":0.0,"max_hp_gain":0.0,"max_hp_loss":0.0,"gold_gain":0.0,"event_name":"Scrap Ooze","player_choice":"Success","floor":11.0,"gold_loss":0.0,"damage_taken":12.0,"relics_obtained":["Centennial Puzzle"]},{"damage_healed":0.0,"max_hp_gain":0.0,"max_hp_loss":0.0,"gold_gain":75.0,"event_name":"World of Goop","player_choice":"Gather Gold","floor":14.0,"gold_loss":0.0,"damage_taken":11.0},{"damage_healed":0.0,"max_hp_gain":0.0,"max_hp_loss":0.0,"gold_gain":0.0,"event_name":"The Mausoleum","player_choice":"Opened","floor":19.0,"gold_loss":0.0,"damage_taken":0.0,"relics_obtained":["Juzu Bracelet"],"cards_obtained":["Writhe"]},{"damage_healed":0.0,"max_hp_gain":0.0,"max_hp_loss":24.0,"gold_gain":0.0,"event_name":"Vampires","player_choice":"Became a vampire","floor":21.0,"gold_loss":0.0,"damage_taken":0.0,"cards_obtained":["Bite","Bite","Bite","Bite","Bite"]},{"cards_removed":["Metallicize"],"damage_healed":29.0,"max_hp_gain":0.0,"max_hp_loss":0.0,"gold_gain":0.0,"event_name":"Bonfire Elementals","player_choice":"Offered Uncommon","floor":30.0,"gold_loss":0.0,"damage_taken":0.0},{"damage_healed":0.0,"max_hp_gain":0.0,"max_hp_loss":0.0,"gold_gain":90.0,"event_name":"Knowing Skull","player_choice":"GOLD ","floor":31.0,"potions_obtained":[],"gold_loss":0.0,"damage_taken":12.0,"cards_obtained":[]},{"damage_healed":0.0,"max_hp_gain":0.0,"max_hp_loss":0.0,"gold_gain":0.0,"event_name":"SensoryStone","player_choice":"Memory 2","floor":36.0,"gold_loss":0.0,"damage_taken":5.0},{"cards_removed":["Defend_R"],"damage_healed":0.0,"max_hp_gain":0.0,"max_hp_loss":0.0,"gold_gain":0.0,"event_name":"Falling","player_choice":"Removed Skill","floor":38.0,"gold_loss":0.0,"damage_taken":0.0},{"damage_healed":0.0,"max_hp_gain":0.0,"max_hp_loss":0.0,"gold_gain":0.0,"event_name":"Mysterious Sphere","player_choice":"Ignored","floor":39.0,"gold_loss":0.0,"damage_taken":0.0},{"damage_healed":0.0,"max_hp_gain":0.0,"max_hp_loss":0.0,"gold_gain":0.0,"event_name":"Tomb of Lord Red Mask","player_choice":"Ignored","floor":44.0,"gold_loss":0.0,"damage_taken":0.0},{"damage_healed":0.0,"max_hp_gain":0.0,"max_hp_loss":0.0,"gold_gain":0.0,"event_name":"MindBloom","player_choice":"Fight","floor":47.0,"gold_loss":0.0,"damage_taken":0.0}],"is_beta":false,"boss_relics":[{"not_picked":["Orrery","Runic Pyramid"],"picked":"Black Blood"},{"not_picked":["Empty Cage","Fusion Hammer"],"picked":"Tiny House"}],"items_purged_floors":[20],"is_endless":true,"potions_floor_spawned":[3,5,13,22,28,33,35,37,48],"killed_by":"Awakened One","ascension_level":0}