{"gold_per_floor":[116,131,131,14,34,34,47,64,64,39,214,227,227,241,241,241],"floor_reached":16,"playtime":1819,"items_purged":[],"score":94,"play_id":"ed060e3c-d608-4831-8327-19b28b3bed57","local_time":"20190810010324","is_ascension_mode":false,"campfire_choices":[{"data":"PiercingWail","floor":6,"key":"SMITH"},{"floor":15,"key":"REST"}],"neow_cost":"NONE","seed_source_timestamp":887347216800969,"circlet_count":0,"master_deck":["Strike_G","Strike_G","Strike_G","Strike_G","Defend_G","Defend_G","Defend_G","Defend_G","Defend_G","Survivor","Neutralize","Bouncing Flask","Footwork","Footwork","PiercingWail+1","Predator","Tactician","Footwork","Acrobatics","Doubt","Acrobatics","Well Laid Plans"],"relics":["Ring of the Snake","Ninja Scroll"],"potions_floor_usage":[],"damage_taken":[{"damage":1,"enemies":"Cultist","floor":1,"turns":4},{"damage":7,"enemies":"2 Louse","floor":2,"turns":2},{"damage":0,"enemies":"Jaw Worm","floor":5,"turns":5},{"damage":5,"enemies":"3 Louse","floor":7,"turns":6},{"damage":12,"enemies":"Exordium Wildlife","floor":8,"turns":8},{"damage":9,"enemies":"Large Slime","floor":12,"turns":9},{"damage":9,"enemies":"Exordium Thugs","floor":14,"turns":5},{"damage":41,"enemies":"Slime Boss","floor":16,"turns":19}],"seed_played":"1284709347608242254","potions_obtained":[{"floor":1,"key":"LiquidBronze"},{"floor":5,"key":"PowerPotion"},{"floor":8,"key":"Poison Potion"}],"is_trial":false,"path_per_floor":["M","M","?","$","M","R","M","M","T","$","?","M","?","M","R","B"],"character_chosen":"THE_SILENT","items_purchased":["Footwork","PiercingWail","Acrobatics"],"campfire_rested":1,"item_purchase_floors":[4,4,10],"current_hp_per_floor":[69,62,55,55,55,55,50,38,38,38,38,29,22,13,34,0],"gold":241,"neow_bonus":"REMOVE_CARD","is_prod":false,"is_daily":false,"chose_seed":false,"campfire_upgraded":1,"win_rate":0.0,"timestamp":1565417004,"path_taken":["M","?","?","$","M","R","?","M","T","?","?","M","?","?","R","BOSS"],"build_version":"2019-07-17","purchased_purges":0,"victory":false,"max_hp_per_floor":[70,70,70,70,70,70,70,70,70,70,70,70,70,70,70,70],"card_choices":[{"not_picked":["Expertise","Sucker Punch"],"picked":"Bouncing Flask","floor":1},{"not_picked":["Dagger Throw","Prepared"],"picked":"Footwork","floor":2},{"not_picked":["Eviscerate","Slice"],"picked":"Predator","floor":5},{"not_picked":["All Out Attack","Sucker Punch"],"picked":"Tactician","floor":7},{"not_picked":["Quick Slash","Deadly Poison"],"picked":"Footwork","floor":8},{"not_picked":["Underhanded Strike","Blur"],"picked":"Acrobatics","floor":12},{"not_picked":["Deflect","Glass Knife"],"picked":"Well Laid Plans","floor":14}],"player_experience":106389,"relics_obtained":[{"floor":9,"key":"Ninja Scroll"}],"event_choices":[{"damage_healed":0,"gold_gain":0,"player_choice":"Damaged","damage_taken":7,"max_hp_gain":0,"max_hp_loss":0,"event_name":"Wheel of Change","floor":3,"gold_loss":0},{"damage_healed":0,"gold_gain":175,"player_choice":"AGREE","damage_taken":0,"max_hp_gain":0,"max_hp_loss":0,"event_name":"Liars Game","floor":11,"gold_loss":0,"cards_obtained":["Doubt"]},{"damage_healed":0,"gold_gain":0,"player_choice":"Fled","damage_taken":7,"max_hp_gain":0,"max_hp_loss":0,"event_name":"Scrap Ooze","floor":13,"gold_loss":0}],"is_beta":false,"boss_relics":[],"items_purged_floors":[],"is_endless":false,"potions_floor_spawned":[1,5,8,12],"killed_by":"Slime Boss","ascension_level":0}