{"gold_per_floor":[112,112,122,47,58,58,88,88,113,141,159,159,173,173,173,274,274,287,251,251,216,141,141,64,84,109,122,122,134,134,144,144,245,245,259,277,277,277,131,131,131,131,131,131,146,157,0,0,0,0],"floor_reached":51,"playtime":1690,"items_purged":["Regret"],"score":738,"play_id":"a4242cf2-6b80-46c9-a3ba-5b6f66c7d170","local_time":"20180819205929","is_ascension_mode":true,"campfire_choices":[{"data":"Cleave","floor":6.0,"key":"SMITH"},{"data":"Anger","floor":8.0,"key":"SMITH"},{"data":"Shrug It Off","floor":12.0,"key":"SMITH"},{"floor":15.0,"key":"REST"},{"data":"Carnage","floor":23.0,"key":"SMITH"},{"floor":32.0,"key":"REST"},{"data":"Impervious","floor":40.0,"key":"SMITH"},{"data":"Flex","floor":42.0,"key":"SMITH"},{"floor":49.0,"key":"REST"}],"neow_cost":"NONE","seed_source_timestamp":44360935576086,"circlet_count":0,"master_deck":["Strike_R","Strike_R","Strike_R+1","Strike_R+1","Defend_R","Defend_R","Defend_R","Bash+1","Thunderclap","Pommel Strike","Cleave+1","Anger+1","Shrug It Off+1","Clash","Uppercut+1","Inflame","Carnage+1","J.A.X.","Warcry+1","Battle Trance","Flex+1","Clash","Clash","RitualDagger","Flex+1","Anger+1","Impervious+1","Thunderclap+1","Pommel Strike+1","Clash+1","Normality","Anger+1","Infernal Blade+1","Iron Wave+1"],"special_seed":0,"relics":["Black Blood","Centennial Puzzle","Pen Nib","Juzu Bracelet","Mercury Hourglass","Mark of Pain","Prayer Wheel","Strawberry","Self Forming Clay","Anchor","Bronze Scales","Vajra","Red Mask"],"potions_floor_usage":[50,50,50],"damage_taken":[{"damage":1.0,"enemies":"2 Louse","floor":1.0,"turns":3.0},{"damage":15.0,"enemies":"Small Slimes","floor":3.0,"turns":3.0},{"damage":1.0,"enemies":"Cultist","floor":5.0,"turns":3.0},{"damage":14.0,"enemies":"Gremlin Nob","floor":7.0,"turns":3.0},{"damage":18.0,"enemies":"Lagavulin","floor":10.0,"turns":3.0},{"damage":0.0,"enemies":"2 Fungi Beasts","floor":11.0,"turns":2.0},{"damage":13.0,"enemies":"Large Slime","floor":13.0,"turns":3.0},{"damage":32.0,"enemies":"Hexaghost","floor":16.0,"turns":8.0},{"damage":12.0,"enemies":"3 Byrds","floor":18.0,"turns":3.0},{"damage":3.0,"enemies":"Spheric Guardian","floor":25.0,"turns":2.0},{"damage":3.0,"enemies":"3 Cultists","floor":27.0,"turns":3.0},{"damage":18.0,"enemies":"Snecko","floor":29.0,"turns":4.0},{"damage":15.0,"enemies":"Centurion and Healer","floor":31.0,"turns":3.0},{"damage":59.0,"enemies":"Champ","floor":33.0,"turns":7.0},{"damage":6.0,"enemies":"Orb Walker","floor":35.0,"turns":2.0},{"damage":1.0,"enemies":"3 Darklings","floor":36.0,"turns":2.0},{"damage":12.0,"enemies":"4 Shapes","floor":45.0,"turns":3.0},{"damage":29.0,"enemies":"Maw","floor":46.0,"turns":6.0},{"damage":85,"enemies":"Awakened One","floor":50,"turns":10}],"seed_played":"3247715056712622407","potions_obtained":[{"floor":1.0,"key":"Poison Potion"},{"floor":5.0,"key":"Poison Potion"},{"floor":10.0,"key":"LiquidBronze"},{"floor":25.0,"key":"Dexterity Potion"},{"floor":29.0,"key":"PowerPotion"},{"floor":31.0,"key":"AttackPotion"},{"floor":36.0,"key":"LiquidBronze"},{"floor":46.0,"key":"Poison Potion"}],"is_trial":false,"path_per_floor":["M","?","M","$","M","R","E","R","T","E","M","R","M","?","R","B",null,"M","$","?","$","?","R","?","M","T","M","T","M","?","M","R","B",null,"M","M","?","?","$","R","?","R","T","?","M","M","?","?","R","B"],"character_chosen":"IRONCLAD","items_purchased":["Inflame","Carnage","Anchor"],"campfire_rested":3,"item_purchase_floors":[19,21,39],"current_hp_per_floor":[80,80,71,71,76,76,68,68,68,56,62,62,55,39,63,37,80,74,74,74,74,74,74,74,77,84,87,87,75,69,60,86,33,87,87,90,90,90,90,90,90,90,90,90,88,69,69,69,90,15],"gold":0,"neow_bonus":"UPGRADE_CARD","is_prod":false,"is_daily":false,"chose_seed":false,"campfire_upgraded":6,"win_rate":0,"timestamp":1534726769,"path_taken":["M","?","M","$","M","R","E","R","T","E","M","R","M","?","R","BOSS","M","$","?","$","?","R","?","M","T","M","?","M","?","M","R","BOSS","M","M","?","?","$","R","?","R","T","?","M","M","?","?","R","BOSS"],"build_version":"2018-08-16","purchased_purges":1,"victory":true,"max_hp_per_floor":[80,80,80,80,80,80,80,80,80,80,80,80,80,80,80,80,80,80,80,80,80,80,80,80,80,87,87,87,87,87,87,87,87,87,87,90,90,90,90,90,90,90,90,90,90,90,90,90,90,90],"card_choices":[{"not_picked":["Battle Trance","Infernal Blade"],"picked":"Thunderclap","floor":1.0},{"not_picked":["Body Slam","True Grit"],"picked":"Pommel Strike","floor":3.0},{"not_picked":["Fire Breathing","Warcry"],"picked":"Cleave","floor":5.0},{"not_picked":["Sentinel","Sword Boomerang"],"picked":"Anger","floor":7.0},{"not_picked":["Demon Form","Pommel Strike"],"picked":"Shrug It Off","floor":10.0},{"not_picked":["Wild Strike","Cleave","Infernal Blade"],"picked":"SKIP","floor":11.0},{"not_picked":["Hemokinesis","Perfected Strike"],"picked":"Clash","floor":13.0},{"not_picked":["Body Slam","Clothesline+1"],"picked":"Uppercut+1","floor":18.0},{"not_picked":["Combust","Headbutt"],"picked":"Warcry+1","floor":25.0},{"not_picked":["Havoc","Battle Trance","Sword Boomerang"],"picked":"SKIP","floor":25.0},{"not_picked":["Havoc","Sword Boomerang"],"picked":"Battle Trance","floor":25.0},{"not_picked":["Clothesline","Warcry"],"picked":"Flex","floor":27.0},{"not_picked":["Offering","Feel No Pain","Evolve"],"picked":"SKIP","floor":27.0},{"not_picked":["Havoc","Wild Strike"],"picked":"Clash","floor":29.0},{"not_picked":["Clash","Infernal Blade+1","Bloodletting"],"picked":"SKIP","floor":29.0},{"not_picked":["Infernal Blade+1","Bloodletting"],"picked":"Clash","floor":29.0},{"not_picked":["Perfected Strike","Evolve+1"],"picked":"Flex","floor":31.0},{"not_picked":["Reckless Charge","Reaper"],"picked":"Anger+1","floor":31.0},{"not_picked":["Fiend Fire","Reaper"],"picked":"Impervious","floor":33.0},{"not_picked":["Body Slam+1","Heavy Blade"],"picked":"Thunderclap+1","floor":35.0},{"not_picked":["Rupture","Blood for Blood","Pummel"],"picked":"SKIP","floor":35.0},{"not_picked":["Combust","Havoc"],"picked":"Pommel Strike+1","floor":36.0},{"not_picked":["Wild Strike+1","Ghostly Armor+1"],"picked":"Clash+1","floor":36.0},{"not_picked":["Warcry","Cleave"],"picked":"Anger+1","floor":45.0},{"not_picked":["Infernal Blade+1","Shrug It Off","Wild Strike"],"picked":"SKIP","floor":45.0},{"not_picked":["Shrug It Off","Wild Strike"],"picked":"Infernal Blade+1","floor":45.0},{"not_picked":["Ghostly Armor","Pommel Strike+1"],"picked":"Iron Wave+1","floor":46.0},{"not_picked":["Burning Pact+1","Anger+1","Perfected Strike+1"],"picked":"SKIP","floor":46.0}],"player_experience":169492,"relics_obtained":[{"floor":7.0,"key":"Pen Nib"},{"floor":9.0,"key":"Juzu Bracelet"},{"floor":10.0,"key":"Mercury Hourglass"},{"floor":26.0,"key":"Strawberry"},{"floor":28.0,"key":"Self Forming Clay"},{"floor":43.0,"key":"Bronze Scales"}],"event_choices":[{"event_name":"Big Fish","player_choice":"Box","floor":2.0,"damage_taken":0.0},{"event_name":"Shining Light","player_choice":"Entered Light","floor":14.0,"damage_taken":0.0},{"event_name":"The Mausoleum","player_choice":"Yes","floor":20.0,"damage_taken":0.0},{"event_name":"Beggar","player_choice":"Gave Gold","floor":22.0,"damage_taken":0.0},{"event_name":"Drug Dealer","player_choice":"Got JAXXED","floor":24.0,"damage_taken":0.0},{"event_name":"Nest","player_choice":"Joined the Cult","floor":30.0,"damage_taken":0.0},{"event_name":"SensoryStone","player_choice":"Memory 1","floor":37.0,"damage_taken":0.0},{"event_name":"Falling","player_choice":"Removed Skill","floor":38.0,"damage_taken":0.0},{"event_name":"Upgrade Shrine","player_choice":"Upgraded","floor":41.0,"damage_taken":0.0},{"event_name":"Accursed Blacksmith","player_choice":"Rummage","floor":44.0,"damage_taken":0.0},{"event_name":"Tomb of Lord Red Mask","player_choice":"Paid","floor":47.0,"damage_taken":0.0},{"event_name":"Mysterious Sphere","player_choice":"Ignore","floor":48.0,"damage_taken":0.0}],"is_beta":false,"boss_relics":[{"not_picked":["Orrery","Eternal Feather"],"picked":"Mark of Pain"},{"not_picked":["Snecko Eye","Pandora\u0027s Box"],"picked":"Black Blood"}],"items_purged_floors":[4],"is_endless":false,"potions_floor_spawned":[1,5,10,25,29,31,36,46],"ascension_level":2}