{"gold_per_floor":[363,363,64,64,77,77,108,108,108,39,39,55,75,75,75,75],"floor_reached":16,"playtime":465,"items_purged":[],"score":162,"play_id":"3692ffd0-556e-4728-9658-861e53067fc0","local_time":"20190610000050","is_ascension_mode":true,"campfire_choices":[{"data":"Pommel Strike","floor":6.0,"key":"SMITH"},{"floor":11.0,"key":"REST"},{"floor":15.0,"key":"REST"}],"neow_cost":"PERCENT_DAMAGE","seed_source_timestamp":115705943804941,"circlet_count":0,"master_deck":["AscendersBane","Strike_R","Strike_R","Strike_R","Defend_R","Defend_R","Defend_R","Defend_R","Bash","Dropkick","Pommel Strike+1","Shrug It Off","Flame Barrier"],"special_seed":0,"relics":["Burning Blood","Peace Pipe","Dodecahedron","Bottled Flame","Ornamental Fan","Golden Idol"],"potions_floor_usage":[],"damage_taken":[{"damage":19.0,"enemies":"Jaw Worm","floor":1.0,"turns":4.0},{"damage":6.0,"enemies":"Cultist","floor":5.0,"turns":5.0},{"damage":24.0,"enemies":"Gremlin Nob","floor":7.0,"turns":4.0},{"damage":3.0,"enemies":"2 Louse","floor":12.0,"turns":3.0},{"damage":11.0,"enemies":"Looter","floor":13.0,"turns":2.0},{"damage":60,"enemies":"Slime Boss","floor":16,"turns":10}],"seed_played":"60035722661119087","potions_obtained":[{"floor":1.0,"key":"SmokeBomb"}],"is_trial":false,"path_per_floor":["M","?","$","?","M","R","E","T","T","$","R","M","M","?","R","B"],"character_chosen":"IRONCLAD","items_purchased":["Peace Pipe","Flame Barrier"],"campfire_rested":2,"item_purchase_floors":[3,10],"current_hp_per_floor":[38,38,38,31,31,31,13,13,13,13,37,40,35,35,57,0],"gold":75,"neow_bonus":"TWO_FIFTY_GOLD","is_prod":false,"is_daily":false,"chose_seed":false,"campfire_upgraded":1,"win_rate":0,"timestamp":1560139250,"path_taken":["M","?","?","?","M","R","E","?","T","?","R","M","M","?","R","BOSS"],"build_version":"2019-01-23","purchased_purges":0,"victory":false,"max_hp_per_floor":[80,80,80,80,80,80,80,80,80,80,80,80,80,74,74,74],"card_choices":[{"not_picked":["Pummel","Headbutt"],"picked":"Dropkick","floor":1.0},{"not_picked":["Armaments","Iron Wave"],"picked":"Pommel Strike","floor":5.0},{"not_picked":["Warcry","Clothesline"],"picked":"Shrug It Off","floor":7.0},{"not_picked":["Twin Strike","Flex","Battle Trance"],"picked":"SKIP","floor":12.0},{"not_picked":["Sword Boomerang","Dual Wield","Clothesline"],"picked":"SKIP","floor":13.0}],"player_experience":353365,"relics_obtained":[{"floor":7.0,"key":"Dodecahedron"},{"floor":8.0,"key":"Bottled Flame"},{"floor":9.0,"key":"Ornamental Fan"}],"event_choices":[{"cards_removed":["Strike_R"],"damage_healed":0.0,"max_hp_gain":0.0,"max_hp_loss":0.0,"gold_gain":0.0,"event_name":"Bonfire Elementals","player_choice":"Offered Basic","floor":2.0,"gold_loss":0.0,"damage_taken":0.0},{"cards_removed":["Strike_R"],"damage_healed":0.0,"max_hp_gain":0.0,"max_hp_loss":0.0,"gold_gain":0.0,"event_name":"Golden Wing","player_choice":"Card Removal","floor":4.0,"gold_loss":0.0,"damage_taken":7.0},{"damage_healed":0.0,"max_hp_gain":0.0,"max_hp_loss":6.0,"gold_gain":0.0,"event_name":"Golden Idol","player_choice":"Lose Max HP","floor":14.0,"gold_loss":0.0,"damage_taken":0.0,"relics_obtained":["Golden Idol"]}],"is_beta":false,"boss_relics":[],"items_purged_floors":[],"is_endless":false,"potions_floor_spawned":[1],"killed_by":"Slime Boss","ascension_level":13}