{"gold_per_floor":[110,128,203,39,49,49,80,80,128,140,168,188,188,96,96,192,192,203,216,230,230,243,243,261,281,281,307,320,320,320,335,335,439,439,453,78,0,10,22,22],"floor_reached":40,"playtime":3455,"items_purged":[],"score":447,"play_id":"d8a30f16-6eff-4046-9bad-1ead6d32ef18","local_time":"20190812144524","is_ascension_mode":false,"campfire_choices":[{"data":"Armaments","floor":6.0,"key":"SMITH"},{"data":"Anger","floor":8.0,"key":"SMITH"},{"floor":15.0,"key":"REST"},{"data":"Fiend Fire","floor":23.0,"key":"SMITH"},{"floor":29.0,"key":"REST"},{"floor":32.0,"key":"REST"}],"neow_cost":"NONE","seed_source_timestamp":0,"circlet_count":0,"master_deck":["Strike_R+1","Strike_R+1","Strike_R+1","Strike_R+1","Strike_R+1","Defend_R+1","Defend_R+1","Defend_R+1","Defend_R+1","Bash","Flex","Twin Strike","Flame Barrier","Pummel","Battle Trance","Anger+1","Armaments+1","Whirlwind+1","Dual Wield","Shrug It Off","Armaments","Dramatic Entrance","Fiend Fire+1","Whirlwind+1","Flex+1","Body Slam+1","Perfected Strike+1","Infernal Blade","Pommel Strike+1","Thunderclap","Inflame+1","Metallicize","Barricade","Corruption+1","Impatience+1","Secret Technique+1","Flex+1","Shockwave+1","Parasite","Disarm+1"],"special_seed":0,"relics":["Burning Blood","Anchor","Bronze Scales","Mummified Hand","Lizard Tail","Toxic Egg 2","Red Skull","Eternal Feather","Red Mask"],"potions_floor_usage":[40,40],"damage_taken":[{"damage":12.0,"enemies":"Small Slimes","floor":1.0,"turns":3.0},{"damage":1.0,"enemies":"Jaw Worm","floor":2.0,"turns":3.0},{"damage":5.0,"enemies":"2 Louse","floor":5.0,"turns":2.0},{"damage":26.0,"enemies":"Lagavulin","floor":7.0,"turns":7.0},{"damage":9.0,"enemies":"Exordium Wildlife","floor":10.0,"turns":3.0},{"damage":20.0,"enemies":"Gremlin Nob","floor":11.0,"turns":4.0},{"damage":0.0,"enemies":"Looter","floor":12.0,"turns":3.0},{"damage":49.0,"enemies":"Hexaghost","floor":16.0,"turns":8.0},{"damage":20.0,"enemies":"Spheric Guardian","floor":18.0,"turns":4.0},{"damage":10.0,"enemies":"Chosen","floor":19.0,"turns":4.0},{"damage":1.0,"enemies":"3 Cultists","floor":20.0,"turns":3.0},{"damage":21.0,"enemies":"Snake Plant","floor":22.0,"turns":3.0},{"damage":16.0,"enemies":"Centurion and Healer","floor":24.0,"turns":3.0},{"damage":20.0,"enemies":"3 Cultists","floor":25.0,"turns":4.0},{"damage":22.0,"enemies":"Book of Stabbing","floor":27.0,"turns":5.0},{"damage":7.0,"enemies":"Snake Plant","floor":28.0,"turns":3.0},{"damage":2.0,"enemies":"Centurion and Healer","floor":31.0,"turns":2.0},{"damage":67.0,"enemies":"Automaton","floor":33.0,"turns":8.0},{"damage":5,"enemies":"Orb Walker","floor":35,"turns":3},{"damage":4,"enemies":"3 Darklings","floor":38,"turns":4},{"damage":28,"enemies":"Writhing Mass","floor":39,"turns":6},{"damage":72,"enemies":"Nemesis","floor":40,"turns":6}],"seed_played":"-7790558719619063793","potions_obtained":[{"floor":1.0,"key":"AttackPotion"},{"floor":7.0,"key":"Energy Potion"},{"floor":10.0,"key":"FearPotion"},{"floor":12.0,"key":"Fire Potion"},{"floor":24.0,"key":"Swift Potion"},{"floor":25.0,"key":"EntropicBrew"},{"floor":27.0,"key":"AttackPotion"},{"floor":28.0,"key":"Strength Potion"},{"floor":35,"key":"LiquidBronze"},{"floor":38,"key":"Explosive Potion"}],"is_trial":false,"path_per_floor":["M","M","?","$","M","R","E","R","T","M","E","M","?","$","R","B",null,"M","M","M","?","M","R","M","M","T","E","M","R","?","M","R","B",null,"M","$","?","M","M","E"],"character_chosen":"IRONCLAD","items_purchased":["Pummel","Battle Trance","Anger","Dramatic Entrance","Impatience+1","Secret Technique+1","Flex+1","Regen Potion"],"campfire_rested":3,"item_purchase_floors":[4,4,4,14,36,36,36,36],"current_hp_per_floor":[74,79,68,68,69,69,49,49,49,46,32,38,38,38,62,19,80,66,62,67,67,52,52,42,28,28,12,11,35,19,23,47,46,80,80,80,80,80,58,0],"gold":22,"neow_bonus":"THREE_CARDS","is_prod":false,"is_daily":false,"chose_seed":false,"campfire_upgraded":3,"win_rate":0.0,"timestamp":1565613924,"path_taken":["M","M","?","$","M","R","E","R","T","M","E","M","?","?","R","BOSS","M","M","M","?","M","R","M","M","T","E","M","R","?","M","R","BOSS","M","$","?","M","M","E"],"build_version":"2019-07-17","purchased_purges":0,"victory":false,"max_hp_per_floor":[80,80,80,80,80,80,80,80,80,80,80,80,80,80,80,80,80,80,80,80,80,80,80,80,80,80,80,80,80,80,80,80,80,80,80,80,80,80,80,80],"card_choices":[{"not_picked":["Headbutt","Body Slam"],"picked":"Flex","floor":0.0},{"not_picked":["Flame Barrier","Clothesline"],"picked":"Twin Strike","floor":1.0},{"not_picked":["Body Slam","True Grit"],"picked":"Flame Barrier","floor":2.0},{"not_picked":["Sword Boomerang","Warcry"],"picked":"Armaments","floor":5.0},{"not_picked":["Demon Form","Warcry"],"picked":"Whirlwind","floor":7.0},{"not_picked":["Hemokinesis","Anger"],"picked":"Dual Wield","floor":10.0},{"not_picked":["Anger","Iron Wave"],"picked":"Shrug It Off","floor":11.0},{"not_picked":["Searing Blow","Clash"],"picked":"Armaments","floor":12.0},{"not_picked":["Berserk","Impervious"],"picked":"Fiend Fire","floor":16.0},{"not_picked":["Blood for Blood+1","Iron Wave"],"picked":"Whirlwind+1","floor":18.0},{"not_picked":["Twin Strike","Uppercut"],"picked":"Flex+1","floor":19.0},{"not_picked":["Pommel Strike","Thunderclap"],"picked":"Body Slam+1","floor":20.0},{"not_picked":["Body Slam","Cleave"],"picked":"Perfected Strike+1","floor":22.0},{"not_picked":["Flame Barrier+1","Headbutt"],"picked":"Infernal Blade","floor":24.0},{"not_picked":["Flex","Armaments+1"],"picked":"Pommel Strike+1","floor":25.0},{"not_picked":["Dual Wield+1","Iron Wave"],"picked":"Thunderclap","floor":27.0},{"not_picked":["Shockwave+1","Shrug It Off+1"],"picked":"Inflame+1","floor":28.0},{"not_picked":["Perfected Strike+1","Clash"],"picked":"Metallicize","floor":31.0},{"not_picked":["Dark Embrace","Offering+1"],"picked":"Barricade","floor":33.0},{"not_picked":["Combust","Twin Strike"],"picked":"Corruption+1","floor":35},{"not_picked":["Armaments+1","Body Slam"],"picked":"Shockwave+1","floor":38},{"not_picked":["Clash+1","Hemokinesis"],"picked":"Disarm+1","floor":39}],"player_experience":3545,"relics_obtained":[{"floor":7.0,"key":"Anchor"},{"floor":9.0,"key":"Bronze Scales"},{"floor":11.0,"key":"Mummified Hand"},{"floor":26.0,"key":"Toxic Egg 2"},{"floor":27.0,"key":"Red Skull"}],"event_choices":[{"damage_healed":0.0,"max_hp_gain":0.0,"max_hp_loss":0.0,"gold_gain":75.0,"event_name":"World of Goop","player_choice":"Gather Gold","floor":3.0,"gold_loss":0.0,"damage_taken":11.0},{"damage_healed":0.0,"max_hp_gain":0.0,"max_hp_loss":0.0,"gold_gain":0.0,"event_name":"Living Wall","player_choice":"Grow","floor":13.0,"gold_loss":0.0,"damage_taken":0.0,"cards_upgraded":["Whirlwind"]},{"damage_healed":0.0,"max_hp_gain":0.0,"max_hp_loss":0.0,"gold_gain":0.0,"event_name":"Back to Basics","player_choice":"Simplicity","floor":21.0,"gold_loss":0.0,"damage_taken":0.0,"cards_upgraded":["Strike_R","Strike_R","Strike_R","Strike_R","Strike_R","Defend_R","Defend_R","Defend_R","Defend_R"]},{"damage_healed":0.0,"max_hp_gain":0.0,"max_hp_loss":0.0,"gold_gain":0.0,"event_name":"Cursed Tome","player_choice":"Obtained Book","floor":30.0,"gold_loss":0.0,"damage_taken":16.0},{"damage_healed":0,"gold_gain":0,"player_choice":"Paid","damage_taken":0,"relics_obtained":["Red Mask"],"max_hp_gain":0,"max_hp_loss":0,"event_name":"Tomb of Lord Red Mask","floor":37,"gold_loss":78}],"is_beta":false,"boss_relics":[{"not_picked":["Philosopher\u0027s Stone","Calling Bell"],"picked":"Lizard Tail"},{"not_picked":["Runic Dome","Coffee Dripper"],"picked":"Eternal Feather"}],"items_purged_floors":[],"is_endless":false,"potions_floor_spawned":[1,7,10,12,24,25,27,28,35,38],"killed_by":"Nemesis","ascension_level":0}