{"gold_per_floor":[116,40,115,125,200,233,233,249,249,278,278,278,278,291,291,386,386,396,412,337,12,26,26],"floor_reached":23,"playtime":2031,"items_purged":[],"score":199,"play_id":"c3a27549-472c-4826-a4bd-cadf9ead03d6","local_time":"20180916132946","is_ascension_mode":false,"campfire_choices":[{"floor":7,"key":"REST"},{"floor":12,"key":"REST"},{"floor":15,"key":"REST"}],"neow_cost":"NONE","seed_source_timestamp":232531680617581,"circlet_count":0,"master_deck":["Strike_B","Strike_B","Strike_B","Defend_B","Defend_B","Defend_B","Defend_B","Zap","Dualcast","Thunder Strike","Beam Cell+1","Defragment","Coolheaded+1","Skim","Gash","Sweeping Beam","Cold Snap","Electrodynamics+1","Sweeping Beam","Beam Cell+1","Panache+1","Capacitor+1","Leap","Beam Cell","Tempest"],"relics":["Cracked Core","Bottled Lightning","Frozen Egg 2","Centennial Puzzle","Black Star"],"potions_floor_usage":[10,10],"damage_taken":[{"damage":2,"enemies":"Small Slimes","floor":1,"turns":3},{"damage":1,"enemies":"Cultist","floor":4,"turns":3},{"damage":37,"enemies":"Gremlin Nob","floor":6,"turns":5},{"damage":0,"enemies":"2 Louse","floor":8,"turns":3},{"damage":20,"enemies":"3 Sentries","floor":10,"turns":9},{"damage":6,"enemies":"Red Slaver","floor":14,"turns":3},{"damage":34,"enemies":"Slime Boss","floor":16,"turns":12},{"damage":5,"enemies":"Chosen","floor":18,"turns":6},{"damage":23,"enemies":"2 Thieves","floor":19,"turns":4},{"damage":30,"enemies":"Sentry and Sphere","floor":22,"turns":4},{"damage":20,"enemies":"Slavers","floor":23,"turns":1}],"seed_played":"-2101859863552952322","potions_obtained":[{"floor":4,"key":"GamblersBrew"},{"floor":8,"key":"Dexterity Potion"},{"floor":16,"key":"Dexterity Potion"},{"floor":19,"key":"Ancient Potion"},{"floor":22,"key":"AttackPotion"}],"is_trial":false,"path_per_floor":["M","$","?","M","?","E","R","M","T","E","?","R","?","M","R","B",null,"M","M","?","$","M"],"character_chosen":"DEFECT","items_purchased":["Defragment","Panache+1","Capacitor+1","Leap","Beam Cell"],"campfire_rested":3,"item_purchase_floors":[2,21,21,21,21],"current_hp_per_floor":[73,73,66,65,54,17,39,39,39,19,19,41,41,35,57,23,75,70,47,47,47,17,0],"gold":26,"neow_bonus":"ONE_RANDOM_RARE_CARD","is_prod":false,"is_daily":false,"chose_seed":false,"campfire_upgraded":0,"win_rate":0.0,"timestamp":1537097386,"path_taken":["M","$","?","M","?","E","R","?","T","E","?","R","?","M","R","BOSS","M","M","?","$","M","E"],"build_version":"2018-09-06","purchased_purges":0,"victory":false,"max_hp_per_floor":[75,75,75,75,75,75,75,75,75,75,75,75,75,75,75,75,75,75,75,75,75,75,75],"card_choices":[{"not_picked":["Go for the Eyes","Hologram"],"picked":"Beam Cell","floor":1},{"not_picked":["Turbo","Steam"],"picked":"Coolheaded","floor":4},{"not_picked":["Go for the Eyes","Aggregate"],"picked":"Skim","floor":6},{"not_picked":["Steam","Doom and Gloom"],"picked":"Gash","floor":8},{"not_picked":["Consume","Force Field"],"picked":"Sweeping Beam","floor":10},{"not_picked":["Stack","Hologram"],"picked":"Cold Snap","floor":14},{"not_picked":["Biased Cognition+1","Seek"],"picked":"Electrodynamics+1","floor":16},{"not_picked":["Hologram+1","Rip and Tear"],"picked":"Sweeping Beam","floor":18},{"not_picked":["Barrage","Coolheaded"],"picked":"Beam Cell+1","floor":19},{"not_picked":["Aggregate","Steam Power+1"],"picked":"Tempest","floor":22}],"player_experience":35175,"relics_obtained":[{"floor":6,"key":"Bottled Lightning"},{"floor":9,"key":"Frozen Egg 2"},{"floor":10,"key":"Centennial Puzzle"}],"event_choices":[{"event_name":"FaceTrader","player_choice":"Touch","floor":3,"damage_taken":0},{"event_name":"World of Goop","player_choice":"Gather Gold","floor":5,"damage_taken":0},{"event_name":"Accursed Blacksmith","player_choice":"Forge","floor":11,"damage_taken":0},{"event_name":"Living Wall","player_choice":"Grow","floor":13,"damage_taken":0},{"event_name":"Beggar","player_choice":"Gave Gold","floor":20,"damage_taken":0}],"is_beta":false,"boss_relics":[{"not_picked":["White Beast Statue","Calling Bell"],"picked":"Black Star"}],"items_purged_floors":[],"is_endless":false,"potions_floor_spawned":[4,8,16,19,22],"killed_by":"Slavers","ascension_level":0}