{"gold_per_floor":[99,99,99,99,99,99,99,99,99,69,6,6,6,6,6,6],"floor_reached":16,"playtime":720,"items_purged":[],"score":92,"play_id":"c57bf601-14d9-4272-830f-a168e699bb47","local_time":"20190914112709","is_ascension_mode":false,"campfire_choices":[{"floor":6,"key":"RECALL"},{"floor":8,"key":"REST"},{"floor":15,"key":"REST"}],"neow_cost":"NONE","seed_source_timestamp":6272809176343,"circlet_count":0,"master_deck":["Strike_R","Strike_R+1","Strike_R","Strike_R","Strike_R","Defend_R","Defend_R","Defend_R","Defend_R","Bash","Regret"],"relics":["Sozu","Turnip","Smiling Mask"],"potions_floor_usage":[],"damage_taken":[{"damage":8,"enemies":"2 Louse","floor":1,"turns":2},{"damage":8,"enemies":"Small Slimes","floor":2,"turns":3},{"damage":15,"enemies":"Cultist","floor":7,"turns":4},{"damage":20,"enemies":"Looter","floor":10,"turns":3},{"damage":12,"enemies":"Blue Slaver","floor":12,"turns":2},{"damage":39,"enemies":"Lots of Slimes","floor":14,"turns":6},{"damage":28,"enemies":"Hexaghost","floor":16,"turns":3}],"seed_played":"-5691443950001676147","potions_obtained":[],"is_trial":false,"path_per_floor":["M","M","$","?","?","R","M","R","T","M","?","M","?","M","R","B"],"character_chosen":"IRONCLAD","items_purchased":[],"campfire_rested":2,"item_purchase_floors":[],"current_hp_per_floor":[72,64,64,64,64,64,49,73,73,53,53,41,41,2,26,0],"gold":6,"neow_bonus":"BOSS_RELIC","is_prod":false,"is_daily":false,"chose_seed":false,"campfire_upgraded":0,"win_rate":0,"timestamp":1568431629,"path_taken":["M","M","$","?","?","R","M","R","T","M","?","?","?","M","R","BOSS"],"build_version":"2019-07-17","purchased_purges":0,"victory":false,"max_hp_per_floor":[80,80,80,80,80,80,80,80,80,80,80,80,80,80,80,80],"card_choices":[{"not_picked":["Perfected Strike","Reckless Charge","Havoc"],"picked":"SKIP","floor":1},{"not_picked":["Thunderclap","Clash","Entrench"],"picked":"SKIP","floor":2},{"not_picked":["Sword Boomerang","Rage","Clothesline"],"picked":"SKIP","floor":7},{"not_picked":["Shrug It Off","True Grit","Double Tap"],"picked":"SKIP","floor":10},{"not_picked":["Searing Blow","Iron Wave","Entrench"],"picked":"SKIP","floor":12},{"not_picked":["Flame Barrier","Dual Wield","Whirlwind"],"picked":"SKIP","floor":14}],"player_experience":368738,"relics_obtained":[],"event_choices":[{"damage_healed":0,"gold_gain":0,"player_choice":"Ignored","damage_taken":0,"max_hp_gain":0,"max_hp_loss":0,"event_name":"Golden Idol","floor":4,"gold_loss":0},{"damage_healed":0,"gold_gain":0,"player_choice":"Grow","damage_taken":0,"max_hp_gain":0,"max_hp_loss":0,"event_name":"Living Wall","floor":5,"gold_loss":0,"cards_upgraded":["Strike_R"]},{"damage_healed":0,"gold_gain":0,"player_choice":"Paid Gold","damage_taken":0,"relics_obtained":["Turnip"],"max_hp_gain":0,"max_hp_loss":0,"event_name":"WeMeetAgain","floor":11,"gold_loss":63},{"damage_healed":0,"gold_gain":0,"player_choice":"Box","damage_taken":0,"relics_obtained":["Smiling Mask"],"max_hp_gain":0,"max_hp_loss":0,"event_name":"Big Fish","floor":13,"gold_loss":0,"cards_obtained":["Regret"]}],"is_beta":false,"boss_relics":[],"items_purged_floors":[],"is_endless":false,"potions_floor_spawned":[1,12],"killed_by":"Hexaghost","ascension_level":0}