{"gold_per_floor":[117,117,217,235,254,284,284,311,335,335,345,372,394,406,406,511,511,528,547,547,462,472,505,517,560,627,639,684,710,69,85,85,185,185,195,214,214,227,227],"floor_reached":39,"playtime":4833,"items_purged":[],"score":536,"play_id":"0f186144-ca5e-40ad-9041-2ae1f04571ab","local_time":"20180720213033","is_ascension_mode":false,"campfire_choices":[{"floor":7,"key":"REST"},{"data":"Blood for Blood","floor":10,"key":"SMITH"},{"data":"Anger","floor":15,"key":"SMITH"},{"floor":24,"key":"REST"},{"floor":32,"key":"REST"}],"neow_cost":"NONE","seed_source_timestamp":604114090268881,"circlet_count":0,"master_deck":["Strike_R","Strike_R","Strike_R","Strike_R","Strike_R","Defend_R","Defend_R","Defend_R","Defend_R+1","Bash+1","Clash+1","Blood for Blood+1","Rampage","Shrug It Off","Shrug It Off","Anger+1","Armaments","Warcry","Rampage","Feed","Iron Wave","Iron Wave","Writhe","Flex+1","Shrug It Off+1","RitualDagger","Double Tap","Twin Strike+1","Thinking Ahead","Flex","Infernal Blade","Blood for Blood","Twin Strike","Berserk","Cleave","Shrug It Off+1"],"relics":["Burning Blood","Oddly Smooth Stone","Regal Pillow","Lantern","Juzu Bracelet","Odd Mushroom","Eternal Feather","Pear","Bronze Scales","MawBank","Letter Opener","War Paint","Red Skull","Ornamental Fan","Black Star"],"potions_floor_usage":[12,16,22,23,28,28,31,33,38],"damage_taken":[{"damage":3,"enemies":"Jaw Worm","floor":1,"turns":4},{"damage":1,"enemies":"2 Louse","floor":4,"turns":2},{"damage":6,"enemies":"Cultist","floor":5,"turns":3},{"damage":35,"enemies":"Lagavulin","floor":6,"turns":6},{"damage":11,"enemies":"3 Sentries","floor":8,"turns":10},{"damage":8,"enemies":"Red Slaver","floor":11,"turns":4},{"damage":6,"enemies":"Gremlin Nob","floor":12,"turns":4},{"damage":10,"floor":13,"turns":5},{"damage":0,"enemies":"Lots of Slimes","floor":14,"turns":5},{"damage":55,"enemies":"Hexaghost","floor":16,"turns":11},{"damage":10,"enemies":"Chosen","floor":18,"turns":6},{"damage":12,"enemies":"Shell Parasite","floor":19,"turns":4},{"damage":23,"enemies":"Cultist and Chosen","floor":22,"turns":7},{"damage":46,"enemies":"Slavers","floor":23,"turns":6},{"damage":36,"enemies":"Book of Stabbing","floor":25,"turns":6},{"damage":44,"enemies":"Gremlin Leader","floor":28,"turns":7},{"damage":8,"enemies":"Centurion and Healer","floor":29,"turns":5},{"damage":8,"enemies":"Snake Plant","floor":31,"turns":2},{"damage":66,"enemies":"Champ","floor":33,"turns":18},{"damage":16,"enemies":"Orb Walker","floor":35,"turns":4},{"damage":57,"enemies":"3 Darklings","floor":36,"turns":8},{"damage":12,"enemies":"Flame Bruiser 2 Orb","floor":38,"turns":4},{"damage":31,"enemies":"4 Shapes","floor":39,"turns":5}],"seed_played":"8798363674408195704","potions_obtained":[{"floor":8,"key":"Dexterity Potion"},{"floor":11,"key":"SteroidPotion"},{"floor":13,"key":"SkillPotion"},{"floor":14,"key":"SkillPotion"},{"floor":18,"key":"Strength Potion"},{"floor":25,"key":"GamblersBrew"},{"floor":29,"key":"Energy Potion"},{"floor":31,"key":"EssenceOfSteel"},{"floor":35,"key":"SpeedPotion"},{"floor":36,"key":"EssenceOfSteel"}],"is_trial":false,"path_per_floor":["M","?","?","M","M","E","R","E","T","R","M","E","?","M","R","B",null,"M","M","?","?","M","E","R","E","T","?","E","M","$","M","R","B",null,"M","M","?","M"],"character_chosen":"IRONCLAD","items_purchased":["Thinking Ahead","BloodPotion","Flex","Infernal Blade","Blood for Blood","Ornamental Fan"],"campfire_rested":3,"item_purchase_floors":[30,30,30,30,30,30],"current_hp_per_floor":[80,80,80,80,80,51,75,70,70,70,68,68,64,70,70,21,80,76,74,84,84,67,30,86,56,56,50,12,10,10,17,79,19,97,87,36,36,30,0],"gold":227,"neow_bonus":"UPGRADE_CARD","is_prod":false,"is_daily":false,"chose_seed":false,"campfire_upgraded":2,"win_rate":0.0,"timestamp":1532136633,"path_taken":["M","?","?","M","M","E","R","E","T","R","?","E","?","M","R","BOSS","M","M","?","?","M","E","R","E","T","?","E","M","$","M","R","BOSS","M","M","?","M","M"],"build_version":"2018-07-19v2","purchased_purges":0,"victory":false,"max_hp_per_floor":[80,80,80,80,80,80,80,80,80,80,80,80,80,80,80,80,80,80,84,94,94,94,97,97,97,97,97,97,97,97,97,97,97,97,97,97,97,97,97],"card_choices":[{"not_picked":["Heavy Blade","Iron Wave"],"picked":"Clash","floor":1},{"not_picked":["Armaments","Intimidate"],"picked":"Blood for Blood","floor":4},{"not_picked":["Sever Soul","Anger"],"picked":"Rampage","floor":5},{"not_picked":["Ghostly Armor","Blood for Blood"],"picked":"Shrug It Off","floor":6},{"not_picked":["Body Slam","Uppercut"],"picked":"Shrug It Off","floor":8},{"not_picked":["Rupture","Pommel Strike"],"picked":"Anger","floor":11},{"not_picked":["Intimidate","Perfected Strike"],"picked":"Armaments","floor":12},{"not_picked":["Thunderclap","Sword Boomerang"],"picked":"Warcry","floor":13},{"not_picked":["Flex","Inflame"],"picked":"Rampage","floor":14},{"not_picked":["Brutality","Double Tap"],"picked":"Feed","floor":16},{"not_picked":["Metallicize","Armaments+1"],"picked":"Iron Wave","floor":18},{"not_picked":["Clothesline","Perfected Strike"],"picked":"Iron Wave","floor":19},{"not_picked":["Fire Breathing+1","True Grit+1","Thunderclap"],"picked":"SKIP","floor":22},{"not_picked":["Perfected Strike+1","Barricade"],"picked":"Flex+1","floor":23},{"not_picked":["Sever Soul","Perfected Strike+1"],"picked":"Shrug It Off","floor":25},{"not_picked":["Uppercut","Second Wind"],"picked":"Double Tap","floor":28},{"not_picked":["Rage","Entrench"],"picked":"Twin Strike+1","floor":29},{"not_picked":["Uppercut","Perfected Strike"],"picked":"Twin Strike","floor":31},{"not_picked":["Impervious","Reaper"],"picked":"Berserk","floor":33},{"not_picked":["Iron Wave+1","Warcry"],"picked":"Cleave","floor":35},{"not_picked":["Feel No Pain+1","Entrench+1","True Grit"],"picked":"SKIP","floor":36},{"not_picked":["Twin Strike","Spot Weakness+1"],"picked":"Shrug It Off+1","floor":38}],"player_experience":14712,"relics_obtained":[{"floor":6,"key":"Oddly Smooth Stone"},{"floor":8,"key":"Regal Pillow"},{"floor":9,"key":"Lantern"},{"floor":12,"key":"Juzu Bracelet"},{"floor":13,"key":"Odd Mushroom"},{"floor":23,"key":"MawBank"},{"floor":25,"key":"Letter Opener"},{"floor":26,"key":"War Paint"},{"floor":28,"key":"Red Skull"}],"event_choices":[{"event_name":"Living Wall","player_choice":"Grow","floor":2,"damage_taken":0},{"event_name":"Golden Shrine","player_choice":"Pray","floor":3,"damage_taken":0},{"event_name":"Mushrooms","player_choice":"Fought Mushrooms","floor":13,"damage_taken":0},{"event_name":"The Mausoleum","player_choice":"Yes","floor":20,"damage_taken":0},{"event_name":"Addict","player_choice":"Obtained Relic","floor":21,"damage_taken":0},{"event_name":"Nest","player_choice":"Joined the Cult","floor":27,"damage_taken":0},{"event_name":"Tomb of Lord Red Mask","player_choice":"Ignored","floor":37,"damage_taken":0}],"is_beta":false,"boss_relics":[{"not_picked":["Lizard Tail","Calling Bell"],"picked":"Eternal Feather"},{"not_picked":["Tiny House","Velvet Choker"],"picked":"Black Star"}],"items_purged_floors":[],"is_endless":false,"potions_floor_spawned":[8,11,13,14,18,25,29,31,35,36],"killed_by":"4 Shapes","ascension_level":0}