{"gold_per_floor":[119,131,206,50,150,150,167,196,250,267,267,285,285,257,257,356,356,368,418,242,260,280,280,300,300,300,300,210,8,8,25,25,124,124,142,142,142,161,161,161,187,206,259,277,287,387,39,58,58,58],"floor_reached":51,"playtime":2735,"items_purged":["Strike_G","Strike_G","Strike_G"],"score":681,"play_id":"3858c562-88ea-49a0-932b-d3c8320fa13d","local_time":"20190915211407","is_ascension_mode":false,"campfire_choices":[{"data":"Cloak And Dagger","floor":6.0,"key":"SMITH"},{"data":"Cloak And Dagger","floor":11.0,"key":"SMITH"},{"data":"Accuracy","floor":13.0,"key":"SMITH"},{"data":"Noxious Fumes","floor":15.0,"key":"SMITH"},{"data":"Venomology","floor":23.0,"key":"SMITH"},{"data":"Dodge and Roll","floor":27.0,"key":"SMITH"},{"data":"Leg Sweep","floor":30.0,"key":"SMITH"},{"data":"Neutralize","floor":32.0,"key":"SMITH"},{"data":"Infinite Blades","floor":40.0,"key":"SMITH"},{"data":"Survivor","floor":49,"key":"SMITH"}],"neow_cost":"NONE","seed_source_timestamp":0,"circlet_count":0,"master_deck":["Strike_G+1","Defend_G","Defend_G","Defend_G","Defend_G","Defend_G","Survivor+1","Neutralize+1","Cloak And Dagger+1","Accuracy+1","Noxious Fumes+1","Cloak And Dagger+1","PiercingWail","Quick Slash","Venomology+1","Accuracy","Infinite Blades+1","Deadly Poison+1","Dodge and Roll+1","Leg Sweep+1","Dash+1","Blade Dance+1","Accuracy+1","Footwork+1","Backflip","Blur+1","Dodge and Roll+1"],"special_seed":0,"relics":["Ring of the Snake","Art of War","Omamori","Coffee Dripper","Pantograph","SlaversCollar","Ice Cream","Regal Pillow","Thread and Needle","StoneCalendar"],"potions_floor_usage":[50,50,50],"damage_taken":[{"damage":1.0,"enemies":"Cultist","floor":1.0,"turns":6.0},{"damage":0.0,"enemies":"Jaw Worm","floor":2.0,"turns":7.0},{"damage":0.0,"enemies":"2 Louse","floor":7.0,"turns":3.0},{"damage":28.0,"enemies":"Lagavulin","floor":8.0,"turns":10.0},{"damage":4.0,"enemies":"Red Slaver","floor":10.0,"turns":5.0},{"damage":3.0,"enemies":"2 Fungi Beasts","floor":12.0,"turns":4.0},{"damage":1.0,"enemies":"Exordium Thugs","floor":14.0,"turns":5.0},{"damage":12.0,"enemies":"Hexaghost","floor":16.0,"turns":10.0},{"damage":2.0,"enemies":"3 Byrds","floor":18.0,"turns":4.0},{"damage":2.0,"enemies":"Spheric Guardian","floor":21.0,"turns":4.0},{"damage":3.0,"enemies":"Centurion and Healer","floor":22.0,"turns":5.0},{"damage":32.0,"enemies":"Cultist and Chosen","floor":24.0,"turns":6.0},{"damage":5.0,"enemies":"Snake Plant","floor":25.0,"turns":3.0},{"damage":0.0,"enemies":"Centurion and Healer","floor":31.0,"turns":6.0},{"damage":24.0,"enemies":"Champ","floor":33.0,"turns":11.0},{"damage":19.0,"enemies":"Orb Walker","floor":35.0,"turns":5.0},{"damage":3.0,"enemies":"3 Darklings","floor":38.0,"turns":6.0},{"damage":8.0,"enemies":"Reptomancer","floor":41.0,"turns":6.0},{"damage":0.0,"enemies":"Sphere and 2 Shapes","floor":42.0,"turns":5.0},{"damage":0.0,"enemies":"Maw","floor":44.0,"turns":7.0},{"damage":7.0,"enemies":"Transient","floor":45.0,"turns":5.0},{"damage":2.0,"enemies":"Mind Bloom Boss Battle","floor":46.0,"turns":7.0},{"damage":0,"enemies":"Sphere and 2 Shapes","floor":48,"turns":7},{"damage":26,"enemies":"Time Eater","floor":50,"turns":12}],"seed_played":"-8609609715573755210","potions_obtained":[{"floor":0.0,"key":"Energy Potion"},{"floor":0.0,"key":"SteroidPotion"},{"floor":0.0,"key":"Weak Potion"},{"floor":1.0,"key":"EssenceOfSteel"},{"floor":7.0,"key":"GhostInAJar"},{"floor":14.0,"key":"Strength Potion"},{"floor":16.0,"key":"Fire Potion"},{"floor":24.0,"key":"SpeedPotion"},{"floor":31.0,"key":"Ancient Potion"},{"floor":41.0,"key":"GhostInAJar"}],"is_trial":false,"path_per_floor":["M","M","?","$","?","R","M","E","T","M","R","M","R","M","R","B",null,"M","?","$","M","M","R","M","M","T","R","?","$","R","M","R","B",null,"M","?","?","M","?","R","E","M","T","M","M","?","$","M","R","B",null],"character_chosen":"THE_SILENT","items_purchased":["Noxious Fumes","Infinite Blades","Leg Sweep","StoneCalendar","Dexterity Potion"],"campfire_rested":0,"item_purchase_floors":[4,20,29,47,47],"current_hp_per_floor":[69,69,58,58,58,58,58,30,30,26,26,23,23,22,22,10,70,68,68,68,66,63,63,40,35,35,35,35,35,35,35,35,36,70,51,51,51,48,48,48,40,40,40,40,33,56,56,56,56,44],"gold":58,"neow_bonus":"THREE_SMALL_POTIONS","is_prod":false,"is_daily":false,"chose_seed":false,"campfire_upgraded":10,"win_rate":0,"timestamp":1568549647,"path_taken":["M","?","?","$","?","R","M","E","T","M","R","M","R","?","R","BOSS","M","?","$","M","?","R","M","M","T","R","?","?","R","M","R","BOSS","M","?","?","M","?","R","E","M","T","M","?","?","$","M","R","BOSS"],"build_version":"2019-09-12","purchased_purges":3,"victory":true,"max_hp_per_floor":[70,70,70,70,70,70,70,70,70,70,70,70,70,70,70,70,70,70,70,70,70,70,70,70,70,70,70,70,70,70,70,70,70,70,70,70,70,70,70,70,70,70,70,70,70,70,70,70,70,70],"card_choices":[{"not_picked":["Dagger Throw","Predator"],"picked":"Cloak And Dagger","floor":1.0},{"not_picked":["All Out Attack","Heel Hook"],"picked":"Accuracy","floor":2.0},{"not_picked":["Caltrops","Slice","Skewer"],"picked":"SKIP","floor":7.0},{"not_picked":["PiercingWail","Sucker Punch"],"picked":"Cloak And Dagger","floor":8.0},{"not_picked":["Slice","Well Laid Plans","Underhanded Strike"],"picked":"SKIP","floor":10.0},{"not_picked":["Slice","Sucker Punch"],"picked":"PiercingWail","floor":12.0},{"not_picked":["Tactician","Predator"],"picked":"Quick Slash","floor":14.0},{"not_picked":["Burst","Tools of the Trade"],"picked":"Venomology","floor":16.0},{"not_picked":["Bane","Dagger Throw"],"picked":"Accuracy","floor":18.0},{"not_picked":["Crippling Poison","Outmaneuver"],"picked":"Deadly Poison+1","floor":21.0},{"not_picked":["Dagger Throw","A Thousand Cuts","Caltrops"],"picked":"SKIP","floor":22.0},{"not_picked":["Well Laid Plans","Prepared"],"picked":"Dodge and Roll","floor":24.0},{"not_picked":["Sucker Punch","Backstab","Quick Slash"],"picked":"SKIP","floor":31.0},{"not_picked":["Expertise+1","Acrobatics+1"],"picked":"Dash+1","floor":35.0},{"not_picked":["Heel Hook","Flying Knee"],"picked":"Blade Dance+1","floor":38.0},{"not_picked":["Dodge and Roll+1","Slice"],"picked":"Footwork+1","floor":41.0},{"not_picked":["Concentrate+1","Deflect","Masterful Stab+1"],"picked":"SKIP","floor":42.0},{"not_picked":["Terror","Riddle With Holes+1","Slice"],"picked":"SKIP","floor":44.0},{"not_picked":["Deadly Poison+1","Eviscerate"],"picked":"Backflip","floor":45.0},{"not_picked":["Quick Slash+1","PiercingWail+1"],"picked":"Blur+1","floor":46.0},{"not_picked":["Unload","Dagger Spray"],"picked":"Dodge and Roll+1","floor":48}],"player_experience":451317,"relics_obtained":[{"floor":8.0,"key":"Art of War"},{"floor":9.0,"key":"Omamori"},{"floor":26.0,"key":"Pantograph"},{"floor":41.0,"key":"Ice Cream"},{"floor":43.0,"key":"Regal Pillow"},{"floor":46.0,"key":"Thread and Needle"}],"event_choices":[{"damage_healed":0.0,"max_hp_gain":0.0,"max_hp_loss":0.0,"gold_gain":75.0,"event_name":"World of Goop","player_choice":"Gather Gold","floor":3.0,"gold_loss":0.0,"damage_taken":11.0},{"damage_healed":0.0,"max_hp_gain":0.0,"max_hp_loss":0.0,"gold_gain":100.0,"event_name":"Golden Shrine","player_choice":"Pray","floor":5.0,"gold_loss":0.0,"damage_taken":0.0},{"damage_healed":0.0,"max_hp_gain":0.0,"max_hp_loss":0.0,"gold_gain":100.0,"event_name":"The Joust","player_choice":"Bet on Murderer","floor":19.0,"gold_loss":50.0,"damage_taken":0.0},{"cards_removed":["Strike_G"],"damage_healed":0.0,"max_hp_gain":0.0,"max_hp_loss":0.0,"gold_gain":0.0,"event_name":"Designer","player_choice":"Upgrade and Remove","floor":28.0,"gold_loss":90.0,"damage_taken":0.0,"cards_upgraded":["Strike_G"]},{"damage_healed":0.0,"max_hp_gain":0.0,"max_hp_loss":0.0,"gold_gain":0.0,"event_name":"Mysterious Sphere","player_choice":"Ignored","floor":36.0,"gold_loss":0.0,"damage_taken":0.0},{"damage_healed":0.0,"max_hp_gain":0.0,"max_hp_loss":0.0,"gold_gain":0.0,"event_name":"Tomb of Lord Red Mask","player_choice":"Ignored","floor":37.0,"gold_loss":0.0,"damage_taken":0.0},{"damage_healed":0.0,"max_hp_gain":0.0,"max_hp_loss":0.0,"gold_gain":0.0,"event_name":"Duplicator","player_choice":"Copied","floor":39.0,"gold_loss":0.0,"damage_taken":0.0,"cards_obtained":["Accuracy"]},{"damage_healed":0.0,"max_hp_gain":0.0,"max_hp_loss":0.0,"gold_gain":0.0,"event_name":"MindBloom","player_choice":"Fight","floor":46.0,"gold_loss":0.0,"damage_taken":0.0}],"is_beta":true,"boss_relics":[{"not_picked":["SacredBark","Tiny House"],"picked":"Coffee Dripper"},{"not_picked":["Empty Cage","Black Star"],"picked":"SlaversCollar"}],"items_purged_floors":[4,20,29],"is_endless":false,"potions_floor_spawned":[1,7,14,16,21,24,25,31,41,44,45,46],"ascension_level":0}