{"gold_per_floor":[110,128,139,149,149,179,22,38,38,38,68,68,94,106,106,206,206,220,220,234,234,109,135,135,160,230,17,52,52,52,67,67,172,172,186,203,251,265,277,309,320,347,421,27,41,41,60,94,94,94],"floor_reached":51,"playtime":6310,"items_purged":["Strike_G","Defend_G+1"],"score":1452,"play_id":"6058f993-9266-4e1e-ac53-411f73b2e047","local_time":"20181006224013","is_ascension_mode":true,"campfire_choices":[{"data":"Footwork","floor":12.0,"key":"SMITH"},{"data":"Footwork","floor":15.0,"key":"SMITH"},{"data":"After Image","floor":24.0,"key":"SMITH"},{"data":"Footwork","floor":32.0,"key":"SMITH"},{"floor":49.0,"key":"REST"}],"neow_cost":"NONE","seed_source_timestamp":133530152038088,"circlet_count":0,"master_deck":["Defend_G+1","Defend_G+1","Defend_G+1","Defend_G+1","Strike_G+1","Strike_G+1","Strike_G+1","Strike_G+1","Survivor","Neutralize","Deflect","Masterful Stab","Footwork+1","Predator","Deflect","Footwork+1","Masterful Stab","Blur","Dagger Spray","Predator","After Image+1","Masterful Stab","RitualDagger","Flying Knee","Footwork+1","Deflect","Slice+1","Caltrops","Noxious Fumes","Noxious Fumes","Backstab","After Image","Underhanded Strike","Deflect","Backstab","Deflect","Distraction+1","Sucker Punch+1","Flying Knee+1","Cloak And Dagger+1","Deflect+1"],"special_seed":0,"relics":["Ring of the Snake","Unceasing Top","Singing Bowl","Omamori","Sundial","Bag of Preparation","HoveringKite","Pen Nib","Gremlin Horn","The Courier","Dream Catcher","Ancient Tea Set","Meat on the Bone","Black Star","Torii","Ornamental Fan","Toxic Egg 2","PreservedInsect","Art of War","Molten Egg 2","Vajra","Dodecahedron","Happy Flower","Boot"],"potions_floor_usage":[50,50],"damage_taken":[{"damage":0.0,"enemies":"Cultist","floor":1.0,"turns":5.0},{"damage":0.0,"enemies":"Small Slimes","floor":2.0,"turns":5.0},{"damage":0.0,"enemies":"2 Louse","floor":3.0,"turns":4.0},{"damage":1.0,"enemies":"Exordium Wildlife","floor":4.0,"turns":10.0},{"damage":8.0,"enemies":"Gremlin Nob","floor":6.0,"turns":3.0},{"damage":1.0,"enemies":"Blue Slaver","floor":8.0,"turns":4.0},{"damage":0.0,"enemies":"Lagavulin","floor":11.0,"turns":8.0},{"damage":1.0,"enemies":"3 Sentries","floor":13.0,"turns":12.0},{"damage":0.0,"enemies":"3 Louse","floor":14.0,"turns":3.0},{"damage":8.0,"enemies":"Hexaghost","floor":16.0,"turns":14.0},{"damage":0.0,"enemies":"2 Thieves","floor":18.0,"turns":4.0},{"damage":0.0,"enemies":"Shell Parasite","floor":20.0,"turns":3.0},{"damage":0.0,"enemies":"Gremlin Leader","floor":23.0,"turns":4.0},{"damage":0.0,"enemies":"Book of Stabbing","floor":25.0,"turns":6.0},{"damage":0.0,"enemies":"Gremlin Leader","floor":28.0,"turns":6.0},{"damage":0.0,"enemies":"3 Cultists","floor":31.0,"turns":4.0},{"damage":0.0,"enemies":"Champ","floor":33.0,"turns":11.0},{"damage":0.0,"enemies":"3 Darklings","floor":35.0,"turns":5.0},{"damage":0.0,"enemies":"Orb Walker","floor":36.0,"turns":3.0},{"damage":8.0,"enemies":"Mysterious Sphere","floor":37.0,"turns":5.0},{"damage":0.0,"enemies":"Reptomancer","floor":38.0,"turns":6.0},{"damage":8.0,"enemies":"4 Shapes","floor":39.0,"turns":5.0},{"damage":0.0,"enemies":"Nemesis","floor":40.0,"turns":7.0},{"damage":0.0,"enemies":"Maw","floor":41.0,"turns":7.0},{"damage":0.0,"enemies":"2 Orb Walkers","floor":42.0,"turns":5.0},{"damage":0.0,"enemies":"Reptomancer","floor":45.0,"turns":5.0},{"damage":1.0,"enemies":"Transient","floor":47.0,"turns":5.0},{"damage":1.0,"enemies":"Nemesis","floor":48.0,"turns":6.0},{"damage":11,"enemies":"Donu and Deca","floor":50,"turns":8}],"seed_played":"5965134240431798699","potions_obtained":[{"floor":0.0,"key":"Ancient Potion"},{"floor":0.0,"key":"EssenceOfSteel"},{"floor":0.0,"key":"Fire Potion"},{"floor":1.0,"key":"Fire Potion"},{"floor":8.0,"key":"Strength Potion"},{"floor":11.0,"key":"SpeedPotion"},{"floor":20.0,"key":"PowerPotion"},{"floor":23.0,"key":"EssenceOfSteel"},{"floor":33.0,"key":"Explosive Potion"},{"floor":37.0,"key":"FairyPotion"},{"floor":40.0,"key":"GhostInAJar"},{"floor":41.0,"key":"Strength Potion"}],"is_trial":false,"path_per_floor":["M","M","M","M","?","E","$","M","T","T","E","R","E","M","R","B",null,"M","?","M","?","$","E","R","E","T","$","E","T","$","M","R","B",null,"M","M","?","M","M","E","M","E","T","$","M","?","M","E","R","B"],"character_chosen":"THE_SILENT","items_purchased":["Footwork","Footwork","Deflect","Noxious Fumes","Noxious Fumes","Dream Catcher","Vajra","Dodecahedron"],"campfire_rested":1,"item_purchase_floors":[7,22,22,27,27,27,44,44],"current_hp_per_floor":[63,63,63,62,62,54,54,53,53,53,53,53,52,52,52,44,64,64,58,58,58,58,58,58,58,58,58,58,58,58,60,60,60,69,69,69,61,61,53,55,55,57,57,57,57,57,56,55,76,65],"gold":94,"neow_bonus":"THREE_SMALL_POTIONS","is_prod":false,"is_daily":false,"chose_seed":false,"campfire_upgraded":4,"win_rate":1,"timestamp":1538858413,"path_taken":["M","M","?","?","?","E","$","M","T","?","E","R","E","?","R","BOSS","M","?","M","?","$","E","R","E","T","?","E","?","$","M","R","BOSS","M","M","?","M","?","E","M","E","T","$","M","?","?","E","R","BOSS"],"build_version":"2018-10-04v2","purchased_purges":2,"victory":true,"max_hp_per_floor":[70,70,70,70,70,70,70,70,70,70,70,70,70,70,70,70,70,70,70,70,70,70,70,70,70,70,70,70,70,70,72,72,72,72,72,72,72,72,72,74,74,76,76,76,76,76,76,76,76,76],"card_choices":[{"not_picked":["Prepared","Poisoned Stab"],"picked":"Deflect","floor":1.0},{"not_picked":["Accuracy","Underhanded Strike"],"picked":"Masterful Stab","floor":2.0},{"not_picked":["Blade Dance","Prepared"],"picked":"Footwork","floor":3.0},{"not_picked":["Deadly Poison","Setup"],"picked":"Predator","floor":4.0},{"not_picked":["Sucker Punch","Flying Knee"],"picked":"Deflect","floor":6.0},{"not_picked":["Bane","Deadly Poison"],"picked":"Masterful Stab","floor":8.0},{"not_picked":["Predator","Masterful Stab"],"picked":"Blur","floor":11.0},{"not_picked":["Distraction","Tactician"],"picked":"Dagger Spray","floor":13.0},{"not_picked":["Flying Knee","Quick Slash"],"picked":"Predator","floor":14.0},{"not_picked":["Tools of the Trade","Unload"],"picked":"After Image","floor":16.0},{"not_picked":["Poisoned Stab","Bane"],"picked":"Masterful Stab","floor":18.0},{"not_picked":["Dagger Spray","Accuracy+1"],"picked":"Flying Knee","floor":20.0},{"not_picked":["Acrobatics","Prepared"],"picked":"Slice+1","floor":23.0},{"not_picked":["Cloak And Dagger","Envenom"],"picked":"Caltrops","floor":25.0},{"not_picked":["Footwork","Leg Sweep+1"],"picked":"Backstab","floor":28.0},{"not_picked":["Dodge and Roll","Dash","Bane"],"picked":"Singing Bowl","floor":31.0},{"not_picked":["Night Terror","Doppelganger"],"picked":"After Image","floor":33.0},{"not_picked":["Dagger Throw+1","Prepared+1"],"picked":"Underhanded Strike","floor":35.0},{"not_picked":["Dagger Throw","Well Laid Plans"],"picked":"Deflect","floor":36.0},{"not_picked":["Slice","Reflex+1"],"picked":"Backstab","floor":37.0},{"not_picked":["Sucker Punch","Tactician+1","Footwork"],"picked":"SKIP","floor":38.0},{"not_picked":["Quick Slash+1","Dodge and Roll+1"],"picked":"Deflect","floor":39.0},{"not_picked":["Doppelganger","All Out Attack+1","Bouncing Flask"],"picked":"Singing Bowl","floor":40.0},{"not_picked":["Dodge and Roll+1","Infinite Blades"],"picked":"Distraction+1","floor":41.0},{"not_picked":["Cloak And Dagger+1","Prepared+1","Backflip+1"],"picked":"Singing Bowl","floor":42.0},{"not_picked":["Dagger Throw+1","Underhanded Strike+1"],"picked":"Sucker Punch+1","floor":45.0},{"not_picked":["Grand Finale+1","Prepared+1"],"picked":"Flying Knee+1","floor":47.0},{"not_picked":["Setup+1","Predator+1"],"picked":"Cloak And Dagger+1","floor":48.0},{"not_picked":["Flying Knee+1","Cloak And Dagger+1"],"picked":"Deflect+1","floor":49.0}],"player_experience":198482,"relics_obtained":[{"floor":6.0,"key":"Unceasing Top"},{"floor":9.0,"key":"Singing Bowl"},{"floor":10.0,"key":"Omamori"},{"floor":11.0,"key":"Sundial"},{"floor":13.0,"key":"Bag of Preparation"},{"floor":23.0,"key":"Pen Nib"},{"floor":25.0,"key":"Gremlin Horn"},{"floor":26.0,"key":"The Courier"},{"floor":28.0,"key":"Ancient Tea Set"},{"floor":29.0,"key":"Meat on the Bone"},{"floor":37.0,"key":"Torii"},{"floor":40.0,"key":"Ornamental Fan"},{"floor":40.0,"key":"Toxic Egg 2"},{"floor":42.0,"key":"PreservedInsect"},{"floor":42.0,"key":"Art of War"},{"floor":43.0,"key":"Molten Egg 2"},{"floor":48.0,"key":"Happy Flower"},{"floor":48.0,"key":"Boot"}],"event_choices":[{"event_name":"Liars Game","player_choice":"disagreed","floor":5.0,"damage_taken":0.0},{"event_name":"Nest","player_choice":"Joined the Cult","floor":19.0,"damage_taken":0.0},{"event_name":"Back to Basics","player_choice":"Simplicity","floor":21.0,"damage_taken":0.0},{"event_name":"Mysterious Sphere","player_choice":"Fight","floor":37.0,"damage_taken":0.0},{"event_name":"Match and Keep!","player_choice":"0 cards matched","floor":46.0,"damage_taken":0.0}],"is_beta":false,"boss_relics":[{"not_picked":["Ring of the Serpent","Astrolabe"],"picked":"HoveringKite"},{"not_picked":["Eternal Feather","Pandora\u0027s Box"],"picked":"Black Star"}],"items_purged_floors":[7,44],"is_endless":false,"potions_floor_spawned":[1,8,11,14,20,23,33,37,39,40,41],"ascension_level":9}