{"gold_per_floor":[112,132,145,158,178,213,213,229,252,252,266,266,239,263,263,384,384,407,425,425,160,176,215,236,251,278,278,297,297,297,331,343,474,486,511,539,551,563,575,587,599,627,639,672,684,696],"floor_reached":46,"playtime":1846,"items_purged":["Decay"],"score":466,"play_id":"01996a54-bb60-43ca-9238-786616409a6e","local_time":"20180807214045","is_ascension_mode":false,"campfire_choices":[{"data":"Immolate","floor":12,"key":"SMITH"},{"data":"Perfected Strike","floor":15,"key":"SMITH"},{"floor":27,"key":"REST"},{"data":"Whirlwind","floor":29,"key":"SMITH"},{"floor":32,"key":"REST"},{"floor":40,"key":"REST"},{"floor":45,"key":"REST"}],"neow_cost":"NONE","seed_source_timestamp":89449826898034,"circlet_count":0,"master_deck":["Strike_R","Strike_R","Strike_R","Strike_R","Defend_R","Defend_R","Defend_R","Bash","Anger","Cleave","Perfected Strike+1","Spot Weakness","Immolate+1","Clash","Blood for Blood","Cleave","Pommel Strike","Impervious","Heavy Blade+1","Anger","Flex","Shrug It Off","Perfected Strike+1","Whirlwind+1","Limit Break","Demon Form","Reckless Charge","Apotheosis","Seeing Red+1","Writhe","Anger+1","Regret","Heavy Blade+1"],"relics":["Burning Blood","Pen Nib","Golden Idol","Potion Belt","Astrolabe","Anchor","Orichalcum","Boot","MawBank","Cursed Key","StoneCalendar","Letter Opener"],"potions_floor_usage":[16,23,33,33,38],"damage_taken":[{"damage":16,"enemies":"2 Louse","floor":1,"turns":4},{"damage":11,"enemies":"Jaw Worm","floor":2,"turns":3},{"damage":1,"enemies":"Cultist","floor":3,"turns":3},{"damage":5,"enemies":"3 Louse","floor":4,"turns":2},{"damage":7,"enemies":"Blue Slaver","floor":5,"turns":3},{"damage":31,"enemies":"Lagavulin","floor":6,"turns":5},{"damage":8,"enemies":"Red Slaver","floor":8,"turns":3},{"damage":10,"enemies":"Looter","floor":11,"turns":2},{"damage":0,"enemies":"3 Louse","floor":14,"turns":1},{"damage":35,"enemies":"Slime Boss","floor":16,"turns":6},{"damage":21,"enemies":"Shell Parasite","floor":18,"turns":5},{"damage":27,"enemies":"2 Thieves","floor":19,"turns":4},{"damage":12,"enemies":"3 Cultists","floor":22,"turns":5},{"damage":32,"enemies":"Gremlin Leader","floor":23,"turns":6},{"damage":8,"enemies":"Snecko","floor":24,"turns":4},{"damage":4,"enemies":"Sentry and Sphere","floor":25,"turns":4},{"damage":6,"enemies":"Snake Plant","floor":28,"turns":3},{"damage":19,"enemies":"Slavers","floor":31,"turns":5},{"damage":75,"enemies":"Champ","floor":33,"turns":12},{"damage":32,"enemies":"3 Darklings","floor":35,"turns":3},{"damage":50,"enemies":"Flame Bruiser 1 Orb","floor":36,"turns":3},{"damage":0,"floor":38,"turns":7},{"damage":26,"enemies":"Transient","floor":42,"turns":5},{"damage":25,"enemies":"Maw","floor":44,"turns":8},{"damage":83,"enemies":"Flame Bruiser 2 Orb","floor":46,"turns":2}],"seed_played":"1423998750766219343","potions_obtained":[{"floor":1,"key":"SpeedPotion"},{"floor":2,"key":"GamblersBrew"},{"floor":6,"key":"Dexterity Potion"},{"floor":8,"key":"Energy Potion"},{"floor":23,"key":"Dexterity Potion"},{"floor":24,"key":"BloodPotion"},{"floor":28,"key":"SpeedPotion"},{"floor":31,"key":"SteroidPotion"},{"floor":36,"key":"Block Potion"},{"floor":38,"key":"Energy Potion"},{"floor":42,"key":"Poison Potion"}],"is_trial":false,"path_per_floor":["M","M","M","M","M","E","?","M","T","?","M","R","?","M","R","B",null,"M","M","?","$","M","E","M","M","T","R","M","R","?","E","R","B",null,"M","M","?","?","?","R","?","M","T","M","R"],"character_chosen":"IRONCLAD","items_purchased":["Anchor","Shrug It Off"],"campfire_rested":4,"item_purchase_floors":[21,21],"current_hp_per_floor":[70,65,70,71,70,45,45,43,43,69,65,65,65,71,71,42,80,65,44,70,70,64,38,36,38,38,62,62,62,62,49,73,12,80,54,10,10,16,36,60,80,60,60,41,65,0],"gold":696,"neow_bonus":"TRANSFORM_CARD","is_prod":false,"is_daily":false,"chose_seed":false,"campfire_upgraded":3,"win_rate":0,"timestamp":1533692445,"path_taken":["M","M","M","M","M","E","?","M","T","?","M","R","?","M","R","BOSS","M","M","?","$","?","E","M","M","T","R","M","R","?","E","R","BOSS","M","?","?","?","?","R","?","M","T","?","R","M"],"build_version":"2018-08-02","purchased_purges":1,"victory":false,"max_hp_per_floor":[80,80,80,80,80,80,80,80,80,80,80,80,80,80,80,80,80,80,80,80,80,80,80,80,80,80,80,80,80,80,80,80,80,80,80,80,80,80,80,80,80,80,80,80,80,80],"card_choices":[{"not_picked":["Intimidate","Armaments"],"picked":"Anger","floor":1},{"not_picked":["Armaments","True Grit"],"picked":"Cleave","floor":2},{"not_picked":["Battle Trance","Armaments"],"picked":"Perfected Strike","floor":3},{"not_picked":["Evolve","Armaments"],"picked":"Spot Weakness","floor":4},{"not_picked":["Clothesline","Iron Wave"],"picked":"Immolate","floor":5},{"not_picked":["Bloodletting","Body Slam"],"picked":"Clash","floor":6},{"not_picked":["Body Slam","Reckless Charge"],"picked":"Blood for Blood","floor":8},{"not_picked":["Sever Soul","Sword Boomerang"],"picked":"Cleave","floor":11},{"not_picked":["Wild Strike","Headbutt"],"picked":"Pommel Strike","floor":14},{"not_picked":["Dark Embrace","Demon Form"],"picked":"Impervious","floor":16},{"not_picked":["Body Slam","Infernal Blade"],"picked":"Anger","floor":18},{"not_picked":["Blood for Blood","Perfected Strike"],"picked":"Flex","floor":19},{"not_picked":["Clash","Body Slam"],"picked":"Perfected Strike+1","floor":22},{"not_picked":["Power Through+1","Havoc"],"picked":"Whirlwind","floor":23},{"not_picked":["Brutality","Warcry+1","Body Slam"],"picked":"SKIP","floor":24},{"not_picked":["Havoc+1","Sentinel","Corruption+1"],"picked":"SKIP","floor":25},{"not_picked":["Cleave","Body Slam","Shrug It Off"],"picked":"SKIP","floor":28},{"not_picked":["Dual Wield","Warcry"],"picked":"Limit Break","floor":31},{"not_picked":["Barricade","Exhume"],"picked":"Demon Form","floor":33},{"not_picked":["Sentinel+1","Evolve","Second Wind+1"],"picked":"SKIP","floor":35},{"not_picked":["Uppercut+1","Entrench"],"picked":"Reckless Charge","floor":36},{"not_picked":["Master of Strategy","Finesse"],"picked":"Apotheosis","floor":37},{"not_picked":["Wild Strike+1","Carnage+1"],"picked":"Seeing Red+1","floor":38},{"not_picked":["Evolve+1","Body Slam+1"],"picked":"Anger+1","floor":42},{"not_picked":["Body Slam","True Grit+1"],"picked":"Heavy Blade+1","floor":44}],"player_experience":109288,"relics_obtained":[{"floor":6,"key":"Pen Nib"},{"floor":9,"key":"Potion Belt"},{"floor":23,"key":"Orichalcum"},{"floor":26,"key":"Boot"},{"floor":31,"key":"MawBank"},{"floor":38,"key":"StoneCalendar"},{"floor":43,"key":"Letter Opener"}],"event_choices":[{"event_name":"Golden Idol","player_choice":"Take Wound","floor":7,"damage_taken":0},{"event_name":"Big Fish","player_choice":"Banana","floor":10,"damage_taken":0},{"event_name":"World of Goop","player_choice":"Left","floor":13,"damage_taken":0},{"event_name":"The Library","player_choice":"Heal","floor":20,"damage_taken":0},{"event_name":"Ghosts","player_choice":"Ignored","floor":30,"damage_taken":0},{"event_name":"SensoryStone","player_choice":"Memory 1","floor":37,"damage_taken":0},{"event_name":"MindBloom","player_choice":"Fight","floor":38,"damage_taken":0},{"event_name":"Winding Halls","player_choice":"Writhe","floor":39,"damage_taken":0},{"event_name":"Bonfire Elementals","player_choice":"UNCOMMON","floor":41,"damage_taken":0}],"is_beta":false,"boss_relics":[{"not_picked":["White Beast Statue","Lizard Tail"],"picked":"Astrolabe"},{"not_picked":["Runic Pyramid","Calling Bell"],"picked":"Cursed Key"}],"items_purged_floors":[21],"is_endless":false,"potions_floor_spawned":[1,2,6,8,23,24,28,31,36,38,42],"killed_by":"Flame Bruiser 2 Orb","ascension_level":0}