{"gold_per_floor":[114,114,175,188,188,188,213,230,230,230,257,277,293,325,325,401,401,417,36,36,46,46,46,62,91,139,155,55,89,89,0,0,79,79,92,112,164,180,180,180,196,196,221,250,250,260,279,114,114,114,114],"floor_reached":52,"playtime":3691,"items_purged":["Pain","Strike_B"],"score":1980,"play_id":"aacbba65-1468-4f7f-92f7-8938eaf19866","local_time":"20190910074111","is_ascension_mode":true,"campfire_choices":[{"data":"Zap","floor":6.0,"key":"SMITH"},{"data":"Steam","floor":10.0,"key":"SMITH"},{"data":"Defragment","floor":15,"key":"SMITH"},{"floor":23,"key":"REST"},{"data":"Echo Form","floor":30,"key":"SMITH"},{"data":"Self Repair","floor":32,"key":"SMITH"},{"data":"Creative AI","floor":40,"key":"SMITH"},{"data":"Loop","floor":45,"key":"SMITH"},{"data":"Capacitor","floor":49,"key":"SMITH"}],"neow_cost":"NONE","seed_source_timestamp":386102133120800,"circlet_count":0,"master_deck":["AscendersBane","Defend_B+1","Defend_B","Defend_B","Defend_B","Zap+1","Dualcast+1","Streamline","Ball Lightning","Doom and Gloom","Steam+1","Core Surge","Glacier+1","Self Repair+1","Defragment+1","Seek+1","Doom and Gloom+1","Redo+1","Leap+1","Sweeping Beam+1","Conserve Battery+1","Reinforced Body+1","Echo Form+1","Steam+1","Hologram+1","Creative AI+1","Loop+1","Jack Of All Trades+1","Panacea+1","Discovery+1","Capacitor+1"],"special_seed":0,"relics":["Cracked Core","NeowsBlessing","WarpedTongs","War Paint","Mercury Hourglass","Toxic Egg 2","Pocketwatch","Astrolabe","Gremlin Horn","Enchiridion","Mummified Hand","Blood Vial","Kunai","Coffee Dripper","Gambling Chip","Potion Belt","Bottled Tornado"],"potions_floor_usage":[16,24,25,27,29,33,44,44,50],"damage_taken":[{"damage":0.0,"enemies":"Small Slimes","floor":1.0,"turns":1.0},{"damage":0.0,"enemies":"Cultist","floor":4.0,"turns":1.0},{"damage":0.0,"enemies":"Gremlin Nob","floor":7.0,"turns":1.0},{"damage":0.0,"enemies":"2 Louse","floor":8.0,"turns":2.0},{"damage":13.0,"enemies":"3 Sentries","floor":11.0,"turns":3.0},{"damage":3.0,"enemies":"Exordium Wildlife","floor":12.0,"turns":1.0},{"damage":0.0,"enemies":"2 Fungi Beasts","floor":13.0,"turns":2.0},{"damage":8,"enemies":"Lagavulin","floor":14,"turns":8},{"damage":11,"enemies":"The Guardian","floor":16,"turns":8},{"damage":20,"enemies":"Shell Parasite","floor":18,"turns":5},{"damage":0,"enemies":"Spheric Guardian","floor":21,"turns":3},{"damage":4,"enemies":"Snake Plant","floor":24,"turns":3},{"damage":20,"enemies":"Gremlin Leader","floor":25,"turns":6},{"damage":0,"enemies":"Cultist and Chosen","floor":27,"turns":4},{"damage":2,"enemies":"Book of Stabbing","floor":29,"turns":4},{"damage":4,"enemies":"Automaton","floor":33,"turns":6},{"damage":0,"enemies":"Orb Walker","floor":35,"turns":4},{"damage":0,"enemies":"3 Shapes","floor":36,"turns":2},{"damage":9,"enemies":"2 Orb Walkers","floor":37,"turns":4},{"damage":12,"enemies":"3 Darklings","floor":38,"turns":3},{"damage":0,"enemies":"Spire Growth","floor":41,"turns":4},{"damage":0,"enemies":"Reptomancer","floor":44,"turns":4},{"damage":29,"enemies":"4 Shapes","floor":46,"turns":4},{"damage":1,"enemies":"3 Darklings","floor":47,"turns":3},{"damage":30,"enemies":"Time Eater","floor":50,"turns":9},{"damage":16,"enemies":"Donu and Deca","floor":51,"turns":5}],"seed_played":"6267928584189005009","potions_obtained":[{"floor":4.0,"key":"SkillPotion"},{"floor":8.0,"key":"EssenceOfSteel"},{"floor":14,"key":"FocusPotion"},{"floor":21,"key":"Weak Potion"},{"floor":24,"key":"Energy Potion"},{"floor":25,"key":"Regen Potion"},{"floor":27,"key":"FocusPotion"},{"floor":38,"key":"SkillPotion"},{"floor":41,"key":"Swift Potion"},{"floor":47,"key":"Fruit Juice"}],"is_trial":false,"path_per_floor":["M","?","?","M","?","R","E","M","T","R","E","M","M","E","R","B",null,"M","$","?","M","?","R","M","E","T","M","$","E","R","?","R","B",null,"M","M","?","M","?","R","M","?","T","E","R","M","M","$","R","B","B",null],"character_chosen":"DEFECT","items_purchased":["Conserve Battery+1","Gremlin Horn","Regen Potion","Capacitor"],"campfire_rested":1,"item_purchase_floors":[19,19,48,48],"current_hp_per_floor":[64,64,64,64,64,64,64,64,64,64,51,48,48,40,40,39,63,53,53,32,39,19,41,44,34,34,62,62,72,72,72,72,76,76,76,76,76,74,74,74,76,66,66,76,76,57,76,76,76,71,67],"gold":114,"neow_bonus":"THREE_ENEMY_KILL","is_prod":false,"is_daily":false,"chose_seed":false,"campfire_upgraded":8,"win_rate":0,"timestamp":1568126471,"path_taken":["M","?","?","M","?","R","E","M","T","R","E","?","M","E","R","BOSS","M","$","?","M","?","R","M","E","T","M","$","E","R","?","R","BOSS","M","M","?","M","?","R","M","?","T","E","R","M","M","$","R","BOSS","BOSS"],"build_version":"2019-07-17","purchased_purges":2,"victory":true,"max_hp_per_floor":[71,71,71,71,71,71,71,71,71,71,71,71,71,71,71,71,71,71,71,71,71,76,76,76,76,76,76,76,76,76,76,76,76,76,76,76,76,76,76,76,76,76,76,76,76,76,76,76,76,81,81],"card_choices":[{"not_picked":["Stack","Reprogram"],"picked":"Streamline","floor":1.0},{"not_picked":["Leap","Streamline"],"picked":"Ball Lightning","floor":4.0},{"not_picked":["Streamline","Darkness"],"picked":"Doom and Gloom","floor":7.0},{"not_picked":["Go for the Eyes","Rebound"],"picked":"Steam","floor":8.0},{"not_picked":["Beam Cell","Redo"],"picked":"Core Surge","floor":11.0},{"not_picked":["Steam+1","Go for the Eyes"],"picked":"Glacier+1","floor":12.0},{"not_picked":["Chaos+1","Stack+1"],"picked":"Self Repair","floor":13.0},{"not_picked":["Reprogram+1","Machine Learning"],"picked":"Defragment","floor":14},{"not_picked":["All For One","Amplify+1"],"picked":"Seek+1","floor":16},{"not_picked":["Rebound+1","Gash"],"picked":"Sweeping Beam+1","floor":18},{"not_picked":["Rip and Tear","Compile Driver"],"picked":"Turbo+1","floor":21},{"not_picked":["Melter","Rebound"],"picked":"Reinforced Body+1","floor":24},{"not_picked":["Compile Driver","Rainbow+1"],"picked":"Echo Form","floor":25},{"not_picked":["Stack+1","Turbo+1"],"picked":"Steam+1","floor":27},{"not_picked":["Reinforced Body+1","Scrape"],"picked":"Hologram+1","floor":29},{"not_picked":["Core Surge","Rainbow+1"],"picked":"Creative AI","floor":33},{"not_picked":["Rip and Tear","Leap+1","Melter+1"],"picked":"SKIP","floor":35},{"not_picked":["Turbo+1","Chaos+1","Hologram+1"],"picked":"SKIP","floor":36},{"not_picked":["Leap+1","Beam Cell"],"picked":"Loop","floor":37},{"not_picked":["BootSequence+1","Blizzard","Streamline"],"picked":"SKIP","floor":38},{"not_picked":["Rebound","Streamline","Scrape"],"picked":"SKIP","floor":41},{"not_picked":["Panache","Blind+1"],"picked":"Jack Of All Trades+1","floor":42},{"not_picked":["Discovery+1","Dramatic Entrance"],"picked":"Panacea+1","floor":42},{"not_picked":["Impatience+1","Enlightenment+1"],"picked":"Discovery+1","floor":42},{"not_picked":["Static Discharge","Rebound","Hello World"],"picked":"SKIP","floor":44},{"not_picked":["Auto Shields+1","Sweeping Beam+1","White Noise+1"],"picked":"SKIP","floor":46},{"not_picked":["Rebound","Chaos+1","Redo+1"],"picked":"SKIP","floor":47}],"player_experience":866162,"relics_obtained":[{"floor":7.0,"key":"War Paint"},{"floor":9.0,"key":"Mercury Hourglass"},{"floor":11.0,"key":"Toxic Egg 2"},{"floor":14,"key":"Pocketwatch"},{"floor":20,"key":"Enchiridion"},{"floor":25,"key":"Mummified Hand"},{"floor":26,"key":"Blood Vial"},{"floor":29,"key":"Kunai"},{"floor":37,"key":"Gambling Chip"},{"floor":43,"key":"Potion Belt"},{"floor":44,"key":"Bottled Tornado"}],"event_choices":[{"damage_healed":0.0,"max_hp_gain":0.0,"max_hp_loss":0.0,"gold_gain":0.0,"event_name":"Liars Game","player_choice":"Ignored","floor":2.0,"gold_loss":0.0,"damage_taken":0.0},{"damage_healed":0.0,"max_hp_gain":0.0,"max_hp_loss":0.0,"gold_gain":61.0,"event_name":"Golden Wing","player_choice":"Gained Gold","floor":3.0,"gold_loss":0.0,"damage_taken":0.0},{"damage_healed":0.0,"max_hp_gain":0.0,"max_hp_loss":0.0,"gold_gain":0.0,"event_name":"Accursed Blacksmith","player_choice":"Rummage","floor":5.0,"gold_loss":0.0,"damage_taken":0.0,"relics_obtained":["WarpedTongs"],"cards_obtained":["Pain"]},{"damage_healed":0,"gold_gain":0,"player_choice":"Obtained Book","damage_taken":21,"max_hp_gain":0,"max_hp_loss":0,"event_name":"Cursed Tome","floor":20,"gold_loss":0},{"damage_healed":0,"gold_gain":0,"player_choice":"Shed Blood","damage_taken":25,"max_hp_gain":5,"max_hp_loss":0,"event_name":"Forgotten Altar","floor":22,"gold_loss":0},{"damage_healed":0,"gold_gain":0,"player_choice":"Paid Fearfully","damage_taken":0,"max_hp_gain":0,"max_hp_loss":0,"event_name":"Masked Bandits","floor":31,"gold_loss":89},{"damage_healed":0,"gold_gain":0,"player_choice":"Fight","damage_taken":0,"max_hp_gain":0,"max_hp_loss":0,"event_name":"Mysterious Sphere","floor":37,"gold_loss":0},{"cards_removed":["Turbo"],"damage_healed":0,"gold_gain":0,"player_choice":"Removed Skill","damage_taken":0,"max_hp_gain":0,"max_hp_loss":0,"event_name":"Falling","floor":39,"gold_loss":0},{"damage_healed":0,"gold_gain":0,"player_choice":"Memory 3","damage_taken":10,"max_hp_gain":0,"max_hp_loss":0,"event_name":"SensoryStone","floor":42,"gold_loss":0}],"is_beta":false,"boss_relics":[{"not_picked":["Tiny House","White Beast Statue"],"picked":"Astrolabe"},{"not_picked":["Runic Pyramid","Philosopher\u0027s Stone"],"picked":"Coffee Dripper"}],"items_purged_floors":[19,28],"is_endless":false,"potions_floor_spawned":[4,8,14,21,24,25,27,38,41,47],"ascension_level":20}