{"gold_per_floor":[114,133,133,5,5,31,31,66,113,128,142,40,55,67,67,171,201,221,171,171,189,201,201],"floor_reached":23,"playtime":2500,"items_purged":[],"score":228,"play_id":"36549200-8342-49f4-b6bb-3d4450144fce","local_time":"20180714010652","is_ascension_mode":false,"campfire_choices":[{"data":"Zap","floor":7,"key":"SMITH"},{"floor":15,"key":"REST"}],"neow_cost":"","seed_source_timestamp":14677957834852,"circlet_count":0,"master_deck":["Defend_B","Defend_B","Defend_B","Defend_B","Zap+1","Dualcast+1","Sweeping Beam","Self Repair","FTL","Conserve Battery","Aggregate","Ball Lightning","Scrape","Double Energy","Streamline","Double Energy","Fusion","Compile Driver","Biased Cognition","Redo","Conserve Battery","Bite","Bite","Bite","Bite","Bite","Beam Cell","Ball Lightning+1"],"relics":["Cracked Core","Bottled Lightning","Centennial Puzzle","Tiny House"],"potions_floor_usage":[16,16,16,23,23],"damage_taken":[{"damage":0,"enemies":"Cultist","floor":1,"turns":4},{"damage":2,"enemies":"2 Louse","floor":2,"turns":2},{"damage":23,"enemies":"3 Sentries","floor":6,"turns":8},{"damage":29,"enemies":"Lagavulin","floor":8,"turns":7},{"damage":6,"enemies":"Jaw Worm","floor":10,"turns":2},{"damage":7,"enemies":"3 Louse","floor":11,"turns":2},{"damage":26,"enemies":"Large Slime","floor":13,"turns":4},{"damage":7,"enemies":"2 Fungi Beasts","floor":14,"turns":3},{"damage":31,"enemies":"Slime Boss","floor":16,"turns":9},{"damage":32,"enemies":"Shell Parasite","floor":18,"turns":5},{"damage":10,"enemies":"Spheric Guardian","floor":21,"turns":3},{"damage":53,"enemies":"3 Cultists","floor":22,"turns":5},{"damage":18,"enemies":"Book of Stabbing","floor":23,"turns":2}],"seed_played":"5317961526469327704","potions_obtained":[{"floor":1,"key":"Explosive Potion"},{"floor":8,"key":"EntropicBrew"},{"floor":17,"key":"FairyPotion"},{"floor":22,"key":"PowerPotion"}],"is_trial":false,"path_per_floor":["M","M","?","$","$","E","R","E","T","M","M","$","M","M","R","B",null,"M","?","?","M","M"],"character_chosen":"DEFECT","items_purchased":["FTL","Conserve Battery","Streamline","Double Energy"],"campfire_rested":1,"item_purchase_floors":[4,4,12,12],"current_hp_per_floor":[75,73,73,73,73,57,57,37,37,40,42,42,25,27,49,27,80,55,55,55,49,17,0],"gold":201,"neow_bonus":"","is_prod":false,"is_daily":false,"chose_seed":false,"campfire_upgraded":1,"win_rate":0.0,"timestamp":1531544812,"path_taken":["M","?","?","?","$","E","R","E","T","M","M","$","M","M","R","BOSS","M","?","?","M","?","E"],"build_version":"2018-07-12","purchased_purges":0,"victory":false,"max_hp_per_floor":[75,75,75,75,75,75,75,75,75,75,75,75,75,75,75,75,80,80,80,80,80,80,80],"card_choices":[{"not_picked":["Chaos","Beam Cell"],"picked":"Sweeping Beam","floor":1},{"not_picked":["Redo","Chill"],"picked":"Self Repair","floor":2},{"not_picked":["Steam","Rainbow"],"picked":"Aggregate","floor":6},{"not_picked":["Glacier","Blizzard"],"picked":"Ball Lightning","floor":8},{"not_picked":["Cold Snap","White Noise"],"picked":"Scrape","floor":10},{"not_picked":["Reinforced Body","Heatsinks"],"picked":"Double Energy","floor":11},{"not_picked":["Steam","Streamline"],"picked":"Fusion","floor":13},{"not_picked":["Coolheaded","Steam"],"picked":"Compile Driver","floor":14},{"not_picked":["Machine Learning","Buffer"],"picked":"Biased Cognition","floor":16},{"not_picked":["Coolheaded","Doom and Gloom"],"picked":"Redo","floor":17},{"not_picked":["FTL","Doom and Gloom"],"picked":"Conserve Battery","floor":18},{"not_picked":["White Noise","Multi-Cast"],"picked":"Beam Cell","floor":21},{"not_picked":["Cold Snap+1","Chaos"],"picked":"Ball Lightning+1","floor":22}],"player_experience":5140,"relics_obtained":[{"floor":6,"key":"Blood Vial"},{"floor":8,"key":"Bottled Lightning"},{"floor":9,"key":"Centennial Puzzle"}],"event_choices":[{"event_name":"Living Wall","player_choice":"Grow","floor":3,"damage_taken":0},{"event_name":"The Joust","player_choice":"Bet on Murderer","floor":19,"damage_taken":0},{"event_name":"Vampires","player_choice":"Became a vampire (Vial)","floor":20,"damage_taken":0}],"boss_relics":[{"not_picked":["Busted Crown","Coffee Dripper"],"picked":"Tiny House"}],"items_purged_floors":[],"is_endless":false,"potions_floor_spawned":[1,8,18,21,22],"killed_by":"Book of Stabbing","ascension_level":0}