{"gold_per_floor":[111,122,43,53,53,53,73,73,143,143,143,161,161,161,161,265,265,276,276,276,293,313,313,330,330,330,330,355,369,369,389,389,389],"floor_reached":33,"playtime":1379,"items_purged":[],"score":257,"play_id":"04bd1292-5324-473d-b8ea-a68a243f569b","local_time":"20180728154954","is_ascension_mode":false,"campfire_choices":[{"data":"Finisher","floor":6,"key":"SMITH"},{"data":"Endless Agony","floor":11,"key":"SMITH"},{"data":"Cloak And Dagger","floor":13,"key":"SMITH"},{"data":"Cloak And Dagger","floor":15,"key":"SMITH"},{"data":"Glass Knife","floor":23,"key":"SMITH"},{"floor":25,"key":"REST"},{"data":"Accuracy","floor":27,"key":"SMITH"},{"floor":30,"key":"REST"},{"floor":32,"key":"REST"}],"neow_cost":"TEN_PERCENT_HP_LOSS","seed_source_timestamp":247028729853372,"circlet_count":0,"master_deck":["Defend_G+1","Defend_G+1","Defend_G+1","Defend_G+1","Defend_G+1","Strike_G+1","Strike_G+1","Strike_G+1","Strike_G+1","Strike_G+1","Survivor","Neutralize","Die Die Die","Cloak And Dagger+1","Finisher+1","Endless Agony+1","Flying Knee","Cloak And Dagger+1","Flying Knee","Glass Knife+1","Accuracy+1","Finisher+1","Sucker Punch+1","Prepared+1","Sucker Punch+1","Riddle With Holes","Flying Knee+1"],"relics":["Ring of the Snake","Darkstone Periapt","HoveringKite","Letter Opener","Boot"],"potions_floor_usage":[24,28,28,31],"damage_taken":[{"damage":10,"enemies":"Small Slimes","floor":1,"turns":4},{"damage":3,"enemies":"Jaw Worm","floor":2,"turns":5},{"damage":1,"enemies":"Cultist","floor":4,"turns":3},{"damage":0,"enemies":"Blue Slaver","floor":7,"turns":5},{"damage":3,"enemies":"3 Louse","floor":12,"turns":3},{"damage":55,"enemies":"Slime Boss","floor":16,"turns":11},{"damage":0,"enemies":"2 Thieves","floor":18,"turns":3},{"damage":0,"enemies":"3 Byrds","floor":21,"turns":5},{"damage":0,"enemies":"Snecko","floor":22,"turns":2},{"damage":33,"enemies":"Chosen and Byrds","floor":24,"turns":5},{"damage":22,"enemies":"Slavers","floor":28,"turns":4},{"damage":24,"enemies":"Sentry and Sphere","floor":29,"turns":5},{"damage":18,"enemies":"Centurion and Healer","floor":31,"turns":4},{"damage":31,"enemies":"Champ","floor":33,"turns":11}],"seed_played":"-7569934295466164323","potions_obtained":[{"floor":1,"key":"Strength Potion"},{"floor":12,"key":"Ancient Potion"},{"floor":22,"key":"PowerPotion"},{"floor":24,"key":"EssenceOfSteel"}],"is_trial":false,"path_per_floor":["M","M","$","M","$","R","M","$","T","?","R","M","R","?","R","B",null,"M","?","?","M","M","R","M","R","T","R","E","M","R","M","R"],"character_chosen":"THE_SILENT","items_purchased":["Endless Agony"],"campfire_rested":3,"item_purchase_floors":[3],"current_hp_per_floor":[53,50,50,49,49,49,49,49,49,63,63,60,60,60,60,5,63,63,63,63,63,63,63,30,48,48,48,26,2,20,2,20,0],"gold":389,"neow_bonus":"THREE_RARE_CARDS","is_prod":false,"is_daily":false,"chose_seed":false,"campfire_upgraded":6,"win_rate":0.0,"timestamp":1532807394,"path_taken":["M","M","$","M","$","R","M","$","T","?","R","?","R","?","R","BOSS","M","?","?","M","M","R","M","R","T","R","E","?","R","M","R","BOSS"],"build_version":"2018-07-26","purchased_purges":0,"victory":false,"max_hp_per_floor":[63,63,63,63,63,63,63,63,63,63,63,63,63,63,63,63,63,63,63,63,63,63,63,63,63,63,63,63,63,63,63,63,63],"card_choices":[{"not_picked":["Bullet Time","Doppelganger"],"picked":"Die Die Die","floor":0},{"not_picked":["Choke","Quick Slash"],"picked":"Cloak And Dagger","floor":1},{"not_picked":["PiercingWail","Flying Knee"],"picked":"Finisher","floor":2},{"not_picked":["Sucker Punch","Backflip"],"picked":"Flying Knee","floor":4},{"not_picked":["Riddle With Holes","Distraction"],"picked":"Cloak And Dagger","floor":7},{"not_picked":["All Out Attack","After Image"],"picked":"Flying Knee","floor":12},{"not_picked":["After Image","Storm of Steel"],"picked":"Glass Knife","floor":16},{"not_picked":["Dagger Spray","Prepared"],"picked":"Accuracy","floor":18},{"not_picked":["Prepared","PiercingWail"],"picked":"Finisher+1","floor":21},{"not_picked":["Prepared","Acrobatics"],"picked":"Sucker Punch+1","floor":22},{"not_picked":["Terror+1","Deflect"],"picked":"Prepared+1","floor":24},{"not_picked":["Outmaneuver","Slice+1"],"picked":"Sucker Punch+1","floor":28},{"not_picked":["Catalyst","Flying Knee"],"picked":"Riddle With Holes","floor":29},{"not_picked":["Underhanded Strike+1","Quick Slash"],"picked":"Flying Knee+1","floor":31}],"player_experience":50432,"relics_obtained":[{"floor":9,"key":"Darkstone Periapt"},{"floor":26,"key":"Letter Opener"},{"floor":28,"key":"Boot"}],"event_choices":[{"event_name":"Big Fish","player_choice":"Banana","floor":10,"damage_taken":0},{"event_name":"Liars Game","player_choice":"disagreed","floor":14,"damage_taken":0},{"event_name":"Back to Basics","player_choice":"Simplicity","floor":19,"damage_taken":0},{"event_name":"Vampires","player_choice":"Ignored","floor":20,"damage_taken":0}],"is_beta":false,"boss_relics":[{"not_picked":["Philosopher\u0027s Stone","White Beast Statue"],"picked":"HoveringKite"}],"items_purged_floors":[],"is_endless":false,"potions_floor_spawned":[1,12,22,24],"killed_by":"Champ","ascension_level":0}