{"gold_per_floor":[362,362,63,63,63,63,78,78,78,78,78,94,117,135,135,255,255,269,284,284,325,26,26,26,41,67,82,7,7,7,27,27,153,153,169,192,525,525,42,42,52,52,123,123,141,41,53,66,66,66],"floor_reached":50,"playtime":5459,"items_purged":["Injury","Normality"],"score":543,"play_id":"3631d952-afac-4217-adb4-e2f9fae2f23b","local_time":"20180920001602","is_ascension_mode":true,"campfire_choices":[{"floor":6,"key":"REST"},{"data":"Zap","floor":8,"key":"SMITH"},{"data":"Defragment","floor":10,"key":"SMITH"},{"floor":15,"key":"REST"},{"data":"Seek","floor":23,"key":"SMITH"},{"floor":29,"key":"REST"},{"floor":32,"key":"REST"},{"data":"Apotheosis","floor":40,"key":"SMITH"},{"floor":44,"key":"REST"},{"floor":49,"key":"REST"}],"neow_cost":"PERCENT_DAMAGE","seed_source_timestamp":275034439137645,"circlet_count":0,"master_deck":["Strike_B","Strike_B","Strike_B+1","Defend_B","Defend_B","Defend_B","Zap+1","Dualcast+1","Defragment+1","Seek+1","Coolheaded","Conserve Battery","Sweeping Beam","Beam Cell","Electrodynamics","Coolheaded","Storm+1","Redo+1","Reboot","Ball Lightning+1","Beam Cell+1","Rebound","Core Surge","Rebound+1","Barrage+1","Madness","Madness","Apotheosis+1","BootSequence+1","Reinforced Body","Darkness+1","Turbo+1","Steam+1"],"relics":["Cracked Core","Blood Vial","Darkstone Periapt","Busted Crown","Red Mask","Pen Nib","MutagenicStrength","Boot","Cursed Key","Ice Cream","StoneCalendar","Pantograph"],"potions_floor_usage":[21,35,35,42,48,50,50],"damage_taken":[{"damage":5,"enemies":"Small Slimes","floor":1,"turns":4},{"damage":6,"enemies":"Jaw Worm","floor":7,"turns":4},{"damage":0,"enemies":"Cultist","floor":12,"turns":3},{"damage":0,"enemies":"Exordium Thugs","floor":13,"turns":4},{"damage":7,"enemies":"3 Louse","floor":14,"turns":2},{"damage":3,"enemies":"The Guardian","floor":16,"turns":11},{"damage":20,"enemies":"2 Thieves","floor":18,"turns":2},{"damage":0,"enemies":"Spheric Guardian","floor":19,"turns":3},{"damage":0,"enemies":"Masked Bandits","floor":21,"turns":2},{"damage":40,"enemies":"Shelled Parasite and Fungi","floor":25,"turns":3},{"damage":7,"enemies":"Snake Plant","floor":27,"turns":2},{"damage":8,"enemies":"Cultist and Chosen","floor":31,"turns":3},{"damage":20,"enemies":"Collector","floor":33,"turns":7},{"damage":0,"enemies":"3 Darklings","floor":35,"turns":4},{"damage":8,"enemies":"Orb Walker","floor":36,"turns":2},{"damage":11,"enemies":"Sphere and 2 Shapes","floor":41,"turns":3},{"damage":4,"enemies":"Mind Bloom Boss Battle","floor":42,"turns":6},{"damage":26,"enemies":"Spire Growth","floor":45,"turns":4},{"damage":0,"enemies":"Maw","floor":47,"turns":6},{"damage":0,"enemies":"Sphere and 2 Shapes","floor":48,"turns":3},{"damage":94,"enemies":"Awakened One","floor":50,"turns":7}],"seed_played":"-8295293194577680419","potions_obtained":[{"floor":1,"key":"Ancient Potion"},{"floor":12,"key":"SpeedPotion"},{"floor":18,"key":"FearPotion"},{"floor":21,"key":"Block Potion"},{"floor":33,"key":"Poison Potion"},{"floor":41,"key":"Weak Potion"},{"floor":45,"key":"Poison Potion"},{"floor":47,"key":"SkillPotion"}],"is_trial":false,"path_per_floor":["M","?","$","?","$","R","M","R","T","R","?","M","M","M","R","B",null,"M","M","?","?","$","R","?","M","T","M","?","R","$","M","R","B",null,"M","M","?","?","$","R","M","?","T","R","M","$","M","M","R"],"character_chosen":"DEFECT","items_purchased":["Seek","Blood Vial","Reboot","Pen Nib","Ice Cream","Apotheosis"],"campfire_rested":6,"item_purchase_floors":[3,3,22,22,39,39],"current_hp_per_floor":[49,49,49,34,34,56,52,52,52,52,52,54,56,51,73,72,75,55,57,57,59,59,59,59,21,21,16,16,38,38,32,54,36,75,75,67,67,58,58,58,49,47,53,77,53,53,55,57,81,0],"gold":66,"neow_bonus":"TWO_FIFTY_GOLD","is_prod":false,"is_daily":false,"chose_seed":false,"campfire_upgraded":4,"win_rate":0,"timestamp":1537373762,"path_taken":["M","?","$","?","$","R","M","R","T","R","?","?","M","M","R","BOSS","M","M","?","?","?","R","?","M","T","?","?","R","$","?","R","BOSS","M","M","?","?","$","R","M","?","T","R","M","$","M","M","R","BOSS"],"build_version":"2018-09-06","purchased_purges":2,"victory":false,"max_hp_per_floor":[75,75,75,75,75,75,75,75,75,75,75,75,75,75,75,75,75,75,75,75,75,75,75,75,75,75,75,75,75,75,75,75,75,75,75,75,75,75,75,75,75,75,81,81,81,81,81,81,81,81],"card_choices":[{"not_picked":["Coolheaded","Rebound"],"picked":"Defragment","floor":1},{"not_picked":["Capacitor","Blizzard"],"picked":"Coolheaded","floor":7},{"not_picked":["Ball Lightning","Coolheaded"],"picked":"Conserve Battery","floor":12},{"not_picked":["Gash","Reinforced Body"],"picked":"Sweeping Beam","floor":13},{"not_picked":["Double Energy","Compile Driver"],"picked":"Beam Cell","floor":14},{"not_picked":["Creative AI","Fission"],"picked":"Electrodynamics","floor":16},{"not_picked":[],"picked":"Coolheaded","floor":18},{"not_picked":[],"picked":"Storm+1","floor":19},{"not_picked":[],"picked":"Redo+1","floor":21},{"not_picked":[],"picked":"Ball Lightning+1","floor":25},{"not_picked":[],"picked":"Beam Cell+1","floor":27},{"not_picked":[],"picked":"Rebound","floor":31},{"not_picked":[],"picked":"Core Surge","floor":33},{"not_picked":[],"picked":"Rebound+1","floor":35},{"not_picked":[],"picked":"Barrage+1","floor":36},{"not_picked":[],"picked":"BootSequence+1","floor":41},{"not_picked":[],"picked":"Reinforced Body","floor":42},{"not_picked":[],"picked":"Darkness+1","floor":45},{"not_picked":[],"picked":"Turbo+1","floor":47},{"not_picked":[],"picked":"Steam+1","floor":48}],"player_experience":952822,"relics_obtained":[{"floor":9,"key":"Darkstone Periapt"},{"floor":21,"key":"Red Mask"},{"floor":26,"key":"Boot"},{"floor":42,"key":"StoneCalendar"},{"floor":43,"key":"Pantograph"}],"event_choices":[{"event_name":"Golden Idol","player_choice":"Take Wound","floor":2,"damage_taken":0},{"event_name":"Shining Light","player_choice":"Entered Light","floor":4,"damage_taken":0},{"event_name":"Purifier","player_choice":"One Purge","floor":11,"damage_taken":0},{"event_name":"Ghosts","player_choice":"Ignored","floor":20,"damage_taken":0},{"event_name":"Masked Bandits","player_choice":"Fought Bandits","floor":21,"damage_taken":0},{"event_name":"Drug Dealer","player_choice":"Inject Mutagens","floor":24,"damage_taken":0},{"event_name":"Beggar","player_choice":"Gave Gold","floor":28,"damage_taken":0},{"event_name":"The Moai Head","player_choice":"Gave Idol","floor":37,"damage_taken":0},{"event_name":"Winding Halls","player_choice":"Embrace Madness","floor":38,"damage_taken":0},{"event_name":"MindBloom","player_choice":"Fight","floor":42,"damage_taken":0}],"is_beta":false,"boss_relics":[{"not_picked":["Astrolabe","Lizard Tail"],"picked":"Busted Crown"},{"not_picked":["Black Star","Snecko Eye"],"picked":"Cursed Key"}],"items_purged_floors":[3,46],"is_endless":false,"potions_floor_spawned":[1,12,18,21,33,41,45,47],"killed_by":"Awakened One","ascension_level":4}