{"gold_per_floor":[115,128,142,156,231,231,251,129,129,144,171,186,186,206,206,301,351,366,378,72,72,89,89,39,94,94,114,64,79,29,29,29,29],"floor_reached":33,"playtime":1503,"items_purged":["Strike_R","Strike_R","Defend_R","Strike_R","Defend_R"],"score":296,"play_id":"c86b5c69-e9a7-4faf-8762-f996a9ac8aa6","local_time":"20190911171840","is_ascension_mode":false,"campfire_choices":[{"data":"Bash","floor":6.0,"key":"SMITH"},{"data":"Body Slam","floor":13.0,"key":"SMITH"},{"data":"Shrug It Off","floor":15.0,"key":"SMITH"},{"data":"Defend_R","floor":23.0,"key":"SMITH"},{"floor":32,"key":"REST"}],"neow_cost":"NONE","seed_source_timestamp":509258410636100,"circlet_count":0,"master_deck":["Strike_R","Defend_R+1","Defend_R+1","Bash+1","Ghostly Armor","Body Slam+1","Shrug It Off+1"],"special_seed":0,"relics":["Burning Blood","Red Skull","Smiling Mask","Tiny House","Question Card","Dodecahedron","Tiny Chest","Juzu Bracelet","Dead Branch"],"potions_floor_usage":[25,25,29,33],"damage_taken":[{"damage":0.0,"enemies":"Small Slimes","floor":1.0,"turns":3.0},{"damage":0.0,"enemies":"Cultist","floor":2.0,"turns":3.0},{"damage":8.0,"enemies":"Jaw Worm","floor":3.0,"turns":3.0},{"damage":8.0,"enemies":"Red Slaver","floor":4.0,"turns":4.0},{"damage":3.0,"enemies":"Gremlin Gang","floor":7.0,"turns":8.0},{"damage":4.0,"enemies":"3 Louse","floor":10.0,"turns":4.0},{"damage":24.0,"enemies":"Gremlin Nob","floor":11.0,"turns":4.0},{"damage":6.0,"enemies":"2 Fungi Beasts","floor":12.0,"turns":4.0},{"damage":16.0,"enemies":"Large Slime","floor":14.0,"turns":6.0},{"damage":7.0,"enemies":"The Guardian","floor":16.0,"turns":12.0},{"damage":5.0,"enemies":"2 Thieves","floor":18.0,"turns":4.0},{"damage":25.0,"enemies":"3 Byrds","floor":19.0,"turns":9.0},{"damage":10.0,"enemies":"Cultist and Chosen","floor":22.0,"turns":6.0},{"damage":0,"enemies":"Slavers","floor":25,"turns":8},{"damage":48,"enemies":"Sentry and Sphere","floor":27,"turns":10},{"damage":6,"enemies":"Centurion and Healer","floor":29,"turns":6},{"damage":58,"enemies":"Champ","floor":33,"turns":15}],"seed_played":"-6794879275577016412","potions_obtained":[{"floor":1.0,"key":"FearPotion"},{"floor":4.0,"key":"Energy Potion"},{"floor":11.0,"key":"FearPotion"},{"floor":12.0,"key":"Ancient Potion"},{"floor":14.0,"key":"Strength Potion"},{"floor":17.0,"key":"Explosive Potion"},{"floor":22.0,"key":"SpeedPotion"},{"floor":27,"key":"EssenceOfSteel"},{"floor":29,"key":"Energy Potion"}],"is_trial":false,"path_per_floor":["M","M","M","M","?","R","M","$","T","M","E","M","R","M","R","B",null,"M","M","$","?","M","R","$","E","T","M","$","M","$","?","R","B"],"character_chosen":"IRONCLAD","items_purchased":["Shrug It Off","Question Card"],"campfire_rested":1,"item_purchase_floors":[8,20],"current_hp_per_floor":[80,80,78,76,65,65,68,68,68,70,52,52,52,42,42,41,85,85,66,66,66,62,62,62,68,68,26,26,26,26,26,51,0],"gold":29,"neow_bonus":"TRANSFORM_CARD","is_prod":false,"is_daily":false,"chose_seed":false,"campfire_upgraded":4,"win_rate":0,"timestamp":1568247520,"path_taken":["M","M","M","M","?","R","M","$","T","M","E","M","R","M","R","BOSS","M","M","$","?","M","R","$","E","T","M","$","M","?","?","R","BOSS"],"build_version":"2019-07-17","purchased_purges":5,"victory":false,"max_hp_per_floor":[80,80,80,80,80,80,80,80,80,80,80,80,80,80,80,80,85,85,85,85,85,85,85,85,85,85,85,85,85,85,85,85,85],"card_choices":[{"not_picked":["Perfected Strike","True Grit"],"picked":"Body Slam","floor":1.0},{"not_picked":["Carnage","Hemokinesis","Intimidate"],"picked":"SKIP","floor":2.0},{"not_picked":["Body Slam","Rampage","Disarm"],"picked":"SKIP","floor":3.0},{"not_picked":["Sword Boomerang","Headbutt","Double Tap"],"picked":"SKIP","floor":4.0},{"not_picked":["Fire Breathing","Perfected Strike","Blood for Blood"],"picked":"SKIP","floor":7.0},{"not_picked":["Sword Boomerang","Anger","Bloodletting"],"picked":"SKIP","floor":10.0},{"not_picked":["Burning Pact","Infernal Blade","Sword Boomerang"],"picked":"SKIP","floor":11.0},{"not_picked":["Body Slam","Uppercut","Armaments"],"picked":"SKIP","floor":12.0},{"not_picked":["Burning Pact","Carnage","Disarm"],"picked":"SKIP","floor":14.0},{"not_picked":["Blood for Blood","Feel No Pain","Rampage+1"],"picked":"SKIP","floor":18.0},{"not_picked":["Thunderclap","Havoc","Bloodletting+1"],"picked":"SKIP","floor":19.0},{"not_picked":["True Grit","Reaper","Shrug It Off","Inflame"],"picked":"SKIP","floor":22.0},{"not_picked":["Iron Wave","Sentinel","Reaper","Pommel Strike"],"picked":"SKIP","floor":25},{"not_picked":["Warcry","Reckless Charge","Thunderclap","Pommel Strike"],"picked":"SKIP","floor":27},{"not_picked":["Infernal Blade","Heavy Blade+1","Shockwave","Evolve+1"],"picked":"SKIP","floor":29}],"player_experience":921431,"relics_obtained":[{"floor":9.0,"key":"Red Skull"},{"floor":11.0,"key":"Smiling Mask"},{"floor":21.0,"key":"Dodecahedron"},{"floor":25,"key":"Tiny Chest"},{"floor":26,"key":"Juzu Bracelet"}],"event_choices":[{"damage_healed":0.0,"max_hp_gain":0.0,"max_hp_loss":0.0,"gold_gain":75.0,"event_name":"World of Goop","player_choice":"Gather Gold","floor":5.0,"gold_loss":0.0,"damage_taken":11.0},{"damage_healed":0.0,"max_hp_gain":0.0,"max_hp_loss":0.0,"gold_gain":0.0,"event_name":"Wheel of Change","player_choice":"Relic","floor":21.0,"gold_loss":0.0,"damage_taken":0.0},{"damage_healed":0,"gold_gain":0,"player_choice":"Opened","damage_taken":0,"relics_obtained":["Dead Branch"],"max_hp_gain":0,"max_hp_loss":0,"event_name":"The Mausoleum","floor":31,"gold_loss":0}],"is_beta":false,"boss_relics":[{"not_picked":["Velvet Choker","Black Blood"],"picked":"Tiny House"}],"items_purged_floors":[8,20,24,28,30],"is_endless":false,"potions_floor_spawned":[1,4,11,12,14,22,27,29],"killed_by":"Champ","ascension_level":0}