{"gold_per_floor":[115,115,85,85,105,105,70,101,125,139,156,156,171,183,183,287,287,255,255,273,52,0,0,19,19,101,101],"floor_reached":27,"playtime":1149,"items_purged":[],"score":341,"play_id":"152c15e2-2d99-4cb0-b017-c36592cbbef5","local_time":"20190608225607","is_ascension_mode":true,"campfire_choices":[{"data":"Bash","floor":6.0,"key":"SMITH"},{"floor":12.0,"key":"REST"},{"data":"Flame Barrier","floor":15.0,"key":"SMITH"},{"data":"Feed","floor":23.0,"key":"SMITH"}],"neow_cost":"NONE","seed_source_timestamp":24592779367373,"circlet_count":0,"master_deck":["AscendersBane","Strike_R","Strike_R","Strike_R","Strike_R+1","Strike_R","Defend_R+1","Defend_R","Defend_R","Defend_R","Bash+1","Shockwave","Flame Barrier+1","Flame Barrier","Reaper","Feed+1","Dropkick"],"special_seed":0,"relics":["Runic Pyramid","Anchor","Boot","Black Star","Orichalcum","Singing Bowl"],"potions_floor_usage":[24,24],"damage_taken":[{"damage":5.0,"enemies":"2 Louse","floor":1.0,"turns":4.0},{"damage":0.0,"enemies":"Cultist","floor":5.0,"turns":3.0},{"damage":12.0,"enemies":"Gremlin Nob","floor":8.0,"turns":4.0},{"damage":0.0,"enemies":"Jaw Worm","floor":10.0,"turns":3.0},{"damage":6.0,"enemies":"2 Fungi Beasts","floor":11.0,"turns":5.0},{"damage":3.0,"enemies":"Exordium Wildlife","floor":13.0,"turns":4.0},{"damage":1.0,"enemies":"Large Slime","floor":14.0,"turns":9.0},{"damage":29.0,"enemies":"Hexaghost","floor":16.0,"turns":15.0},{"damage":21.0,"enemies":"2 Thieves","floor":18.0,"turns":5.0},{"damage":0.0,"enemies":"Chosen","floor":20.0,"turns":6.0},{"damage":24,"enemies":"Centurion and Healer","floor":24,"turns":13},{"damage":103,"enemies":"Gremlin Leader","floor":27,"turns":7}],"seed_played":"-621571329686115930","potions_obtained":[{"floor":3.0,"key":"GamblersBrew"},{"floor":3.0,"key":"Fruit Juice"},{"floor":5.0,"key":"Fire Potion"},{"floor":13.0,"key":"Weak Potion"},{"floor":14.0,"key":"Energy Potion"},{"floor":18.0,"key":"Regen Potion"},{"floor":20.0,"key":"SteroidPotion"}],"is_trial":false,"path_per_floor":["M","?","?","$","M","R","$","E","T","M","M","R","M","M","R","B",null,"M","?","M","$","?","R","M","$","T","E"],"character_chosen":"IRONCLAD","items_purchased":["Shockwave","Feed","Orichalcum"],"campfire_rested":1,"item_purchase_floors":[7,21,21],"current_hp_per_floor":[67,51,51,56,56,56,56,44,44,44,38,63,60,59,59,30,71,59,59,65,65,65,65,85,85,85,0],"gold":101,"neow_bonus":"BOSS_RELIC","is_prod":false,"is_daily":false,"chose_seed":false,"campfire_upgraded":3,"win_rate":0,"timestamp":1560048967,"path_taken":["M","?","?","$","M","R","$","E","T","M","M","R","?","M","R","BOSS","M","?","M","$","?","R","M","?","T","E"],"build_version":"2019-01-23","purchased_purges":0,"victory":false,"max_hp_per_floor":[80,80,80,85,85,85,85,85,85,85,85,85,85,85,85,85,85,85,85,85,85,85,85,89,89,89,89],"card_choices":[{"not_picked":["Shrug It Off","Headbutt","True Grit"],"picked":"SKIP","floor":1.0},{"not_picked":["Clash","Rampage","Twin Strike"],"picked":"SKIP","floor":5.0},{"not_picked":["Corruption","Heavy Blade","Burning Pact"],"picked":"SKIP","floor":8.0},{"not_picked":["Sword Boomerang","Whirlwind"],"picked":"Flame Barrier","floor":10.0},{"not_picked":["Armaments","Sever Soul","Wild Strike"],"picked":"SKIP","floor":11.0},{"not_picked":["Exhume","Perfected Strike"],"picked":"Flame Barrier","floor":13.0},{"not_picked":["Warcry","Pommel Strike","Feel No Pain"],"picked":"SKIP","floor":14.0},{"not_picked":["Barricade","Juggernaut"],"picked":"Reaper","floor":16.0},{"not_picked":["Headbutt","Cleave","Armaments"],"picked":"SKIP","floor":18.0},{"not_picked":["Hemokinesis","Shockwave","Entrench"],"picked":"SKIP","floor":20.0},{"not_picked":["Thunderclap","Wild Strike"],"picked":"Dropkick","floor":24}],"player_experience":342708,"relics_obtained":[{"floor":8.0,"key":"Anchor"},{"floor":9.0,"key":"Boot"},{"floor":26,"key":"Singing Bowl"}],"event_choices":[{"damage_healed":0.0,"max_hp_gain":0.0,"max_hp_loss":0.0,"gold_gain":0.0,"event_name":"Shining Light","player_choice":"Entered Light","floor":2.0,"gold_loss":0.0,"damage_taken":16.0,"cards_upgraded":["Strike_R","Defend_R"]},{"damage_healed":0.0,"max_hp_gain":0.0,"max_hp_loss":0.0,"gold_gain":0.0,"event_name":"The Woman in Blue","player_choice":"Bought 2 Potions","floor":3.0,"gold_loss":0.0,"damage_taken":0.0},{"damage_healed":0.0,"max_hp_gain":0.0,"max_hp_loss":0.0,"gold_gain":0.0,"event_name":"Ghosts","player_choice":"Ignored","floor":19.0,"gold_loss":0.0,"damage_taken":0.0},{"damage_healed":0.0,"max_hp_gain":0.0,"max_hp_loss":0.0,"gold_gain":0.0,"event_name":"Masked Bandits","player_choice":"Paid Fearfully","floor":22.0,"gold_loss":52.0,"damage_taken":0.0}],"is_beta":false,"boss_relics":[{"not_picked":["Tiny House","Mark of Pain"],"picked":"Black Star"}],"items_purged_floors":[],"is_endless":false,"potions_floor_spawned":[5,13,14,18,20],"killed_by":"Gremlin Leader","ascension_level":12}