{"gold_per_floor":[117,136,148,168,186,186,215,227,227,255,275,275,275,301,301,404,404,419,433,448,83,95,124,124,124,124,153,153,153,5,22,22,121,121,138,138,138,151,151,151,26,43,43,43,76,90,123,133,133,133],"floor_reached":51,"playtime":6563,"items_purged":["Defend_B","Strike_B","Reprogram"],"score":934,"play_id":"3359051c-fcbd-402f-9007-8419df16d278","local_time":"20180927211456","is_ascension_mode":true,"campfire_choices":[{"data":"Fission","floor":6.0,"key":"SMITH"},{"floor":12.0,"key":"DIG"},{"floor":15.0,"key":"DIG"},{"floor":25.0,"key":"DIG"},{"floor":28.0,"key":"DIG"},{"floor":32.0,"key":"REST"},{"floor":40.0,"key":"DIG"},{"floor":44.0,"key":"DIG"},{"floor":49.0,"key":"DIG"}],"neow_cost":"NONE","seed_source_timestamp":0,"circlet_count":0,"master_deck":["Strike_B","Strike_B","Defend_B","Defend_B","Defend_B","Zap","Dualcast","Stack","Conserve Battery","Streamline","Conserve Battery","Auto Shields","Fission+1","Ball Lightning+1","Conserve Battery","Barrage+1","Conserve Battery","Ball Lightning+1","Echo Form","Coolheaded","Compile Driver","Compile Driver","Ball Lightning+1","RitualDagger+1","Barrage+1","Tempest+1","Go for the Eyes+1","Thunder Strike+1","Doom and Gloom+1","Consume+1","Thunder Strike+1","Ball Lightning+1","Static Discharge","Storm+1"],"special_seed":0,"relics":["Cracked Core","Boot","Shovel","PreservedInsect","Sundial","Pocketwatch","Dream Catcher","Fusion Hammer","Runic Capacitor","Letter Opener","MutagenicStrength","Shuriken","Molten Egg 2","Pear","Whetstone","Eternal Feather","Pantograph","Question Card","Mercury Hourglass","Orichalcum","Regal Pillow","Cables","Oddly Smooth Stone"],"potions_floor_usage":[50,50,50],"damage_taken":[{"damage":0.0,"enemies":"2 Louse","floor":1.0,"turns":3.0},{"damage":0.0,"enemies":"Small Slimes","floor":2.0,"turns":4.0},{"damage":0.0,"enemies":"Jaw Worm","floor":3.0,"turns":3.0},{"damage":3.0,"enemies":"Blue Slaver","floor":4.0,"turns":3.0},{"damage":4.0,"enemies":"3 Louse","floor":5.0,"turns":4.0},{"damage":11.0,"enemies":"3 Sentries","floor":7.0,"turns":11.0},{"damage":10.0,"enemies":"Exordium Thugs","floor":8.0,"turns":4.0},{"damage":13.0,"enemies":"Lagavulin","floor":10.0,"turns":7.0},{"damage":1.0,"enemies":"Blue Slaver","floor":11.0,"turns":2.0},{"damage":4.0,"enemies":"3 Sentries","floor":14.0,"turns":5.0},{"damage":18.0,"enemies":"Hexaghost","floor":16.0,"turns":10.0},{"damage":0.0,"enemies":"3 Byrds","floor":18.0,"turns":4.0},{"damage":0.0,"enemies":"Chosen","floor":19.0,"turns":4.0},{"damage":2.0,"enemies":"Centurion and Healer","floor":20.0,"turns":8.0},{"damage":13.0,"enemies":"Cultist and Chosen","floor":22.0,"turns":5.0},{"damage":17.0,"enemies":"Gremlin Leader","floor":23.0,"turns":6.0},{"damage":12.0,"enemies":"Book of Stabbing","floor":27.0,"turns":4.0},{"damage":0.0,"enemies":"Snake Plant","floor":31.0,"turns":2.0},{"damage":46.0,"enemies":"Collector","floor":33.0,"turns":7.0},{"damage":11.0,"enemies":"3 Shapes","floor":35.0,"turns":3.0},{"damage":1.0,"enemies":"3 Darklings","floor":38.0,"turns":3.0},{"damage":16.0,"enemies":"Spire Growth","floor":42.0,"turns":3.0},{"damage":0.0,"enemies":"Nemesis","floor":45.0,"turns":3.0},{"damage":4.0,"enemies":"Sphere and 2 Shapes","floor":46.0,"turns":3.0},{"damage":0.0,"enemies":"2 Orb Walkers","floor":47.0,"turns":1.0},{"damage":16.0,"enemies":"Maw","floor":48.0,"turns":5.0},{"damage":20,"enemies":"Time Eater","floor":50,"turns":6}],"seed_played":"-9019905944579943467","potions_obtained":[{"floor":2.0,"key":"Regen Potion"},{"floor":5.0,"key":"FearPotion"},{"floor":10.0,"key":"Ancient Potion"},{"floor":11.0,"key":"GamblersBrew"},{"floor":14.0,"key":"Block Potion"},{"floor":22.0,"key":"LiquidBronze"},{"floor":33.0,"key":"LiquidBronze"},{"floor":38.0,"key":"Weak Potion"},{"floor":42.0,"key":"FearPotion"},{"floor":48.0,"key":"SteroidPotion"}],"is_trial":false,"path_per_floor":["M","M","M","M","M","R","E","M","T","E","M","R","?","E","R","B",null,"M","M","M","$","M","E","?","R","T","E","R","?","$","M","R","B",null,"M","?","?","M","T","R","$","M","T","R","E","M","E","M","R","B"],"character_chosen":"DEFECT","items_purchased":["Runic Capacitor","Reprogram","Compile Driver","Barrage+1"],"campfire_rested":1,"item_purchase_floors":[21,21,21,30],"current_hp_per_floor":[75,75,75,72,68,68,72,62,62,49,48,48,48,44,44,26,75,75,75,73,73,60,43,43,43,43,41,41,35,35,35,60,14,85,74,74,74,73,73,85,85,69,69,85,85,81,81,65,83,65],"gold":133,"neow_bonus":"TRANSFORM_CARD","is_prod":false,"is_daily":false,"chose_seed":false,"campfire_upgraded":1,"win_rate":0,"timestamp":1538075696,"path_taken":["M","M","M","M","M","R","E","M","T","E","M","R","?","E","R","BOSS","M","M","M","$","M","E","?","R","T","E","R","?","$","?","R","BOSS","M","?","?","M","?","R","$","M","T","R","E","?","E","M","R","BOSS"],"build_version":"2018-09-20","purchased_purges":3,"victory":true,"max_hp_per_floor":[75,75,75,75,75,75,75,75,75,75,75,75,75,75,75,75,75,75,75,75,75,75,75,75,75,75,85,85,85,85,85,85,85,85,85,85,85,85,85,85,85,85,85,85,85,85,85,85,85,85],"card_choices":[{"not_picked":["Hologram","Steam"],"picked":"Conserve Battery","floor":1.0},{"not_picked":["Coolheaded","Redo"],"picked":"Streamline","floor":2.0},{"not_picked":["Redo","Streamline"],"picked":"Conserve Battery","floor":3.0},{"not_picked":["Heatsinks","Beam Cell"],"picked":"Auto Shields","floor":4.0},{"not_picked":["Leap","Conserve Battery"],"picked":"Fission","floor":5.0},{"not_picked":["Tempest","Hello World"],"picked":"Ball Lightning","floor":7.0},{"not_picked":["Recycle","Sweeping Beam"],"picked":"Conserve Battery","floor":8.0},{"not_picked":["All For One","Conserve Battery"],"picked":"Barrage","floor":10.0},{"not_picked":["Hologram","Beam Cell"],"picked":"Conserve Battery","floor":11.0},{"not_picked":["Aggregate","Sweeping Beam"],"picked":"Ball Lightning","floor":14.0},{"not_picked":["Multi-Cast","Amplify"],"picked":"Echo Form","floor":16.0},{"not_picked":["Redo","Scrape"],"picked":"Coolheaded","floor":18.0},{"not_picked":["Double Energy","Gash"],"picked":"Compile Driver","floor":19.0},{"not_picked":["Scrape+1","Beam Cell","Lockon"],"picked":"SKIP","floor":20.0},{"not_picked":["Recycle","Gash","Beam Cell+1"],"picked":"SKIP","floor":22.0},{"not_picked":["Capacitor+1","Steam"],"picked":"Ball Lightning+1","floor":23.0},{"not_picked":["Double Energy","Genetic Algorithm","Rebound+1"],"picked":"SKIP","floor":27.0},{"not_picked":["Conserve Battery","Recycle+1"],"picked":"Tempest+1","floor":31.0},{"not_picked":["Redo","Steam+1"],"picked":"Go for the Eyes+1","floor":32.0},{"not_picked":["Echo Form","Reboot"],"picked":"Thunder Strike+1","floor":33.0},{"not_picked":["Gash+1","BootSequence+1","Conserve Battery+1"],"picked":"SKIP","floor":35.0},{"not_picked":["Beam Cell+1","Barrage+1"],"picked":"Doom and Gloom+1","floor":38.0},{"not_picked":["Ball Lightning+1","Coolheaded+1","Reprogram+1"],"picked":"Consume+1","floor":42.0},{"not_picked":["Cold Snap+1","BootSequence+1","Force Field+1"],"picked":"Thunder Strike+1","floor":45.0},{"not_picked":["Leap+1","Redo","Echo Form"],"picked":"Ball Lightning+1","floor":46.0},{"not_picked":["Reprogram","Rebound+1","Lockon+1"],"picked":"Static Discharge","floor":47.0},{"not_picked":["Chaos","Lockon+1","Chill+1"],"picked":"Storm+1","floor":48.0}],"player_experience":145784,"relics_obtained":[{"floor":7.0,"key":"Boot"},{"floor":9.0,"key":"Shovel"},{"floor":10.0,"key":"PreservedInsect"},{"floor":12.0,"key":"Sundial"},{"floor":14.0,"key":"Pocketwatch"},{"floor":15.0,"key":"Dream Catcher"},{"floor":23.0,"key":"Letter Opener"},{"floor":25.0,"key":"Shuriken"},{"floor":26.0,"key":"Molten Egg 2"},{"floor":27.0,"key":"Pear"},{"floor":28.0,"key":"Whetstone"},{"floor":39.0,"key":"Pantograph"},{"floor":40.0,"key":"Question Card"},{"floor":43.0,"key":"Mercury Hourglass"},{"floor":44.0,"key":"Orichalcum"},{"floor":45.0,"key":"Regal Pillow"},{"floor":47.0,"key":"Cables"},{"floor":49.0,"key":"Oddly Smooth Stone"}],"event_choices":[{"event_name":"Dead Adventurer","player_choice":"Searched \u00270\u0027 times","floor":13.0,"damage_taken":0.0},{"event_name":"Drug Dealer","player_choice":"Inject Mutagens","floor":24.0,"damage_taken":0.0},{"event_name":"Nest","player_choice":"Joined the Cult","floor":29.0,"damage_taken":0.0},{"event_name":"SensoryStone","player_choice":"Memory 1","floor":36.0,"damage_taken":0.0},{"event_name":"Accursed Blacksmith","player_choice":"Forge","floor":37.0,"damage_taken":0.0}],"is_beta":false,"boss_relics":[{"not_picked":["Black Star","White Beast Statue"],"picked":"Fusion Hammer"},{"not_picked":["Calling Bell","Orrery"],"picked":"Eternal Feather"}],"items_purged_floors":[21,30,41],"is_endless":false,"potions_floor_spawned":[2,5,10,11,14,18,22,33,38,42,48],"ascension_level":3}