{"gold_per_floor":[215,230,210,228,240,275,275,308,308,324,324,324,340,49,49,123,123,142,153,153,21,21,21,21,49,76,88,100,128,173,205,217,306,318,342,373,403,234,250,250,350,383,408,455,482,482,482,111,111,111,111,111,3,28,28],"floor_reached":56,"playtime":16834,"items_purged":["Strike_R"],"score":2298,"play_id":"eb47721b-702f-4afe-8149-de095c6a2d1a","local_time":"20190819001341","is_ascension_mode":true,"campfire_choices":[{"data":"Armaments","floor":7,"key":"SMITH"},{"floor":11,"key":"REST"},{"data":"Bludgeon","floor":15,"key":"SMITH"},{"data":"Evolve","floor":23,"key":"SMITH"},{"data":"Infernal Blade","floor":27,"key":"SMITH"},{"data":"Bash","floor":32,"key":"SMITH"},{"data":"Corruption","floor":40,"key":"SMITH"},{"data":"Barricade","floor":47,"key":"SMITH"},{"floor":49,"key":"RECALL"},{"data":"Bite","floor":52,"key":"SMITH"}],"neow_cost":"NONE","seed_source_timestamp":9811487967093,"circlet_count":0,"master_deck":["AscendersBane","Defend_R","Defend_R","Defend_R","Defend_R","Bash+1","Infernal Blade+1","Armaments+1","Shrug It Off","Shrug It Off","Offering+1","Bludgeon+1","Sentinel+1","Havoc+1","Offering+1","Impervious+1","True Grit+1","Disarm+1","Bite","Bite","Bite","Bite+1","Bite","Evolve+1","Havoc+1","Offering+1","Warcry+1","Headbutt+1","Barricade+1","Headbutt+1","Ghostly Armor+1","Shrug It Off+1","Disarm+1","Impatience+1","Corruption+1","Havoc+1","Bludgeon+1","Trip+1","Sentinel+1","Feel No Pain","Shrug It Off+1","Pommel Strike+1"],"special_seed":0,"relics":["Burning Blood","Toxic Egg 2","Happy Flower","Anchor","Mark of Pain","Molten Egg 2","Mercury Hourglass","MawBank","Potion Belt","Busted Crown","Pocketwatch","Bag of Preparation","Ice Cream","Champion Belt","Shuriken","Centennial Puzzle"],"potions_floor_usage":[6,8,8,33,35,39,44,55,55,55,55],"damage_taken":[{"damage":7,"enemies":"Small Slimes","floor":1,"turns":4},{"damage":7,"enemies":"Cultist","floor":2,"turns":4},{"damage":2,"enemies":"2 Louse","floor":4,"turns":3},{"damage":2,"enemies":"Red Slaver","floor":5,"turns":5},{"damage":49,"enemies":"Lagavulin","floor":6,"turns":8},{"damage":25,"enemies":"Gremlin Nob","floor":8,"turns":4},{"damage":16,"enemies":"Lots of Slimes","floor":10,"turns":6},{"damage":1,"enemies":"Looter","floor":13,"turns":3},{"damage":36,"enemies":"Slime Boss","floor":16,"turns":9},{"damage":9,"enemies":"2 Thieves","floor":18,"turns":3},{"damage":13,"enemies":"Spheric Guardian","floor":19,"turns":4},{"damage":23,"enemies":"Slavers","floor":25,"turns":7},{"damage":6,"enemies":"Centurion and Healer","floor":29,"turns":4},{"damage":25,"enemies":"Gremlin Leader","floor":30,"turns":5},{"damage":14,"enemies":"Shelled Parasite and Fungi","floor":31,"turns":7},{"damage":46,"enemies":"Automaton","floor":33,"turns":11},{"damage":27,"enemies":"3 Shapes","floor":35,"turns":3},{"damage":0,"enemies":"Orb Walker","floor":36,"turns":4},{"damage":16,"enemies":"Spire Growth","floor":37,"turns":5},{"damage":43,"enemies":"Transient","floor":39,"turns":6},{"damage":6,"enemies":"Mind Bloom Boss Battle","floor":41,"turns":5},{"damage":47,"enemies":"Nemesis","floor":42,"turns":5},{"damage":12,"enemies":"2 Orb Walkers","floor":44,"turns":5},{"damage":18,"enemies":"Giant Head","floor":45,"turns":8},{"damage":18,"enemies":"Awakened One","floor":50,"turns":8},{"damage":18,"enemies":"Shield and Spear","floor":54,"turns":5},{"damage":30,"enemies":"The Heart","floor":55,"turns":7}],"seed_played":"1005993541078995548","potions_obtained":[{"floor":3,"key":"Fire Potion"},{"floor":4,"key":"BloodPotion"},{"floor":6,"key":"EssenceOfSteel"},{"floor":30,"key":"AttackPotion"},{"floor":31,"key":"AttackPotion"},{"floor":33,"key":"BloodPotion"},{"floor":35,"key":"Explosive Potion"},{"floor":37,"key":"Energy Potion"},{"floor":42,"key":"Ancient Potion"},{"floor":44,"key":"Block Potion"},{"floor":45,"key":"PowerPotion"}],"is_trial":false,"path_per_floor":["M","M","?","M","M","E","R","E","T","M","R","?","M","$","R","B",null,"M","M","?","$","?","R","?","E","T","R","$","M","E","M","R","B",null,"M","M","M","$","M","R","?","E","T","?","E","?","R","$","R","B",null,"R","$","E","B",null],"character_chosen":"IRONCLAD","items_purchased":["Havoc+1","Offering+1","Evolve","Havoc+1","Disarm+1","Impatience+1","Shuriken","Sentinel+1","Feel No Pain","Shrug It Off+1"],"campfire_rested":1,"item_purchase_floors":[14,14,21,21,38,38,48,48,53,53],"current_hp_per_floor":[67,66,66,70,74,31,31,30,30,20,42,42,47,47,47,17,61,58,51,51,51,51,51,51,46,46,46,46,52,52,52,52,46,51,31,41,44,44,35,35,45,12,12,45,52,52,52,52,52,52,52,52,52,52,50],"gold":28,"neow_bonus":"HUNDRED_GOLD","is_prod":false,"is_daily":false,"chose_seed":false,"campfire_upgraded":8,"win_rate":0,"timestamp":1566166421,"path_taken":["M","M","?","?","M","E","R","E","T","M","R","?","?","?","R","BOSS","M","M","?","$","?","R","?","E","T","R","$","M","E","M","R","BOSS","M","M","M","$","?","R","?","E","T","?","E","?","R","$","R","BOSS","R","$","E","BOSS"],"build_version":"2019-07-17","purchased_purges":1,"victory":true,"max_hp_per_floor":[75,75,75,75,75,75,75,75,75,75,75,75,75,75,75,75,75,75,75,52,52,52,52,52,52,52,52,52,52,52,52,52,52,52,52,52,52,52,52,52,52,52,52,52,52,52,52,52,52,52,52,52,52,52,52],"card_choices":[{"not_picked":["Havoc","Anger"],"picked":"Infernal Blade","floor":1},{"not_picked":["Reckless Charge","Clash"],"picked":"Armaments","floor":2},{"not_picked":["Dual Wield","Feed"],"picked":"Shrug It Off","floor":4},{"not_picked":["Anger","Sentinel"],"picked":"Shrug It Off","floor":5},{"not_picked":["True Grit","Blood for Blood"],"picked":"Offering","floor":6},{"not_picked":["Brutality","Ghostly Armor+1"],"picked":"Bludgeon","floor":8},{"not_picked":["Thunderclap","Entrench+1","Iron Wave"],"picked":"SKIP","floor":10},{"not_picked":["Sever Soul","Seeing Red+1"],"picked":"Sentinel+1","floor":13},{"not_picked":["Feed","Fiend Fire"],"picked":"Impervious+1","floor":16},{"not_picked":["Flex+1","Seeing Red+1"],"picked":"True Grit+1","floor":18},{"not_picked":["Iron Wave","Heavy Blade"],"picked":"Disarm+1","floor":19},{"not_picked":["Dual Wield+1","Armaments+1"],"picked":"Offering+1","floor":25},{"not_picked":["Shrug It Off+1","Anger+1"],"picked":"Warcry+1","floor":29},{"not_picked":["Inflame","Metallicize","Sword Boomerang+1"],"picked":"SKIP","floor":30},{"not_picked":["Dual Wield+1","Perfected Strike+1"],"picked":"Headbutt+1","floor":31},{"not_picked":["Bludgeon+1","Immolate+1"],"picked":"Barricade","floor":33},{"not_picked":[],"picked":"Headbutt+1","floor":35},{"not_picked":[],"picked":"Ghostly Armor+1","floor":36},{"not_picked":[],"picked":"Shrug It Off+1","floor":37},{"not_picked":[],"picked":"Corruption","floor":39},{"not_picked":[],"picked":"Havoc+1","floor":41},{"not_picked":["Sever Soul+1"],"picked":"SKIP","floor":42},{"not_picked":[],"picked":"Bludgeon+1","floor":45},{"not_picked":[],"picked":"Trip+1","floor":46},{"not_picked":[],"picked":"Pommel Strike+1","floor":54}],"player_experience":732372,"relics_obtained":[{"floor":6,"key":"Toxic Egg 2"},{"floor":8,"key":"Happy Flower"},{"floor":9,"key":"Anchor"},{"floor":24,"key":"Molten Egg 2"},{"floor":25,"key":"Mercury Hourglass"},{"floor":26,"key":"MawBank"},{"floor":30,"key":"Potion Belt"},{"floor":41,"key":"Pocketwatch"},{"floor":42,"key":"Bag of Preparation"},{"floor":44,"key":"Ice Cream"},{"floor":45,"key":"Champion Belt"},{"floor":54,"key":"Centennial Puzzle"}],"event_choices":[{"damage_healed":0,"gold_gain":0,"player_choice":"Bought 1 Potion","damage_taken":0,"max_hp_gain":0,"max_hp_loss":0,"event_name":"The Woman in Blue","floor":3,"gold_loss":0},{"damage_healed":0,"gold_gain":0,"player_choice":"Ignored","damage_taken":0,"max_hp_gain":0,"max_hp_loss":0,"event_name":"WeMeetAgain","floor":12,"gold_loss":0},{"damage_healed":0,"gold_gain":0,"player_choice":"Became a vampire","damage_taken":0,"max_hp_gain":0,"max_hp_loss":23,"event_name":"Vampires","floor":20,"gold_loss":0,"cards_obtained":["Bite","Bite","Bite","Bite","Bite"]},{"damage_healed":0,"gold_gain":0,"player_choice":"Relic","damage_taken":0,"max_hp_gain":0,"max_hp_loss":0,"event_name":"Wheel of Change","floor":24,"gold_loss":0},{"damage_healed":0,"gold_gain":0,"player_choice":"Fight","damage_taken":0,"max_hp_gain":0,"max_hp_loss":0,"event_name":"MindBloom","floor":41,"gold_loss":0},{"damage_healed":0,"gold_gain":0,"player_choice":"Fight","damage_taken":0,"max_hp_gain":0,"max_hp_loss":0,"event_name":"Mysterious Sphere","floor":44,"gold_loss":0},{"damage_healed":0,"gold_gain":0,"player_choice":"Memory 1","damage_taken":0,"max_hp_gain":0,"max_hp_loss":0,"event_name":"SensoryStone","floor":46,"gold_loss":0}],"is_beta":false,"boss_relics":[{"not_picked":["Velvet Choker","Pandora\u0027s Box"],"picked":"Mark of Pain"},{"not_picked":["Black Star","Fusion Hammer"],"picked":"Busted Crown"}],"items_purged_floors":[14],"is_endless":false,"potions_floor_spawned":[4,5,6,30,31,33,35,37,42,44,45],"ascension_level":17}