{"gold_per_floor":[418,437,263,274,224,224,252,271,271,301,52,52,52,52,52,152,152,162,181,280,280,292,322,322,351,404,414,414,430,457,477,477,576,576,589,1588,808,818,818,818,845,845,845,845,845,845,845,857,857,857],"floor_reached":51,"playtime":2388,"items_purged":["Injury","Decay"],"score":1274,"play_id":"07b980c6-5c1b-4784-bcb0-2cbf6cf7a2d8","local_time":"20190603233928","is_ascension_mode":true,"campfire_choices":[{"data":"Demon Form","floor":6.0,"key":"SMITH"},{"floor":12.0,"key":"REST"},{"floor":15.0,"key":"REST"},{"floor":24.0,"key":"REST"},{"floor":28.0,"key":"REST"},{"data":"Bludgeon","floor":32.0,"key":"SMITH"},{"data":"Limit Break","floor":40.0,"key":"SMITH"},{"floor":42.0,"key":"REST"},{"data":"Impervious","floor":46.0,"key":"SMITH"},{"floor":49.0,"key":"REST"}],"neow_cost":"CURSE","seed_source_timestamp":0,"circlet_count":0,"master_deck":["AscendersBane","Strike_R","Strike_R","Strike_R","Defend_R","Defend_R","Defend_R","Defend_R","Bash","Dropkick","Thunderclap","Shrug It Off+1","Demon Form+1","Bludgeon+1","Shrug It Off+1","Finesse","Impervious+1","Shockwave","Rage+1","Whirlwind+1","Dropkick+1","Clumsy","Barricade+1","Limit Break+1","Flex+1","Normality","Normality","Finesse","Pain","Finesse","Clumsy","Madness","Madness"],"special_seed":0,"relics":["Burning Blood","Old Coin","Kunai","Gremlin Horn","Blue Candle","Anchor","Blood Vial","Cursed Key","Frozen Egg 2","Incense Burner","Vajra","War Paint","Lizard Tail","Lantern","Pantograph","Membership Card","Happy Flower","Prayer Wheel","Bottled Flame"],"potions_floor_usage":[50,50],"damage_taken":[{"damage":24.0,"enemies":"Jaw Worm","floor":1.0,"turns":5.0},{"damage":14.0,"enemies":"2 Louse","floor":2.0,"turns":2.0},{"damage":7.0,"enemies":"Small Slimes","floor":4.0,"turns":3.0},{"damage":34.0,"enemies":"3 Sentries","floor":7.0,"turns":7.0},{"damage":6.0,"enemies":"Exordium Wildlife","floor":8.0,"turns":3.0},{"damage":13.0,"enemies":"Lagavulin","floor":10.0,"turns":6.0},{"damage":36.0,"enemies":"Hexaghost","floor":16.0,"turns":8.0},{"damage":3.0,"enemies":"3 Byrds","floor":18.0,"turns":7.0},{"damage":41.0,"enemies":"Spheric Guardian","floor":19.0,"turns":6.0},{"damage":13.0,"enemies":"Snecko","floor":22.0,"turns":6.0},{"damage":12.0,"enemies":"Gremlin Leader","floor":23.0,"turns":7.0},{"damage":15.0,"enemies":"Book of Stabbing","floor":25.0,"turns":4.0},{"damage":18.0,"enemies":"Snake Plant","floor":27.0,"turns":4.0},{"damage":0.0,"enemies":"Sentry and Sphere","floor":29.0,"turns":7.0},{"damage":7.0,"enemies":"Slavers","floor":30.0,"turns":3.0},{"damage":5.0,"enemies":"Snecko","floor":31.0,"turns":5.0},{"damage":35.0,"enemies":"Automaton","floor":33.0,"turns":13.0},{"damage":11.0,"enemies":"3 Shapes","floor":35.0,"turns":3.0},{"damage":0.0,"enemies":"3 Darklings","floor":38.0,"turns":3.0},{"damage":22.0,"enemies":"Giant Head","floor":41.0,"turns":7.0},{"damage":86.0,"enemies":"Transient","floor":48.0,"turns":5.0},{"damage":48,"enemies":"Awakened One","floor":50,"turns":13}],"seed_played":"-6659354626952931562","potions_obtained":[{"floor":1.0,"key":"Weak Potion"},{"floor":7.0,"key":"Energy Potion"},{"floor":8.0,"key":"AttackPotion"},{"floor":10.0,"key":"Ancient Potion"},{"floor":18.0,"key":"LiquidBronze"},{"floor":19.0,"key":"Ancient Potion"},{"floor":23.0,"key":"FearPotion"},{"floor":30.0,"key":"EssenceOfSteel"},{"floor":41.0,"key":"EssenceOfSteel"}],"is_trial":false,"path_per_floor":["M","M","$","M","?","R","E","M","T","E","$","R","?","$","R","B",null,"M","M","?","?","M","E","R","E","T","M","R","M","E","M","R","B",null,"M","?","$","M","?","R","E","R","T","?","T","R","?","M","R","B",null],"character_chosen":"IRONCLAD","items_purchased":["Thunderclap","Shrug It Off","Anchor","Finesse","Lantern","Pantograph","Membership Card","Energy Potion","Finesse"],"campfire_rested":6,"item_purchase_floors":[3,3,11,11,37,37,37,37,37],"current_hp_per_floor":[54,46,46,45,45,45,17,17,17,10,10,34,31,31,55,27,67,72,39,39,39,34,30,54,47,47,37,61,69,70,73,73,46,72,69,69,69,77,77,77,63,80,80,80,80,80,70,46,70,38],"gold":857,"neow_bonus":"ONE_RARE_RELIC","is_prod":false,"is_daily":false,"chose_seed":false,"campfire_upgraded":4,"win_rate":0,"timestamp":1559619568,"path_taken":["M","M","$","M","?","R","E","M","T","E","$","R","?","$","R","BOSS","M","M","?","?","M","E","R","E","T","M","R","M","E","M","R","BOSS","M","?","$","M","?","R","E","R","T","?","?","R","?","M","R","BOSS"],"build_version":"2019-01-23","purchased_purges":2,"victory":true,"max_hp_per_floor":[80,80,80,80,80,80,80,80,80,80,80,80,80,80,80,80,80,80,80,80,80,80,80,80,80,80,80,80,80,80,80,80,80,80,80,80,80,80,80,80,80,80,80,80,80,80,80,80,80,80],"card_choices":[{"not_picked":["Pommel Strike","Flex","Headbutt"],"picked":"SKIP","floor":1.0},{"not_picked":["Clash","Burning Pact"],"picked":"Dropkick","floor":2.0},{"not_picked":["Anger","Corruption"],"picked":"Demon Form","floor":4.0},{"not_picked":["Armaments","Spot Weakness"],"picked":"Bludgeon","floor":7.0},{"not_picked":["Perfected Strike","Headbutt"],"picked":"Shrug It Off","floor":8.0},{"not_picked":["Warcry","Barricade","Body Slam"],"picked":"SKIP","floor":10.0},{"not_picked":["Fiend Fire","Dark Embrace"],"picked":"Impervious","floor":16.0},{"not_picked":["Headbutt","True Grit"],"picked":"Shockwave","floor":18.0},{"not_picked":["Sword Boomerang+1","Metallicize"],"picked":"Rage+1","floor":19.0},{"not_picked":["Headbutt+1","Cleave"],"picked":"Whirlwind+1","floor":22.0},{"not_picked":["Sever Soul","Wild Strike+1","Cleave"],"picked":"SKIP","floor":23.0},{"not_picked":["Cleave+1","Havoc"],"picked":"Dropkick+1","floor":25.0},{"not_picked":["Perfected Strike","Pommel Strike"],"picked":"Barricade+1","floor":27.0},{"not_picked":["Warcry+1","Spot Weakness","Clash"],"picked":"SKIP","floor":29.0},{"not_picked":["Whirlwind","Havoc","Intimidate"],"picked":"SKIP","floor":30.0},{"not_picked":["Searing Blow","Power Through","True Grit"],"picked":"SKIP","floor":31.0},{"not_picked":["Offering","Barricade+1"],"picked":"Limit Break","floor":33.0},{"not_picked":["Power Through","Havoc+1"],"picked":"Flex+1","floor":35.0},{"not_picked":["Havoc","Cleave","Headbutt+1"],"picked":"SKIP","floor":38.0},{"not_picked":["Ghostly Armor","Blood for Blood","Dropkick"],"picked":"SKIP","floor":41.0},{"not_picked":["Jack Of All Trades","Trip"],"picked":"Finesse","floor":44.0},{"not_picked":["Wild Strike+1","Iron Wave","Flex+1"],"picked":"SKIP","floor":48.0},{"not_picked":["Rupture+1","Armaments+1","Iron Wave"],"picked":"SKIP","floor":48.0}],"player_experience":316588,"relics_obtained":[{"floor":7.0,"key":"Kunai"},{"floor":9.0,"key":"Gremlin Horn"},{"floor":10.0,"key":"Blue Candle"},{"floor":23.0,"key":"Frozen Egg 2"},{"floor":25.0,"key":"Incense Burner"},{"floor":26.0,"key":"Vajra"},{"floor":30.0,"key":"War Paint"},{"floor":41.0,"key":"Happy Flower"},{"floor":43.0,"key":"Prayer Wheel"},{"floor":45.0,"key":"Bottled Flame"}],"event_choices":[{"cards_removed":["Strike_R"],"damage_healed":0.0,"max_hp_gain":0.0,"max_hp_loss":0.0,"gold_gain":0.0,"event_name":"The Cleric","player_choice":"Card Removal","floor":5.0,"gold_loss":50.0,"damage_taken":0.0},{"damage_healed":0.0,"max_hp_gain":0.0,"max_hp_loss":0.0,"gold_gain":0.0,"event_name":"Scrap Ooze","player_choice":"Success","floor":13.0,"gold_loss":0.0,"damage_taken":3.0,"relics_obtained":["Blood Vial"]},{"damage_healed":0.0,"max_hp_gain":0.0,"max_hp_loss":0.0,"gold_gain":99.0,"event_name":"Nest","player_choice":"Stole From Cult","floor":20.0,"gold_loss":0.0,"damage_taken":0.0},{"damage_healed":0.0,"max_hp_gain":0.0,"max_hp_loss":0.0,"gold_gain":0.0,"event_name":"Forgotten Altar","player_choice":"Smashed Altar","floor":21.0,"gold_loss":0.0,"damage_taken":0.0,"cards_obtained":["Decay"]},{"damage_healed":0.0,"max_hp_gain":0.0,"max_hp_loss":0.0,"gold_gain":999.0,"event_name":"MindBloom","player_choice":"Gold","floor":36.0,"gold_loss":0.0,"damage_taken":0.0,"cards_obtained":["Normality","Normality"]},{"cards_removed":["Strike_R"],"damage_healed":0.0,"max_hp_gain":0.0,"max_hp_loss":0.0,"gold_gain":0.0,"event_name":"Falling","player_choice":"Removed Attack","floor":39.0,"gold_loss":0.0,"damage_taken":0.0},{"damage_healed":0.0,"max_hp_gain":0.0,"max_hp_loss":0.0,"gold_gain":0.0,"event_name":"SensoryStone","player_choice":"Memory 1","floor":44.0,"gold_loss":0.0,"damage_taken":0.0},{"damage_healed":0.0,"max_hp_gain":0.0,"max_hp_loss":0.0,"gold_gain":0.0,"event_name":"Winding Halls","player_choice":"Embrace Madness","floor":47.0,"gold_loss":0.0,"damage_taken":10.0,"cards_obtained":["Madness","Madness"]}],"is_beta":false,"boss_relics":[{"not_picked":["Runic Pyramid","Tiny House"],"picked":"Cursed Key"},{"not_picked":["Coffee Dripper","Mark of Pain"],"picked":"Lizard Tail"}],"items_purged_floors":[3,37],"is_endless":false,"potions_floor_spawned":[1,7,8,10,18,19,23,30,41],"ascension_level":10}