{"gold_per_floor":[211,136,136,150,167,67,86,102,102,114,131,146,178,191,191,293,293,303,178,196,0,0,0,0,19,97,97,115,131,142,156,156,259,259,270,287,304,323,173,173,173,192,218,237,252,252,252,277,277,277],"floor_reached":51,"playtime":16246,"items_purged":["Defend_R","Strike_R","Strike_R","Strike_R"],"score":791,"play_id":"c4071e34-80da-47fc-84f9-48ef14670d9f","local_time":"20190912223905","is_ascension_mode":false,"campfire_choices":[{"data":"Shrug It Off","floor":15.0,"key":"SMITH"},{"data":"Rage","floor":23.0,"key":"SMITH"},{"data":"Defend_R","floor":32,"key":"SMITH"},{"floor":40,"key":"RECALL"},{"floor":47,"key":"REST"},{"floor":49,"key":"REST"}],"neow_cost":"NONE","seed_source_timestamp":599993270666400,"circlet_count":0,"master_deck":["Strike_R","Strike_R","Defend_R+1","Defend_R+1","Bash+1","Shrug It Off+1","Body Slam+1","Rage+1","Pommel Strike+1"],"special_seed":0,"relics":["Burning Blood","Molten Egg 2","Potion Belt","Philosopher\u0027s Stone","Brimstone","Mercury Hourglass","Fusion Hammer","Oddly Smooth Stone","Mango"],"potions_floor_usage":[33,48,50,50,50,50,50],"damage_taken":[{"damage":8.0,"enemies":"Jaw Worm","floor":1.0,"turns":3.0},{"damage":0.0,"enemies":"Cultist","floor":4.0,"turns":3.0},{"damage":3.0,"enemies":"Small Slimes","floor":5.0,"turns":3.0},{"damage":6.0,"enemies":"Looter","floor":7.0,"turns":4.0},{"damage":0.0,"enemies":"Red Slaver","floor":8.0,"turns":4.0},{"damage":3.0,"enemies":"Lots of Slimes","floor":10.0,"turns":5.0},{"damage":13.0,"enemies":"Exordium Wildlife","floor":11.0,"turns":7.0},{"damage":8.0,"enemies":"Red Slaver","floor":12.0,"turns":4.0},{"damage":8.0,"enemies":"Gremlin Nob","floor":13.0,"turns":3.0},{"damage":6.0,"enemies":"Large Slime","floor":14.0,"turns":6.0},{"damage":56.0,"enemies":"The Guardian","floor":16.0,"turns":15.0},{"damage":10.0,"enemies":"3 Byrds","floor":18.0,"turns":7.0},{"damage":0.0,"enemies":"Chosen","floor":20.0,"turns":3.0},{"damage":20,"enemies":"Snake Plant","floor":25,"turns":3},{"damage":0,"enemies":"Centurion and Healer","floor":28,"turns":3},{"damage":0,"enemies":"Snecko","floor":29,"turns":3},{"damage":12,"enemies":"Snake Plant","floor":30,"turns":2},{"damage":0,"enemies":"3 Cultists","floor":31,"turns":4},{"damage":42,"enemies":"Automaton","floor":33,"turns":8},{"damage":3,"enemies":"3 Shapes","floor":35,"turns":3},{"damage":0,"enemies":"3 Darklings","floor":36,"turns":3},{"damage":0,"enemies":"Spire Growth","floor":37,"turns":3},{"damage":0,"enemies":"4 Shapes","floor":38,"turns":4},{"damage":0,"enemies":"3 Darklings","floor":42,"turns":3},{"damage":0,"enemies":"Transient","floor":44,"turns":5},{"damage":0,"enemies":"Spire Growth","floor":45,"turns":3},{"damage":35,"enemies":"Reptomancer","floor":48,"turns":4},{"damage":31,"enemies":"Donu and Deca","floor":50,"turns":6}],"seed_played":"7682945055898414057","potions_obtained":[{"floor":5.0,"key":"Block Potion"},{"floor":7.0,"key":"Energy Potion"},{"floor":8.0,"key":"Dexterity Potion"},{"floor":12.0,"key":"Strength Potion"},{"floor":13.0,"key":"Energy Potion"},{"floor":16.0,"key":"Strength Potion"},{"floor":18.0,"key":"Regen Potion"},{"floor":20.0,"key":"Regen Potion"},{"floor":38,"key":"PowerPotion"},{"floor":48,"key":"Regen Potion"}],"is_trial":false,"path_per_floor":["M","$","?","M","M","$","M","M","T","M","M","M","E","M","R","B",null,"M","$","M","$","?","R","?","M","T","?","M","M","M","M","R","B",null,"M","M","M","M","$","R","$","M","T","M","M","?","R","E","R","B",null],"character_chosen":"IRONCLAD","items_purchased":["Brimstone"],"campfire_rested":2,"item_purchase_floors":[21],"current_hp_per_floor":[78,78,78,80,80,80,80,80,80,80,73,71,69,69,69,19,80,76,76,80,80,80,80,80,66,66,66,72,78,72,78,78,42,80,80,80,80,80,80,80,80,80,80,80,80,80,80,70,94,79],"gold":277,"neow_bonus":"HUNDRED_GOLD","is_prod":false,"is_daily":false,"chose_seed":false,"campfire_upgraded":3,"win_rate":0,"timestamp":1568353145,"path_taken":["M","$","?","M","M","$","M","M","T","M","?","M","E","?","R","BOSS","M","$","M","$","?","R","?","M","T","?","M","?","M","M","R","BOSS","M","M","M","M","$","R","$","M","T","?","M","?","R","E","R","BOSS"],"build_version":"2019-07-17","purchased_purges":4,"victory":true,"max_hp_per_floor":[80,80,80,80,80,80,80,80,80,80,80,80,80,80,80,80,80,80,80,80,80,80,80,80,80,80,80,80,80,80,80,80,80,80,80,80,80,80,80,80,80,80,80,80,80,80,80,94,94,94],"card_choices":[{"not_picked":["Sword Boomerang","Headbutt"],"picked":"Shrug It Off","floor":1.0},{"not_picked":["Flame Barrier","Pummel","Second Wind"],"picked":"SKIP","floor":4.0},{"not_picked":["Entrench","Cleave","Second Wind"],"picked":"SKIP","floor":5.0},{"not_picked":["Burning Pact","Pummel","Pommel Strike"],"picked":"SKIP","floor":7.0},{"not_picked":["Perfected Strike","Bloodletting","Havoc"],"picked":"SKIP","floor":8.0},{"not_picked":["Heavy Blade+1","Warcry","Fiend Fire+1"],"picked":"SKIP","floor":10.0},{"not_picked":["Perfected Strike+1","Headbutt+1"],"picked":"Body Slam+1","floor":11.0},{"not_picked":["Body Slam+1","Power Through","Burning Pact"],"picked":"SKIP","floor":12.0},{"not_picked":["True Grit","Flex","Perfected Strike+1"],"picked":"SKIP","floor":13.0},{"not_picked":["Body Slam+1","Thunderclap+1"],"picked":"Rage","floor":14.0},{"not_picked":["Cleave+1","Shrug It Off"],"picked":"Pommel Strike+1","floor":18.0},{"not_picked":["Bloodletting","Twin Strike+1","Carnage+1"],"picked":"SKIP","floor":20.0},{"not_picked":["Thunderclap+1","Sentinel","Clash+1"],"picked":"SKIP","floor":25},{"not_picked":["Wild Strike+1","Anger+1","Exhume"],"picked":"SKIP","floor":28},{"not_picked":["Anger+1","Perfected Strike+1","Wild Strike+1"],"picked":"SKIP","floor":29},{"not_picked":["Body Slam+1","Hemokinesis+1","Rage"],"picked":"SKIP","floor":30},{"not_picked":["Perfected Strike+1","Clothesline+1","Body Slam+1"],"picked":"SKIP","floor":31},{"not_picked":["Heavy Blade+1","Pommel Strike+1","True Grit"],"picked":"SKIP","floor":35},{"not_picked":["Anger+1","Havoc+1","Body Slam+1"],"picked":"SKIP","floor":36},{"not_picked":["Armaments","Rampage+1","Wild Strike+1"],"picked":"SKIP","floor":37},{"not_picked":["Evolve","Sword Boomerang+1","Flame Barrier"],"picked":"SKIP","floor":38},{"not_picked":["Perfected Strike+1","Clothesline+1","Heavy Blade+1"],"picked":"SKIP","floor":42},{"not_picked":["Barricade","Iron Wave+1","Shrug It Off+1"],"picked":"SKIP","floor":44},{"not_picked":["Corruption","True Grit","Anger+1"],"picked":"SKIP","floor":45},{"not_picked":["Pummel+1","Headbutt+1","Searing Blow+1"],"picked":"SKIP","floor":48}],"player_experience":931407,"relics_obtained":[{"floor":9.0,"key":"Molten Egg 2"},{"floor":13.0,"key":"Potion Belt"},{"floor":26,"key":"Mercury Hourglass"},{"floor":43,"key":"Oddly Smooth Stone"},{"floor":48,"key":"Mango"}],"event_choices":[{"damage_healed":0.0,"max_hp_gain":0.0,"max_hp_loss":0.0,"gold_gain":0.0,"event_name":"Upgrade Shrine","player_choice":"Upgraded","floor":3.0,"gold_loss":0.0,"damage_taken":0.0,"cards_upgraded":["Bash"]},{"damage_healed":0.0,"max_hp_gain":0.0,"max_hp_loss":0.0,"gold_gain":0.0,"event_name":"Vampires","player_choice":"Ignored","floor":22.0,"gold_loss":0.0,"damage_taken":0.0},{"damage_healed":0,"gold_gain":0,"player_choice":"Upgraded","damage_taken":0,"max_hp_gain":0,"max_hp_loss":0,"event_name":"Upgrade Shrine","floor":27,"gold_loss":0,"cards_upgraded":["Defend_R"]},{"cards_removed":["Defend_R"],"damage_healed":0,"gold_gain":0,"player_choice":"Purged","damage_taken":0,"max_hp_gain":0,"max_hp_loss":0,"event_name":"Purifier","floor":46,"gold_loss":0}],"is_beta":false,"boss_relics":[{"not_picked":["Calling Bell","Orrery"],"picked":"Philosopher\u0027s Stone"},{"not_picked":["Snecko Eye","Tiny House"],"picked":"Fusion Hammer"}],"items_purged_floors":[2,6,19,39],"is_endless":false,"potions_floor_spawned":[5,7,8,12,13,16,18,20,38,48],"ascension_level":0}