{"gold_per_floor":[109,109,109,59,59,100,100,115,115,115,115,154,169,169,169,288,318,334,334],"floor_reached":19,"playtime":791,"items_purged":[],"score":234,"play_id":"ea33aa6c-383b-4349-ab15-0b56521dd12b","local_time":"20190604154612","is_ascension_mode":true,"campfire_choices":[{"floor":7.0,"key":"REST"},{"floor":10.0,"key":"REST"},{"floor":15.0,"key":"REST"}],"neow_cost":"TEN_PERCENT_HP_LOSS","seed_source_timestamp":409603551457795,"circlet_count":0,"master_deck":["Defend_G","Defend_G","Defend_G","Defend_G","Defend_G","Strike_G","Strike_G","Strike_G","Strike_G","Survivor","Neutralize","Corpse Explosion","Outmaneuver","Bane","Flying Knee","Pain","Pain","Writhe","Pain"],"special_seed":0,"relics":["Ring of the Snake","Du-Vu Doll","Golden Idol","Bottled Lightning","Prayer Wheel","Dodecahedron","Ancient Tea Set","WarpedTongs","Calling Bell","Tiny Chest","Paper Crane","The Specimen"],"potions_floor_usage":[16],"damage_taken":[{"damage":0.0,"enemies":"Small Slimes","floor":1.0,"turns":2.0},{"damage":19.0,"enemies":"3 Sentries","floor":6.0,"turns":5.0},{"damage":1.0,"enemies":"2 Louse","floor":8.0,"turns":2.0},{"damage":44.0,"enemies":"Gremlin Nob","floor":12.0,"turns":5.0},{"damage":0.0,"enemies":"Cultist","floor":13.0,"turns":3.0},{"damage":30,"enemies":"Slime Boss","floor":16,"turns":13},{"damage":4,"enemies":"3 Byrds","floor":18,"turns":2},{"damage":44,"enemies":"Shell Parasite","floor":19,"turns":6}],"seed_played":"-866655437890959432","potions_obtained":[{"floor":1.0,"key":"SteroidPotion"},{"floor":16,"key":"FearPotion"},{"floor":18,"key":"Energy Potion"}],"is_trial":false,"path_per_floor":["M","?","?","?","?","E","R","M","T","R","T","E","M","?","R","B",null,"M","M"],"character_chosen":"THE_SILENT","items_purchased":[],"campfire_rested":3,"item_purchase_floors":[],"current_hp_per_floor":[63,63,56,56,41,22,40,39,39,57,57,13,13,13,31,1,48,44,0],"gold":334,"neow_bonus":"THREE_RARE_CARDS","is_prod":false,"is_daily":false,"chose_seed":false,"campfire_upgraded":0,"win_rate":0,"timestamp":1559677572,"path_taken":["M","?","?","?","?","E","R","M","T","R","?","E","?","?","R","BOSS","M","?"],"build_version":"2019-01-23","purchased_purges":0,"victory":false,"max_hp_per_floor":[63,63,63,63,63,63,63,63,63,63,63,63,63,63,63,63,63,63,63],"card_choices":[{"not_picked":["Malaise","A Thousand Cuts"],"picked":"Corpse Explosion","floor":0.0},{"not_picked":["Infinite Blades","Slice","Sucker Punch"],"picked":"SKIP","floor":1.0},{"not_picked":["Well Laid Plans","Sucker Punch"],"picked":"Outmaneuver","floor":6.0},{"not_picked":["Dagger Spray","PiercingWail"],"picked":"Bane","floor":8.0},{"not_picked":["Phantasmal Killer","Eviscerate","Endless Agony"],"picked":"SKIP","floor":12.0},{"not_picked":["Heel Hook","Concentrate"],"picked":"Flying Knee","floor":13.0},{"not_picked":["Deflect","Blade Dance","Skewer"],"picked":"SKIP","floor":13.0},{"not_picked":["Skewer+1","Dagger Throw","Predator+1"],"picked":"SKIP","floor":18},{"not_picked":["Bane","Blade Dance","Acrobatics"],"picked":"SKIP","floor":18}],"player_experience":323132,"relics_obtained":[{"floor":6.0,"key":"Bottled Lightning"},{"floor":9.0,"key":"Prayer Wheel"},{"floor":11.0,"key":"Dodecahedron"},{"floor":12.0,"key":"Ancient Tea Set"},{"floor":17,"key":"Tiny Chest"},{"floor":17,"key":"Paper Crane"},{"floor":17,"key":"The Specimen"}],"event_choices":[{"damage_healed":0.0,"max_hp_gain":0.0,"max_hp_loss":0.0,"gold_gain":0.0,"event_name":"Big Fish","player_choice":"Box","floor":2.0,"gold_loss":0.0,"damage_taken":0.0,"relics_obtained":["Du-Vu Doll"],"cards_obtained":["Regret"]},{"cards_removed":["Regret"],"damage_healed":0.0,"max_hp_gain":0.0,"max_hp_loss":0.0,"gold_gain":0.0,"event_name":"Golden Wing","player_choice":"Card Removal","floor":3.0,"gold_loss":0.0,"damage_taken":7.0},{"cards_removed":["Strike_G"],"damage_healed":0.0,"max_hp_gain":0.0,"max_hp_loss":0.0,"gold_gain":0.0,"event_name":"The Cleric","player_choice":"Card Removal","floor":4.0,"gold_loss":50.0,"damage_taken":0.0},{"damage_healed":0.0,"max_hp_gain":0.0,"max_hp_loss":0.0,"gold_gain":0.0,"event_name":"Golden Idol","player_choice":"Take Damage","floor":5.0,"gold_loss":0.0,"damage_taken":15.0,"relics_obtained":["Golden Idol"]},{"damage_healed":0.0,"max_hp_gain":0.0,"max_hp_loss":0.0,"gold_gain":0.0,"event_name":"Accursed Blacksmith","player_choice":"Rummage","floor":14.0,"gold_loss":0.0,"damage_taken":0.0,"relics_obtained":["WarpedTongs"],"cards_obtained":["Pain"]}],"is_beta":false,"boss_relics":[{"not_picked":["Sozu","Orrery"],"picked":"Calling Bell"}],"items_purged_floors":[],"is_endless":false,"potions_floor_spawned":[1,16,18],"killed_by":"Shell Parasite","ascension_level":7}