{"gold_per_floor":[362,378,378,72,83,109,109,31,57,57,69,83,83,101,101,175,175,185,185,72,89,89,89,99,99],"floor_reached":25,"playtime":1364,"items_purged":["Dualcast"],"score":396,"play_id":"d859c4ab-17e0-4612-9416-27e396664e63","local_time":"20190905201532","is_ascension_mode":true,"campfire_choices":[{"data":"Zap","floor":7.0,"key":"SMITH"},{"data":"Defragment","floor":10.0,"key":"SMITH"},{"data":"Defragment","floor":13.0,"key":"SMITH"},{"floor":15.0,"key":"REST"},{"data":"Creative AI","floor":23.0,"key":"SMITH"}],"neow_cost":"TEN_PERCENT_HP_LOSS","seed_source_timestamp":1679799624700,"circlet_count":0,"master_deck":["AscendersBane","Strike_B","Strike_B","Strike_B","Strike_B","Defend_B","Defend_B","Defend_B","Defend_B","Zap+1","Defragment+1","Loop","Defragment+1","Compile Driver","Seek","Heatsinks","Coolheaded","Barrage","Lockon","Self Repair","Go for the Eyes","Creative AI+1","Hologram","Conserve Battery","White Noise","Defragment","White Noise"],"special_seed":0,"relics":["Cracked Core","Art of War","Tiny Chest","Dream Catcher","Oddly Smooth Stone","Coffee Dripper","NlothsMask"],"potions_floor_usage":[],"damage_taken":[{"damage":2.0,"enemies":"Cultist","floor":1.0,"turns":4.0},{"damage":2.0,"enemies":"2 Louse","floor":2.0,"turns":3.0},{"damage":6.0,"enemies":"Jaw Worm","floor":5.0,"turns":4.0},{"damage":7.0,"enemies":"Lagavulin","floor":6.0,"turns":7.0},{"damage":0.0,"enemies":"Blue Slaver","floor":11.0,"turns":4.0},{"damage":4.0,"enemies":"Red Slaver","floor":12.0,"turns":3.0},{"damage":17.0,"enemies":"3 Louse","floor":14.0,"turns":4.0},{"damage":14.0,"enemies":"Hexaghost","floor":16.0,"turns":9.0},{"damage":12.0,"enemies":"Spheric Guardian","floor":18.0,"turns":4.0},{"damage":0.0,"enemies":"3 Byrds","floor":21.0,"turns":5.0},{"damage":38.0,"enemies":"Snake Plant","floor":24.0,"turns":4.0},{"damage":15,"enemies":"Book of Stabbing","floor":25,"turns":2}],"seed_played":"7115609281476088053","potions_obtained":[{"floor":2.0,"key":"AttackPotion"},{"floor":5.0,"key":"Dexterity Potion"},{"floor":12.0,"key":"SneckoOil"},{"floor":16.0,"key":"PowerPotion"},{"floor":18.0,"key":"EssenceOfSteel"},{"floor":21.0,"key":"SteroidPotion"}],"is_trial":false,"path_per_floor":["M","M","?","$","M","E","R","$","T","R","M","M","R","M","R","B",null,"M","?","$","M","?","R","M","E"],"character_chosen":"DEFECT","items_purchased":["Defragment","Tiny Chest","Compile Driver","Coolheaded","Barrage","Conserve Battery","White Noise"],"campfire_rested":1,"item_purchase_floors":[4,4,4,8,8,20,20],"current_hp_per_floor":[62,60,55,55,49,42,42,42,42,42,42,38,38,28,47,40,58,53,36,36,50,50,50,12,0],"gold":99,"neow_bonus":"TWO_FIFTY_GOLD","is_prod":false,"is_daily":false,"chose_seed":false,"campfire_upgraded":4,"win_rate":0,"timestamp":1567739732,"path_taken":["M","?","?","$","M","E","R","$","T","R","M","M","R","M","R","BOSS","M","?","$","M","?","R","M","E"],"build_version":"2019-07-17","purchased_purges":1,"victory":false,"max_hp_per_floor":[64,64,64,64,64,64,64,64,64,64,64,64,64,64,64,64,64,64,69,69,69,69,69,69,69],"card_choices":[{"not_picked":["Streamline","Scrape"],"picked":"Defragment","floor":1.0},{"not_picked":["White Noise","Barrage"],"picked":"Loop","floor":2.0},{"not_picked":["Sweeping Beam","Redo"],"picked":"Seek","floor":5.0},{"not_picked":["Streamline","Fusion"],"picked":"Heatsinks","floor":6.0},{"not_picked":["Reprogram","Barrage"],"picked":"Lockon","floor":11.0},{"not_picked":["Hologram","Compile Driver"],"picked":"Self Repair","floor":12.0},{"not_picked":["Chill","Compile Driver"],"picked":"Go for the Eyes","floor":14.0},{"not_picked":["Reboot","Fission"],"picked":"Creative AI","floor":16.0},{"not_picked":["Beam Cell","Stack"],"picked":"Hologram","floor":18.0},{"not_picked":["Redo","Hologram"],"picked":"Defragment","floor":21.0},{"not_picked":["Heatsinks","Reprogram"],"picked":"White Noise","floor":24.0}],"player_experience":835828,"relics_obtained":[{"floor":6.0,"key":"Dream Catcher"},{"floor":9.0,"key":"Oddly Smooth Stone"}],"event_choices":[{"damage_healed":0.0,"max_hp_gain":0.0,"max_hp_loss":0.0,"gold_gain":0.0,"event_name":"Scrap Ooze","player_choice":"Success","floor":3.0,"gold_loss":0.0,"damage_taken":5.0,"relics_obtained":["Art of War"]},{"damage_healed":0.0,"max_hp_gain":5.0,"max_hp_loss":0.0,"gold_gain":0.0,"event_name":"Forgotten Altar","player_choice":"Shed Blood","floor":19.0,"gold_loss":0.0,"damage_taken":22.0},{"damage_healed":0.0,"max_hp_gain":0.0,"max_hp_loss":0.0,"gold_gain":0.0,"event_name":"FaceTrader","player_choice":"Trade","floor":22.0,"gold_loss":0.0,"damage_taken":0.0,"relics_obtained":["NlothsMask"]}],"is_beta":false,"boss_relics":[{"not_picked":["Black Star","Sozu"],"picked":"Coffee Dripper"}],"items_purged_floors":[4],"is_endless":false,"potions_floor_spawned":[2,5,12,16,18,21],"killed_by":"Book of Stabbing","ascension_level":19}