{"gold_per_floor":[113,113,113,133,133,166,12,38,38,53,70,80,80,27,27,99,99,99,19,19,19,19,19,19,19,19,19,19,19,19,19,19,19,19,19,19,19,19,19,19,19,19,19,19,19,19,0,0,0,0],"floor_reached":50,"playtime":2573,"items_purged":[],"score":1102,"play_id":"234cc41c-a321-4721-abac-978aceef44a0","local_time":"20190909160801","is_ascension_mode":true,"campfire_choices":[{"data":"Noxious Fumes","floor":13.0,"key":"SMITH"},{"data":"Catalyst","floor":15.0,"key":"SMITH"},{"data":"Dodge and Roll","floor":23,"key":"SMITH"},{"floor":27,"key":"REST"},{"floor":32,"key":"REST"},{"floor":42,"key":"REST"},{"floor":45,"key":"REST"},{"floor":49,"key":"REST"}],"neow_cost":"NONE","seed_source_timestamp":331248826960300,"circlet_count":0,"master_deck":["AscendersBane","Strike_G+1","Strike_G","Strike_G","Defend_G+1","Defend_G","Defend_G","Defend_G","Defend_G","Survivor","Neutralize","Predator","Dagger Spray","Deadly Poison","Die Die Die+1","Quick Slash+1","Backflip","Catalyst+1","Noxious Fumes+1","PiercingWail","Corpse Explosion","Poisoned Stab+1","Crippling Poison","Dodge and Roll+1","Backstab+1","Deadly Poison+1","Backflip+1","Malaise","Deflect","Deflect","Heel Hook+1"],"special_seed":0,"relics":["Ring of the Snake","NeowsBlessing","Molten Egg 2","Mummified Hand","Pantograph","Ectoplasm","Oddly Smooth Stone","Fusion Hammer","The Specimen","Ancient Tea Set","Boot","Juzu Bracelet","Smiling Mask","Red Mask"],"potions_floor_usage":[20,33,46,50,50],"damage_taken":[{"damage":0.0,"enemies":"Cultist","floor":1.0,"turns":1.0},{"damage":0.0,"enemies":"2 Louse","floor":4.0,"turns":1.0},{"damage":0.0,"enemies":"Lagavulin","floor":6.0,"turns":1.0},{"damage":10.0,"enemies":"Gremlin Nob","floor":8.0,"turns":4.0},{"damage":4.0,"enemies":"Small Slimes","floor":10.0,"turns":3.0},{"damage":0.0,"enemies":"Exordium Thugs","floor":11.0,"turns":2.0},{"damage":0.0,"enemies":"2 Fungi Beasts","floor":12.0,"turns":2.0},{"damage":0.0,"enemies":"The Guardian","floor":16.0,"turns":6.0},{"damage":16,"enemies":"Spheric Guardian","floor":18,"turns":4},{"damage":10,"enemies":"Chosen","floor":20,"turns":4},{"damage":20,"enemies":"Snake Plant","floor":24,"turns":5},{"damage":14,"enemies":"Centurion and Healer","floor":25,"turns":4},{"damage":0,"enemies":"Cultist and Chosen","floor":28,"turns":3},{"damage":5,"enemies":"Shelled Parasite and Fungi","floor":29,"turns":3},{"damage":4,"enemies":"Centurion and Healer","floor":30,"turns":5},{"damage":4,"enemies":"Colosseum Slavers","floor":31,"turns":4},{"damage":24,"enemies":"Automaton","floor":33,"turns":8},{"damage":25,"enemies":"3 Darklings","floor":35,"turns":3},{"damage":15,"enemies":"Mind Bloom Boss Battle","floor":36,"turns":6},{"damage":0,"enemies":"Orb Walker","floor":37,"turns":4},{"damage":15,"enemies":"Transient","floor":41,"turns":6},{"damage":24,"enemies":"Reptomancer","floor":46,"turns":6},{"damage":3,"enemies":"Writhing Mass","floor":48,"turns":6},{"damage":67,"enemies":"Awakened One","floor":50,"turns":12}],"seed_played":"8983418569679047074","potions_obtained":[{"floor":1.0,"key":"Block Potion"},{"floor":4.0,"key":"AttackPotion"},{"floor":11.0,"key":"Poison Potion"},{"floor":18,"key":"Regen Potion"},{"floor":24,"key":"LiquidBronze"},{"floor":28,"key":"SteroidPotion"},{"floor":29,"key":"GhostInAJar"},{"floor":30,"key":"Ancient Potion"},{"floor":36,"key":"Fire Potion"},{"floor":41,"key":"GamblersBrew"},{"floor":46,"key":"SteroidPotion"}],"is_trial":false,"path_per_floor":["M","?","?","M","?","E","$","E","T","M","M","M","R","$","R","B",null,"M","$","M","?","?","R","M","M","T","R","M","M","M","?","R","B",null,"M","?","M","T","?","T","M","R","T","?","R","E","?","M","R","B"],"character_chosen":"THE_SILENT","items_purchased":["Die Die Die+1","PiercingWail","Crippling Poison"],"campfire_rested":5,"item_purchase_floors":[7,14,19],"current_hp_per_floor":[59,39,39,39,39,39,39,29,29,25,25,25,25,25,25,50,62,46,46,50,44,44,44,24,10,10,29,29,24,20,16,35,36,59,34,44,44,44,44,44,29,47,47,47,63,39,39,36,54,0],"gold":0,"neow_bonus":"THREE_ENEMY_KILL","is_prod":false,"is_daily":false,"chose_seed":false,"campfire_upgraded":3,"win_rate":0,"timestamp":1568070481,"path_taken":["M","?","?","?","?","E","?","E","T","M","M","M","R","$","R","BOSS","M","$","M","?","?","R","?","M","T","R","M","M","?","?","R","BOSS","M","?","M","?","?","?","M","R","T","?","R","E","?","M","R","BOSS"],"build_version":"2019-07-17","purchased_purges":0,"victory":false,"max_hp_per_floor":[66,66,66,66,66,66,66,66,66,66,66,66,66,66,66,66,66,66,66,66,66,66,66,66,66,66,66,66,66,66,66,66,66,66,66,66,66,66,63,63,63,63,63,63,63,63,63,63,63,63],"card_choices":[{"not_picked":["Outmaneuver","Finisher"],"picked":"Predator","floor":1.0},{"not_picked":["Terror","Outmaneuver"],"picked":"Dagger Spray","floor":4.0},{"not_picked":["Accuracy","Heel Hook"],"picked":"Deadly Poison","floor":6.0},{"not_picked":["Reflex","Setup"],"picked":"Quick Slash+1","floor":8.0},{"not_picked":["PiercingWail","Bane+1"],"picked":"Backflip","floor":10.0},{"not_picked":["Cloak And Dagger","Flying Knee+1"],"picked":"Catalyst","floor":11.0},{"not_picked":["Footwork","Predator+1"],"picked":"Noxious Fumes","floor":12.0},{"not_picked":["Burst","A Thousand Cuts"],"picked":"Corpse Explosion","floor":16.0},{"not_picked":["Blade Dance","Terror"],"picked":"Poisoned Stab+1","floor":18},{"not_picked":["Slice+1","Underhanded Strike+1"],"picked":"Dodge and Roll","floor":20},{"not_picked":["Dash+1","Masterful Stab+1"],"picked":"Backstab+1","floor":24},{"not_picked":["Skewer+1","Dagger Spray+1","Poisoned Stab+1"],"picked":"SKIP","floor":25},{"not_picked":["Flying Knee+1","Poisoned Stab+1","Prepared"],"picked":"SKIP","floor":28},{"not_picked":["Finisher+1","Bouncing Flask"],"picked":"Deadly Poison+1","floor":29},{"not_picked":["Setup","Quick Slash+1"],"picked":"Backflip+1","floor":30},{"not_picked":["Unload+1","Venomology"],"picked":"Malaise","floor":33},{"not_picked":["Backstab+1","Bane+1","Outmaneuver+1"],"picked":"SKIP","floor":35},{"not_picked":["Riddle With Holes+1","Dagger Throw+1","Bouncing Flask"],"picked":"SKIP","floor":37},{"not_picked":["Bane+1","Dagger Spray+1"],"picked":"Deflect","floor":41},{"not_picked":["Dagger Spray+1","Deadly Poison"],"picked":"Deflect","floor":46},{"not_picked":["Underhanded Strike+1","Tools of the Trade"],"picked":"Heel Hook+1","floor":48}],"player_experience":844558,"relics_obtained":[{"floor":6.0,"key":"Molten Egg 2"},{"floor":8.0,"key":"Mummified Hand"},{"floor":9.0,"key":"Pantograph"},{"floor":26,"key":"Oddly Smooth Stone"},{"floor":36,"key":"The Specimen"},{"floor":38,"key":"Ancient Tea Set"},{"floor":40,"key":"Boot"},{"floor":43,"key":"Juzu Bracelet"},{"floor":46,"key":"Smiling Mask"}],"event_choices":[{"damage_healed":0.0,"max_hp_gain":0.0,"max_hp_loss":0.0,"gold_gain":0.0,"event_name":"Shining Light","player_choice":"Entered Light","floor":2.0,"gold_loss":0.0,"damage_taken":20.0,"cards_upgraded":["Strike_G","Defend_G"]},{"cards_removed":["Strike_G"],"damage_healed":0.0,"max_hp_gain":0.0,"max_hp_loss":0.0,"gold_gain":0.0,"event_name":"Bonfire Elementals","player_choice":"Offered Basic","floor":3.0,"gold_loss":0.0,"damage_taken":0.0},{"cards_removed":["Strike_G"],"damage_healed":0.0,"max_hp_gain":0.0,"max_hp_loss":0.0,"gold_gain":0.0,"event_name":"Purifier","player_choice":"Purged","floor":5.0,"gold_loss":0.0,"damage_taken":0.0},{"damage_healed":0,"gold_gain":0,"player_choice":"Joined the Cult","damage_taken":6,"max_hp_gain":0,"max_hp_loss":0,"event_name":"Nest","floor":21,"gold_loss":0,"cards_obtained":["RitualDagger"]},{"damage_healed":0,"gold_gain":0,"player_choice":"Ignored","damage_taken":0,"max_hp_gain":0,"max_hp_loss":0,"event_name":"Ghosts","floor":22,"gold_loss":0},{"damage_healed":0,"gold_gain":0,"player_choice":"Fight","damage_taken":0,"max_hp_gain":0,"max_hp_loss":0,"event_name":"Colosseum","floor":31,"gold_loss":0},{"damage_healed":0,"gold_gain":0,"player_choice":"Fled From Nobs","damage_taken":0,"max_hp_gain":0,"max_hp_loss":0,"event_name":"Colosseum","floor":31,"gold_loss":0},{"damage_healed":0,"gold_gain":0,"player_choice":"Fight","damage_taken":0,"max_hp_gain":0,"max_hp_loss":0,"event_name":"MindBloom","floor":36,"gold_loss":0},{"damage_healed":0,"gold_gain":0,"player_choice":"Max HP","damage_taken":0,"max_hp_gain":0,"max_hp_loss":3,"event_name":"Winding Halls","floor":39,"gold_loss":0},{"cards_removed":["RitualDagger"],"damage_healed":0,"gold_gain":0,"player_choice":"Removed Attack","damage_taken":0,"max_hp_gain":0,"max_hp_loss":0,"event_name":"Falling","floor":44,"gold_loss":0},{"damage_healed":0,"gold_gain":0,"player_choice":"Paid","damage_taken":0,"relics_obtained":["Red Mask"],"max_hp_gain":0,"max_hp_loss":0,"event_name":"Tomb of Lord Red Mask","floor":47,"gold_loss":19}],"is_beta":false,"boss_relics":[{"not_picked":["Sozu","Philosopher\u0027s Stone"],"picked":"Ectoplasm"},{"not_picked":["White Beast Statue","WristBlade"],"picked":"Fusion Hammer"}],"items_purged_floors":[],"is_endless":false,"potions_floor_spawned":[1,4,6,11,18,24,28,29,30,36,41,46],"killed_by":"Awakened One","ascension_level":17}