{"gold_per_floor":[119,137,147,157,157,192,202,202,227,227,227,251,43,86,86,205,205,224,224,238,62,83,126,36,36,61,61,61,23,39,58,58,189,189,214,214,279,56,389,389,419,419,493,504,433,154,171,219,219,219],"floor_reached":50,"playtime":3204,"items_purged":["Strike_G","Strike_G","Defend_G","Defend_G"],"score":573,"play_id":"5d8543cf-0c00-4b35-8a94-b49622357e00","local_time":"20180730231541","is_ascension_mode":false,"campfire_choices":[{"data":"Dagger Spray","floor":8,"key":"SMITH"},{"floor":15,"key":"REST"},{"floor":25,"key":"REST"},{"floor":28,"key":"REST"},{"floor":32,"key":"REST"},{"floor":40,"key":"REST"},{"floor":42,"key":"REST"},{"floor":49,"key":"REST"}],"neow_cost":"","seed_source_timestamp":444733884807030,"circlet_count":0,"master_deck":["Defend_G","Defend_G","Defend_G","Strike_G","Strike_G","Survivor","Neutralize","Dagger Spray+1","Cloak And Dagger","Endless Agony","Bane","Backstab","Acrobatics","Endless Agony","Apotheosis","Cloak And Dagger","Glass Knife","Slice","RitualDagger","Prepared+1","Infinite Blades","Endless Agony","Reflex+1","Flying Knee+1","Footwork","Flying Knee+1","Backflip","Dagger Throw+1","Deadly Poison","Glass Knife","Dagger Spray","Finesse","Outmaneuver","Predator","Accuracy","Dagger Spray"],"relics":["Ring of the Serpent","The Courier","Pen Nib","Vajra","Happy Flower","Centennial Puzzle","Bag of Preparation","White Beast Statue","Gambling Chip","Whetstone","Darkstone Periapt","Mummified Hand","TwistedFunnel","Strawberry"],"potions_floor_usage":[4,6,14,33,37,37,41,50,50,50],"damage_taken":[{"damage":0,"enemies":"Small Slimes","floor":1,"turns":4},{"damage":0,"enemies":"Jaw Worm","floor":2,"turns":5},{"damage":0,"enemies":"2 Louse","floor":3,"turns":2},{"damage":7,"enemies":"Large Slime","floor":4,"turns":6},{"damage":5,"enemies":"3 Sentries","floor":6,"turns":10},{"damage":0,"enemies":"Exordium Wildlife","floor":7,"turns":3},{"damage":0,"enemies":"Exordium Thugs","floor":12,"turns":3},{"damage":5,"enemies":"Lagavulin","floor":14,"turns":4},{"damage":32,"enemies":"Hexaghost","floor":16,"turns":10},{"damage":0,"enemies":"Chosen","floor":18,"turns":3},{"damage":0,"enemies":"Spheric Guardian","floor":20,"turns":2},{"damage":28,"enemies":"Snake Plant","floor":22,"turns":3},{"damage":20,"enemies":"Book of Stabbing","floor":23,"turns":4},{"damage":4,"enemies":"Chosen and Byrds","floor":30,"turns":3},{"damage":0,"enemies":"Centurion and Healer","floor":31,"turns":3},{"damage":49,"enemies":"Champ","floor":33,"turns":9},{"damage":15,"enemies":"3 Darklings","floor":35,"turns":5},{"damage":14,"floor":37,"turns":3},{"damage":53,"enemies":"Giant Head","floor":41,"turns":7},{"damage":29,"enemies":"3 Shapes","floor":44,"turns":5},{"damage":0,"enemies":"Transient","floor":47,"turns":5},{"damage":31,"enemies":"Donu and Deca","floor":50,"turns":4}],"seed_played":"-7164070350139404233","potions_obtained":[{"floor":1,"key":"Block Potion"},{"floor":3,"key":"PowerPotion"},{"floor":6,"key":"Strength Potion"},{"floor":12,"key":"Fire Potion"},{"floor":14,"key":"Explosive Potion"},{"floor":20,"key":"LiquidBronze"},{"floor":22,"key":"Swift Potion"},{"floor":35,"key":"Block Potion"},{"floor":37,"key":"SkillPotion"},{"floor":41,"key":"Dexterity Potion"},{"floor":44,"key":"SkillPotion"}],"is_trial":false,"path_per_floor":["M","M","M","M","?","E","M","R","T","?","?","M","$","E","R","B",null,"M","?","M","$","M","E","$","R","T","T","R","$","M","M","R","B",null,"M","?","?","$","?","R","E","R","T","M","?","$","M","T","R"],"character_chosen":"THE_SILENT","items_purchased":["Apotheosis","Infinite Blades","Endless Agony","Footwork","Flying Knee","Backflip","Predator","Accuracy","TwistedFunnel"],"campfire_rested":7,"item_purchase_floors":[13,21,21,24,24,29,38,38,46],"current_hp_per_floor":[70,70,70,63,56,51,51,51,51,34,57,57,57,52,70,38,70,70,64,64,64,36,16,16,37,37,37,58,58,54,54,70,21,70,55,55,41,41,41,62,9,30,30,1,1,1,1,8,31,0],"gold":219,"neow_bonus":"","is_prod":false,"is_daily":false,"chose_seed":false,"campfire_upgraded":1,"win_rate":0.0,"timestamp":1533006941,"path_taken":["M","M","M","M","?","E","M","R","T","?","?","?","$","E","R","BOSS","M","?","?","$","?","E","$","R","T","?","R","?","M","M","R","BOSS","M","?","?","$","?","R","E","R","T","M","?","$","?","?","R","BOSS"],"build_version":"2018-07-26","purchased_purges":4,"victory":false,"max_hp_per_floor":[70,70,70,70,70,70,70,70,70,70,70,70,70,70,70,70,70,70,70,70,70,70,70,70,70,70,70,70,70,70,70,70,70,70,70,70,70,70,70,70,70,70,70,70,70,70,70,77,77,77],"card_choices":[{"not_picked":["Eviscerate","Bane"],"picked":"Dagger Spray","floor":1},{"not_picked":["Dodge and Roll","Dash"],"picked":"Cloak And Dagger","floor":2},{"not_picked":["Backflip","Prepared"],"picked":"Endless Agony","floor":3},{"not_picked":["Quick Slash","PiercingWail"],"picked":"Bane","floor":4},{"not_picked":["Noxious Fumes","Slice"],"picked":"Backstab","floor":6},{"not_picked":["Calculated Gamble","Dodge and Roll"],"picked":"Acrobatics","floor":7},{"not_picked":["Underhanded Strike","Cloak And Dagger"],"picked":"Endless Agony","floor":12},{"not_picked":["Riddle With Holes","Heel Hook"],"picked":"Cloak And Dagger","floor":14},{"not_picked":["Venomology","Unload"],"picked":"Glass Knife","floor":16},{"not_picked":["Riddle With Holes","Masterful Stab"],"picked":"Slice","floor":18},{"not_picked":["Dagger Throw","Underhanded Strike+1"],"picked":"Prepared+1","floor":20},{"not_picked":["Masterful Stab","Riddle With Holes"],"picked":"Reflex+1","floor":22},{"not_picked":["Slice","Noxious Fumes"],"picked":"Flying Knee+1","floor":23},{"not_picked":["Calculated Gamble+1","Bane"],"picked":"Dagger Throw","floor":30},{"not_picked":["Dodge and Roll","Slice"],"picked":"Deadly Poison","floor":31},{"not_picked":["Phantasmal Killer","A Thousand Cuts"],"picked":"Glass Knife","floor":33},{"not_picked":["Tactician","Underhanded Strike+1"],"picked":"Dagger Spray","floor":35},{"not_picked":["Purity","Panache"],"picked":"Finesse","floor":36},{"not_picked":["Leg Sweep+1","Sucker Punch+1"],"picked":"Outmaneuver","floor":37},{"not_picked":["Flying Knee+1","Choke+1"],"picked":"Dagger Spray","floor":41},{"not_picked":["Bane","Outmaneuver","Cloak And Dagger+1"],"picked":"SKIP","floor":44},{"not_picked":["Slice","Quick Slash+1","Well Laid Plans"],"picked":"SKIP","floor":47}],"player_experience":80618,"relics_obtained":[{"floor":6,"key":"The Courier"},{"floor":9,"key":"Pen Nib"},{"floor":14,"key":"Vajra"},{"floor":23,"key":"Happy Flower"},{"floor":26,"key":"Centennial Puzzle"},{"floor":27,"key":"Bag of Preparation"},{"floor":37,"key":"Gambling Chip"},{"floor":41,"key":"Whetstone"},{"floor":43,"key":"Darkstone Periapt"},{"floor":48,"key":"Strawberry"}],"event_choices":[{"event_name":"Golden Wing","player_choice":"Card Removal","floor":5,"damage_taken":0},{"event_name":"Golden Idol","player_choice":"Take Damage","floor":10,"damage_taken":0},{"event_name":"Big Fish","player_choice":"Banana","floor":11,"damage_taken":0},{"event_name":"Nest","player_choice":"Joined the Cult","floor":19,"damage_taken":0},{"event_name":"SensoryStone","player_choice":"Memory 1","floor":36,"damage_taken":0},{"event_name":"Mysterious Sphere","player_choice":"Fight","floor":37,"damage_taken":0},{"event_name":"The Moai Head","player_choice":"Gave Idol","floor":39,"damage_taken":0},{"event_name":"WeMeetAgain","player_choice":"Gold","floor":45,"damage_taken":0}],"is_beta":false,"boss_relics":[{"not_picked":["Orrery","Sozu"],"picked":"Ring of the Serpent"},{"not_picked":["Astrolabe","Cursed Key"],"picked":"White Beast Statue"}],"items_purged_floors":[13,21,38,46],"is_endless":false,"potions_floor_spawned":[1,3,6,12,14,20,22,35,37,41,44,47],"killed_by":"Donu and Deca","ascension_level":0}