{"gold_per_floor":[118,118,96,110,58,89,108,118,118,118,136,136,152,152,152,254,254,226,244,244,257,257,257,286,286,341,341,48,60,71,71],"floor_reached":31,"playtime":2040,"items_purged":[],"score":357,"play_id":"f1416de9-72be-44f7-8145-438dfc6218df","local_time":"20190722235535","is_ascension_mode":false,"campfire_choices":[{"data":"Armaments","floor":10.0,"key":"SMITH"},{"data":"Perfected Strike","floor":12.0,"key":"SMITH"},{"floor":15.0,"key":"RECALL"},{"floor":23.0,"key":"REST"},{"floor":25,"key":"REST"}],"neow_cost":"NONE","seed_source_timestamp":3370649812286060,"circlet_count":0,"master_deck":["Bash","Perfected Strike+1","Pummel","Havoc","Armaments+1","Rampage+1","Feel No Pain","Headbutt","Inflame","Berserk","Sever Soul","Wild Strike","Second Wind","Rage","Demon Form","Dark Embrace","Inflame","Metallicize","Feed","True Grit+1","Reckless Charge+1","Impervious"],"special_seed":0,"relics":["Burning Blood","NeowsBlessing","Art of War","Singing Bowl","Question Card","Pandora\u0027s Box","MutagenicStrength","Mummified Hand","Tiny Chest","Gambling Chip"],"potions_floor_usage":[24,24],"damage_taken":[{"damage":0.0,"enemies":"Cultist","floor":1.0,"turns":1.0},{"damage":0.0,"enemies":"Small Slimes","floor":4.0,"turns":1.0},{"damage":0.0,"enemies":"3 Sentries","floor":6.0,"turns":1.0},{"damage":1.0,"enemies":"Jaw Worm","floor":7.0,"turns":3.0},{"damage":37.0,"enemies":"Exordium Wildlife","floor":8.0,"turns":6.0},{"damage":0.0,"enemies":"3 Louse","floor":11.0,"turns":4.0},{"damage":0.0,"enemies":"Red Slaver","floor":13.0,"turns":3.0},{"damage":0.0,"enemies":"Slime Boss","floor":16.0,"turns":5.0},{"damage":25.0,"enemies":"2 Thieves","floor":18.0,"turns":5.0},{"damage":36.0,"enemies":"Spheric Guardian","floor":19.0,"turns":5.0},{"damage":25.0,"enemies":"Snecko","floor":21.0,"turns":5.0},{"damage":57,"enemies":"Slavers","floor":24,"turns":6},{"damage":33,"enemies":"Centurion and Healer","floor":29,"turns":6},{"damage":51,"enemies":"Sentry and Sphere","floor":30,"turns":6},{"damage":25,"enemies":"3 Cultists","floor":31,"turns":4}],"seed_played":"8905331244585909482","potions_obtained":[{"floor":4.0,"key":"SteroidPotion"},{"floor":11.0,"key":"Block Potion"},{"floor":13.0,"key":"AttackPotion"},{"floor":16.0,"key":"EssenceOfSteel"},{"floor":18.0,"key":"Explosive Potion"}],"is_trial":false,"path_per_floor":["M","?","$","M","$","E","M","M","T","R","M","R","M","?","R","B",null,"M","M","?","M","?","R","E","R","T","?","$","M","M","M"],"character_chosen":"IRONCLAD","items_purchased":["Perfected Strike","Havoc","Gambling Chip"],"campfire_rested":2,"item_purchase_floors":[3,5,28],"current_hp_per_floor":[80,80,80,80,80,80,80,49,49,49,55,55,61,45,45,51,80,64,37,37,18,46,71,24,51,51,90,90,65,22,0],"gold":71,"neow_bonus":"THREE_ENEMY_KILL","is_prod":false,"is_daily":false,"chose_seed":false,"campfire_upgraded":2,"win_rate":0,"timestamp":1563854135,"path_taken":["M","?","$","?","?","E","M","M","T","R","M","R","M","?","R","BOSS","M","M","?","M","?","R","E","R","T","?","$","M","?","M"],"build_version":"2019-07-17","purchased_purges":0,"victory":false,"max_hp_per_floor":[80,80,80,80,80,80,80,80,80,80,80,80,80,80,80,80,80,83,86,86,86,86,86,90,90,90,90,90,92,94,97],"card_choices":[{"not_picked":["Pommel Strike","Wild Strike","Body Slam"],"picked":"SKIP","floor":1.0},{"not_picked":["Twin Strike","Hemokinesis"],"picked":"Pummel","floor":4.0},{"not_picked":["Warcry","Heavy Blade"],"picked":"Armaments","floor":6.0},{"not_picked":["Flex","Bloodletting"],"picked":"Rampage","floor":7.0},{"not_picked":["Impervious","Sword Boomerang"],"picked":"Feel No Pain","floor":8.0},{"not_picked":["Evolve","Cleave","Body Slam"],"picked":"Headbutt","floor":11.0},{"not_picked":["Headbutt","Ghostly Armor","Pummel"],"picked":"Inflame","floor":13.0},{"not_picked":["Double Tap","Impervious","Reaper"],"picked":"Berserk","floor":16.0},{"not_picked":["Pommel Strike","Thunderclap","Body Slam+1"],"picked":"True Grit+1","floor":18.0},{"not_picked":["Iron Wave+1","Clothesline","Searing Blow"],"picked":"Reckless Charge+1","floor":19.0},{"not_picked":["Perfected Strike","Spot Weakness","Intimidate"],"picked":"Impervious","floor":21.0},{"not_picked":["Headbutt+1","Iron Wave","Body Slam"],"picked":"Inflame","floor":24},{"not_picked":["Body Slam","Sword Boomerang","Armaments","Headbutt"],"picked":"Singing Bowl","floor":29},{"not_picked":["Havoc","Armaments","Shrug It Off","Rage"],"picked":"Singing Bowl","floor":30}],"player_experience":458980,"relics_obtained":[{"floor":2.0,"key":"Art of War"},{"floor":6.0,"key":"Singing Bowl"},{"floor":9.0,"key":"Question Card"},{"floor":24,"key":"Mummified Hand"},{"floor":26,"key":"Tiny Chest"}],"event_choices":[{"damage_healed":0.0,"max_hp_gain":0.0,"max_hp_loss":0.0,"gold_gain":0.0,"event_name":"Wheel of Change","player_choice":"Relic","floor":2.0,"gold_loss":0.0,"damage_taken":0.0},{"damage_healed":0.0,"max_hp_gain":0.0,"max_hp_loss":0.0,"gold_gain":0.0,"event_name":"Shining Light","player_choice":"Entered Light","floor":14.0,"gold_loss":0.0,"damage_taken":16.0,"cards_upgraded":["Strike_R","Rampage"]},{"damage_healed":0.0,"max_hp_gain":0.0,"max_hp_loss":0.0,"gold_gain":0.0,"event_name":"Drug Dealer","player_choice":"Inject Mutagens","floor":20.0,"gold_loss":0.0,"damage_taken":0.0,"relics_obtained":["MutagenicStrength"]},{"damage_healed":28.0,"max_hp_gain":0.0,"max_hp_loss":0.0,"gold_gain":0.0,"event_name":"The Library","player_choice":"Heal","floor":22.0,"gold_loss":0.0,"damage_taken":0.0},{"cards_removed":["Inflame"],"damage_healed":39,"gold_gain":0,"player_choice":"Offered Uncommon","damage_taken":0,"max_hp_gain":0,"max_hp_loss":0,"event_name":"Bonfire Elementals","floor":27,"gold_loss":0}],"is_beta":false,"boss_relics":[{"not_picked":["Velvet Choker","Runic Cube"],"picked":"Pandora\u0027s Box"}],"items_purged_floors":[],"is_endless":false,"potions_floor_spawned":[4,11,13,16,18],"killed_by":"3 Cultists","ascension_level":0}