{"gold_per_floor":[118,138,63,138,138,138,156,156,156,196,209,209,243,279,279,398,398,416,429,468,186,207,241,241,257,283,283,322,341,4,4,4,132,132,155,173,191,214,234,234,267,267,290,290,310,310,334,378,378,378,378,378,1,40,40],"floor_reached":55,"playtime":3435,"items_purged":["Pain","Shame"],"score":777,"play_id":"10aead9d-3ed4-4af7-a7ac-0c17c16130fd","local_time":"20190811152101","is_ascension_mode":false,"campfire_choices":[{"data":"Enlightenment","floor":6.0,"key":"SMITH"},{"data":"Finesse","floor":8.0,"key":"SMITH"},{"data":"Shockwave","floor":12.0,"key":"SMITH"},{"floor":15.0,"key":"REST"},{"floor":24.0,"key":"RECALL"},{"floor":27.0,"key":"REST"},{"data":"Limit Break","floor":32.0,"key":"SMITH"},{"data":"PanicButton","floor":40.0,"key":"SMITH"},{"floor":44.0,"key":"REST"},{"data":"Juggernaut","floor":46.0,"key":"SMITH"},{"floor":49.0,"key":"REST"},{"data":"Heavy Blade","floor":52.0,"key":"SMITH"}],"neow_cost":"CURSE","seed_source_timestamp":127621662037,"circlet_count":0,"master_deck":["Strike_R","Strike_R","Strike_R","Strike_R","Strike_R+1","Defend_R","Defend_R","Defend_R","Defend_R","Bash","Finesse+1","Enlightenment+1","Clothesline+1","Metallicize","Juggernaut+1","Shockwave+1","Dropkick","Spot Weakness","Barricade","Battle Trance","Cleave+1","PanicButton+1","Anger+1","Havoc+1","Limit Break+1","Spot Weakness+1","Body Slam","Flex","Parasite","Heavy Blade+1"],"special_seed":0,"relics":["Black Blood","Golden Idol","Regal Pillow","Odd Mushroom","Red Skull","Busted Crown","Red Mask","Centennial Puzzle","Ornamental Fan","Happy Flower","Potion Belt","Toolbox","Blue Candle","Whetstone","Juzu Bracelet","Anchor","Bag of Preparation","Ice Cream"],"potions_floor_usage":[54,54,55,55,55],"damage_taken":[{"damage":12.0,"enemies":"Jaw Worm","floor":1.0,"turns":5.0},{"damage":4.0,"enemies":"Small Slimes","floor":2.0,"turns":3.0},{"damage":0.0,"enemies":"2 Louse","floor":7.0,"turns":2.0},{"damage":15.0,"enemies":"Lagavulin","floor":10.0,"turns":8.0},{"damage":0.0,"enemies":"2 Fungi Beasts","floor":11.0,"turns":4.0},{"damage":13.0,"enemies":"The Mushroom Lair","floor":13.0,"turns":4.0},{"damage":32.0,"enemies":"Gremlin Nob","floor":14.0,"turns":5.0},{"damage":23.0,"enemies":"Hexaghost","floor":16.0,"turns":8.0},{"damage":15.0,"enemies":"Spheric Guardian","floor":18.0,"turns":4.0},{"damage":8.0,"enemies":"Shell Parasite","floor":19.0,"turns":4.0},{"damage":38.0,"enemies":"Masked Bandits","floor":20.0,"turns":5.0},{"damage":1.0,"enemies":"Cultist and Chosen","floor":22.0,"turns":4.0},{"damage":2.0,"enemies":"Slavers","floor":23.0,"turns":5.0},{"damage":8.0,"enemies":"3 Cultists","floor":25.0,"turns":4.0},{"damage":23.0,"enemies":"Gremlin Leader","floor":28.0,"turns":6.0},{"damage":0.0,"enemies":"Shelled Parasite and Fungi","floor":29.0,"turns":5.0},{"damage":45.0,"enemies":"Collector","floor":33.0,"turns":9.0},{"damage":6.0,"enemies":"Orb Walker","floor":35.0,"turns":5.0},{"damage":24.0,"enemies":"3 Darklings","floor":36.0,"turns":5.0},{"damage":26.0,"enemies":"Transient","floor":37.0,"turns":5.0},{"damage":4.0,"enemies":"Writhing Mass","floor":38.0,"turns":5.0},{"damage":9.0,"enemies":"4 Shapes","floor":39.0,"turns":5.0},{"damage":30.0,"enemies":"Reptomancer","floor":41.0,"turns":4.0},{"damage":0.0,"enemies":"Jaw Worm Horde","floor":45.0,"turns":4.0},{"damage":19.0,"enemies":"Writhing Mass","floor":47.0,"turns":5.0},{"damage":40.0,"enemies":"Giant Head","floor":48.0,"turns":7.0},{"damage":77.0,"enemies":"Donu and Deca","floor":50.0,"turns":9.0},{"damage":30,"enemies":"Shield and Spear","floor":54,"turns":4},{"damage":87,"enemies":"The Heart","floor":55,"turns":5}],"seed_played":"7203556499481031160","potions_obtained":[{"floor":2.0,"key":"Poison Potion"},{"floor":10.0,"key":"Block Potion"},{"floor":11.0,"key":"Explosive Potion"},{"floor":14.0,"key":"SteroidPotion"},{"floor":20.0,"key":"GamblersBrew"},{"floor":29.0,"key":"SteroidPotion"},{"floor":33.0,"key":"Fire Potion"},{"floor":38.0,"key":"Weak Potion"},{"floor":39.0,"key":"GamblersBrew"},{"floor":41.0,"key":"Weak Potion"},{"floor":48.0,"key":"AttackPotion"}],"is_trial":false,"path_per_floor":["M","M","$","?","?","R","M","R","T","E","M","R","?","E","R","B",null,"M","M","?","$","M","E","R","M","T","R","E","M","$","?","R","B",null,"M","M","M","M","M","R","E","?","T","R","M","R","M","E","R","B",null,"R","$","E","B"],"character_chosen":"IRONCLAD","items_purchased":["Centennial Puzzle","PanicButton","Block Potion","Toolbox","Limit Break","Bag of Preparation","SkillPotion","Ancient Potion"],"campfire_rested":4,"item_purchase_floors":[21,21,21,30,30,53,53,53],"current_hp_per_floor":[74,76,76,65,45,45,51,51,51,42,48,48,41,15,54,37,80,71,69,37,37,42,46,46,44,44,80,63,69,69,69,69,30,80,80,66,50,56,57,57,37,37,37,76,80,80,71,41,80,13,80,80,80,60,0],"gold":40,"neow_bonus":"RANDOM_COLORLESS_2","is_prod":false,"is_daily":false,"chose_seed":false,"campfire_upgraded":7,"win_rate":0,"timestamp":1565551261,"path_taken":["M","M","$","?","?","R","M","R","T","E","M","R","?","E","R","BOSS","M","M","?","$","M","E","R","M","T","R","E","M","$","?","R","BOSS","M","M","M","M","M","R","E","?","T","R","M","R","M","E","R","BOSS","R","$","E","BOSS"],"build_version":"2019-07-17","purchased_purges":2,"victory":false,"max_hp_per_floor":[80,80,80,80,80,80,80,80,80,80,80,80,80,80,80,80,80,80,80,80,80,80,80,80,80,80,80,80,80,80,80,80,80,80,80,80,80,80,80,80,80,80,80,80,80,80,80,80,80,80,80,80,80,80,80],"card_choices":[{"not_picked":["Second Wind","Clash"],"picked":"Clothesline","floor":1.0},{"not_picked":["Anger","Twin Strike"],"picked":"Metallicize","floor":2.0},{"not_picked":["Headbutt","Reckless Charge","Sword Boomerang"],"picked":"SKIP","floor":7.0},{"not_picked":["Pommel Strike","Cleave"],"picked":"Juggernaut","floor":10.0},{"not_picked":["True Grit","Second Wind"],"picked":"Shockwave","floor":11.0},{"not_picked":["Cleave","Flex"],"picked":"Dropkick","floor":13.0},{"not_picked":["Cleave","Blood for Blood"],"picked":"Spot Weakness","floor":14.0},{"not_picked":["Feed","Offering"],"picked":"Barricade","floor":16.0},{"not_picked":["Warcry"],"picked":"SKIP","floor":18.0},{"not_picked":[],"picked":"Battle Trance","floor":19.0},{"not_picked":[],"picked":"Cleave+1","floor":20.0},{"not_picked":["Perfected Strike"],"picked":"SKIP","floor":22.0},{"not_picked":["Infernal Blade"],"picked":"SKIP","floor":23.0},{"not_picked":["Sword Boomerang"],"picked":"SKIP","floor":25.0},{"not_picked":[],"picked":"Anger+1","floor":28.0},{"not_picked":[],"picked":"Havoc+1","floor":29.0},{"not_picked":["Sword Boomerang+1"],"picked":"SKIP","floor":35.0},{"not_picked":["Power Through"],"picked":"SKIP","floor":36.0},{"not_picked":[],"picked":"Spot Weakness+1","floor":37.0},{"not_picked":[],"picked":"Iron Wave+1","floor":38.0},{"not_picked":[],"picked":"Body Slam","floor":39.0},{"not_picked":["Blood for Blood+1"],"picked":"SKIP","floor":41.0},{"not_picked":[],"picked":"Flex","floor":45.0},{"not_picked":["Flex"],"picked":"SKIP","floor":47.0},{"not_picked":[],"picked":"Heavy Blade","floor":48.0},{"not_picked":["Pommel Strike"],"picked":"SKIP","floor":54}],"player_experience":531145,"relics_obtained":[{"floor":10.0,"key":"Regal Pillow"},{"floor":13.0,"key":"Odd Mushroom"},{"floor":14.0,"key":"Red Skull"},{"floor":20.0,"key":"Red Mask"},{"floor":23.0,"key":"Ornamental Fan"},{"floor":26.0,"key":"Happy Flower"},{"floor":28.0,"key":"Potion Belt"},{"floor":41.0,"key":"Whetstone"},{"floor":43.0,"key":"Juzu Bracelet"},{"floor":48.0,"key":"Anchor"},{"floor":54,"key":"Ice Cream"}],"event_choices":[{"damage_healed":0.0,"max_hp_gain":0.0,"max_hp_loss":0.0,"gold_gain":75.0,"event_name":"World of Goop","player_choice":"Gather Gold","floor":4.0,"gold_loss":0.0,"damage_taken":11.0},{"damage_healed":0.0,"max_hp_gain":0.0,"max_hp_loss":0.0,"gold_gain":0.0,"event_name":"Golden Idol","player_choice":"Take Damage","floor":5.0,"gold_loss":0.0,"damage_taken":20.0,"relics_obtained":["Golden Idol"]},{"damage_healed":0.0,"max_hp_gain":0.0,"max_hp_loss":0.0,"gold_gain":0.0,"event_name":"Mushrooms","player_choice":"Fought Mushrooms","floor":13.0,"gold_loss":0.0,"damage_taken":0.0},{"damage_healed":0.0,"max_hp_gain":0.0,"max_hp_loss":0.0,"gold_gain":0.0,"event_name":"Masked Bandits","player_choice":"Fought Bandits","floor":20.0,"gold_loss":0.0,"damage_taken":0.0},{"damage_healed":0.0,"max_hp_gain":0.0,"max_hp_loss":0.0,"gold_gain":0.0,"event_name":"Addict","player_choice":"Stole Relic","floor":31.0,"gold_loss":0.0,"damage_taken":0.0,"relics_obtained":["Blue Candle"],"cards_obtained":["Shame"]},{"cards_removed":["Iron Wave"],"damage_healed":0.0,"max_hp_gain":0.0,"max_hp_loss":0.0,"gold_gain":0.0,"event_name":"Falling","player_choice":"Removed Attack","floor":42.0,"gold_loss":0.0,"damage_taken":0.0}],"is_beta":false,"boss_relics":[{"not_picked":["Black Star","Astrolabe"],"picked":"Busted Crown"},{"not_picked":["Cursed Key","Tiny House"],"picked":"Black Blood"}],"items_purged_floors":[3,53],"is_endless":false,"potions_floor_spawned":[2,10,11,14,20,29,33,38,39,41,48],"killed_by":"The Heart","ascension_level":0}