{"gold_per_floor":[99,99,99,99,99,99,99,99,99,99,99],"floor_reached":11,"playtime":243,"items_purged":[],"score":80,"play_id":"6f3c4bda-943a-488e-85fd-ebe7c9b42556","local_time":"20190520001746","is_ascension_mode":true,"campfire_choices":[{"floor":6,"key":"REST"},{"floor":10,"key":"REST"}],"neow_cost":"NONE","seed_source_timestamp":400443511782127,"circlet_count":0,"master_deck":["Defend_G","Defend_G","Defend_G","Defend_G","Defend_G","Strike_G+1","Strike_G","Strike_G","Strike_G+1","Survivor","Neutralize","Cloak And Dagger","Tactician"],"special_seed":0,"relics":["Ectoplasm","Regal Pillow","Golden Idol","Dream Catcher","Snake Skull"],"potions_floor_usage":[11,11],"damage_taken":[{"damage":7,"enemies":"2 Louse","floor":1,"turns":3},{"damage":42,"enemies":"Lagavulin","floor":7,"turns":9},{"damage":53,"enemies":"Gremlin Nob","floor":11,"turns":5}],"seed_played":"1247397880775752573","potions_obtained":[{"floor":1,"key":"Dexterity Potion"},{"floor":7,"key":"Fruit Juice"}],"is_trial":false,"path_per_floor":["M","?","?","$","?","R","E","?","T","R","E"],"character_chosen":"THE_SILENT","items_purchased":[],"campfire_rested":2,"item_purchase_floors":[],"current_hp_per_floor":[63,45,31,31,14,50,8,8,8,44,0],"gold":99,"neow_bonus":"BOSS_RELIC","is_prod":false,"is_daily":false,"chose_seed":false,"campfire_upgraded":0,"win_rate":0,"timestamp":1558325866,"path_taken":["M","?","?","?","?","R","E","?","T","R","E"],"build_version":"2019-01-23","purchased_purges":0,"victory":false,"max_hp_per_floor":[70,70,70,70,70,70,70,70,70,70,75],"card_choices":[{"not_picked":["Deflect","Sucker Punch"],"picked":"Cloak And Dagger","floor":1},{"not_picked":["Poisoned Stab","Calculated Gamble"],"picked":"Tactician","floor":7}],"player_experience":256949,"relics_obtained":[{"floor":7,"key":"Dream Catcher"},{"floor":9,"key":"Snake Skull"}],"event_choices":[{"damage_healed":0,"gold_gain":0,"player_choice":"Success","damage_taken":18,"relics_obtained":["Regal Pillow"],"max_hp_gain":0,"max_hp_loss":0,"event_name":"Scrap Ooze","floor":2,"gold_loss":0},{"damage_healed":0,"gold_gain":0,"player_choice":"Entered Light","damage_taken":14,"max_hp_gain":0,"max_hp_loss":0,"event_name":"Shining Light","floor":3,"gold_loss":0,"cards_upgraded":["Strike_G","Strike_G"]},{"damage_healed":0,"gold_gain":0,"player_choice":"Take Damage","damage_taken":17,"relics_obtained":["Golden Idol"],"max_hp_gain":0,"max_hp_loss":0,"event_name":"Golden Idol","floor":5,"gold_loss":0},{"cards_removed":["Strike_G"],"damage_healed":0,"gold_gain":0,"player_choice":"Purged","damage_taken":0,"max_hp_gain":0,"max_hp_loss":0,"event_name":"Purifier","floor":8,"gold_loss":0}],"is_beta":false,"boss_relics":[],"items_purged_floors":[],"is_endless":false,"potions_floor_spawned":[1,7],"killed_by":"Gremlin Nob","ascension_level":4}