{"gold_per_floor":[117,137,312,329,349,380,380,412,412,412],"floor_reached":10,"playtime":585,"items_purged":[],"score":86,"play_id":"f18bcb03-1c22-432f-ab8d-951c882750ba","local_time":"20180711110904","is_ascension_mode":true,"campfire_choices":[{"floor":7,"key":"REST"}],"neow_cost":"","seed_source_timestamp":0,"circlet_count":0,"master_deck":["Strike_B","Strike_B","Strike_B","Strike_B","Defend_B","Defend_B","Defend_B","Defend_B","Zap","Dualcast","Doubt","Loop","Heatsinks","Tempest","Rainbow"],"special_seed":0,"relics":["Cracked Core","Ornamental Fan","Letter Opener","Bottled Tornado"],"potions_floor_usage":[5,6],"damage_taken":[{"damage":14.0,"enemies":"Jaw Worm","floor":1.0,"turns":3.0},{"damage":3,"enemies":"2 Louse","floor":2,"turns":2},{"damage":1,"enemies":"Cultist","floor":4,"turns":3},{"damage":11,"enemies":"Blue Slaver","floor":5,"turns":4},{"damage":30,"enemies":"Lagavulin","floor":6,"turns":7},{"damage":33,"enemies":"Gremlin Nob","floor":8,"turns":4},{"damage":10,"enemies":"3 Louse","floor":10,"turns":2}],"seed_played":"4984568344438645242","potions_obtained":[{"floor":1,"key":"FocusPotion"},{"floor":4,"key":"Ancient Potion"},{"floor":6,"key":"SpeedPotion"}],"is_trial":false,"path_per_floor":["M","M","?","M","M","E","R","E","T"],"character_chosen":"DEFECT","items_purchased":[],"campfire_rested":1,"item_purchase_floors":[],"current_hp_per_floor":[61,58,58,57,46,16,38,5,5,0],"gold":412,"neow_bonus":"","is_prod":false,"is_daily":false,"chose_seed":false,"campfire_upgraded":0,"win_rate":0,"timestamp":1531278544,"path_taken":["M","M","?","M","M","E","R","E","T","M"],"build_version":"2018-07-05","purchased_purges":0,"victory":false,"max_hp_per_floor":[75,75,75,75,75,75,75,75,75,75],"card_choices":[{"not_picked":["Lockon","Rebound","Compile Driver"],"picked":"SKIP","floor":1},{"not_picked":["Blizzard","Chaos","Rebound"],"picked":"SKIP","floor":2},{"not_picked":["Cold Snap","Barrage"],"picked":"Loop","floor":4},{"not_picked":["Gash","Sweeping Beam"],"picked":"Heatsinks","floor":5},{"not_picked":["Gash","Steam"],"picked":"Tempest","floor":6},{"not_picked":["Gash","White Noise"],"picked":"Rainbow","floor":8}],"player_experience":620981,"relics_obtained":[{"floor":6,"key":"Ornamental Fan"},{"floor":8,"key":"Letter Opener"},{"floor":9,"key":"Bottled Tornado"}],"event_choices":[{"event_name":"Liars Game","player_choice":"agreed","floor":3,"damage_taken":0}],"boss_relics":[],"items_purged_floors":[],"is_endless":false,"potions_floor_spawned":[1,4,6],"killed_by":"3 Louse","ascension_level":2}