{"gold_per_floor":[117,117,1,15,26,26,41,67,67,67,81,94,94,112,112,112],"floor_reached":16,"playtime":717,"items_purged":[],"score":140,"play_id":"6d70c02e-4ad6-45a9-b298-be7cea55db5c","local_time":"20190528175515","is_ascension_mode":true,"campfire_choices":[{"data":"Footwork","floor":6.0,"key":"SMITH"},{"floor":10.0,"key":"REST"},{"data":"Crippling Poison","floor":13.0,"key":"SMITH"},{"data":"Survivor","floor":15.0,"key":"SMITH"}],"neow_cost":"NONE","seed_source_timestamp":1154259040306188,"circlet_count":0,"master_deck":["Defend_G","Defend_G","Defend_G","Defend_G","Defend_G","Strike_G","Strike_G","Strike_G","Strike_G","Survivor+1","Neutralize","Deadly Poison","Footwork+1","Backflip","Crippling Poison+1","Flying Knee"],"special_seed":0,"relics":["Ring of the Snake","Pen Nib","Ninja Scroll","The Courier"],"potions_floor_usage":[16],"damage_taken":[{"damage":2.0,"enemies":"Jaw Worm","floor":1.0,"turns":6.0},{"damage":0.0,"enemies":"Cultist","floor":4.0,"turns":4.0},{"damage":0.0,"enemies":"2 Louse","floor":5.0,"turns":4.0},{"damage":0.0,"enemies":"Exordium Wildlife","floor":7.0,"turns":4.0},{"damage":24.0,"enemies":"Gremlin Nob","floor":8.0,"turns":5.0},{"damage":0.0,"enemies":"Large Slime","floor":11.0,"turns":7.0},{"damage":0.0,"enemies":"Lots of Slimes","floor":12.0,"turns":1.0},{"damage":0.0,"enemies":"Exordium Wildlife","floor":14.0,"turns":2.0},{"damage":62,"enemies":"Slime Boss","floor":16,"turns":14}],"seed_played":"-525421852204673598","potions_obtained":[{"floor":5.0,"key":"Explosive Potion"},{"floor":7.0,"key":"LiquidBronze"},{"floor":12.0,"key":"EssenceOfSteel"},{"floor":14.0,"key":"SteroidPotion"}],"is_trial":false,"path_per_floor":["M","?","$","M","M","R","M","E","T","R","M","M","R","M","R","B"],"character_chosen":"THE_SILENT","items_purchased":["Footwork","Backflip"],"campfire_rested":1,"item_purchase_floors":[3,3],"current_hp_per_floor":[61,61,61,61,61,61,61,37,37,58,58,58,58,58,58,0],"gold":112,"neow_bonus":"RANDOM_COMMON_RELIC","is_prod":false,"is_daily":false,"chose_seed":false,"campfire_upgraded":3,"win_rate":0,"timestamp":1559080515,"path_taken":["M","?","?","M","?","R","?","E","T","R","M","M","R","M","R","BOSS"],"build_version":"2019-01-23","purchased_purges":0,"victory":false,"max_hp_per_floor":[70,70,70,70,70,70,70,70,70,70,70,70,70,70,70,70],"card_choices":[{"not_picked":["Sucker Punch","Quick Slash"],"picked":"Deadly Poison","floor":1.0},{"not_picked":["Underhanded Strike","Choke","Sucker Punch"],"picked":"SKIP","floor":4.0},{"not_picked":["Eviscerate","Well Laid Plans"],"picked":"Crippling Poison","floor":5.0},{"not_picked":["Accuracy","Terror"],"picked":"Flying Knee","floor":7.0},{"not_picked":["Sucker Punch","Backflip","Quick Slash"],"picked":"SKIP","floor":8.0},{"not_picked":["Eviscerate","Crippling Poison","Dodge and Roll"],"picked":"SKIP","floor":11.0},{"not_picked":["Storm of Steel","Dagger Throw","Setup"],"picked":"SKIP","floor":12.0},{"not_picked":["Dagger Spray","Deflect","Flying Knee"],"picked":"SKIP","floor":14.0}],"player_experience":313008,"relics_obtained":[{"floor":8.0,"key":"Ninja Scroll"},{"floor":9.0,"key":"The Courier"}],"event_choices":[{"cards_removed":["Strike_G"],"damage_healed":0.0,"max_hp_gain":0.0,"max_hp_loss":0.0,"gold_gain":0.0,"event_name":"Purifier","player_choice":"Purged","floor":2.0,"gold_loss":0.0,"damage_taken":0.0}],"is_beta":false,"boss_relics":[],"items_purged_floors":[],"is_endless":false,"potions_floor_spawned":[5,7,12,14],"killed_by":"Slime Boss","ascension_level":7}