{"gold_per_floor":[13,32,52,52,62,62,91,91,91,119,119,136,149,161,161,266,266,281,17,17,69,28,28],"floor_reached":23,"playtime":1263,"items_purged":["Regret"],"score":218,"play_id":"a13a641d-31e1-41fb-b907-863b2929bc70","local_time":"20190419001542","is_ascension_mode":false,"campfire_choices":[{"data":"Dropkick","floor":6,"key":"SMITH"},{"floor":8,"key":"REST"},{"data":"Reaper","floor":15,"key":"SMITH"}],"neow_cost":"NO_GOLD","seed_source_timestamp":8376724340065221,"circlet_count":0,"master_deck":["Strike_R","Strike_R","Strike_R","Strike_R","Strike_R","Defend_R+1","Defend_R","Defend_R+1","Defend_R","Bash","Pommel Strike","Dropkick+1","Reaper+1","Ghostly Armor","Headbutt","Cleave","Double Tap","Flex","HandOfGreed","Perfected Strike","Flex"],"relics":["Burning Blood","Art of War","Meat on the Bone","War Paint","Odd Mushroom","Runic Cube","MawBank"],"potions_floor_usage":[14,16,16,16],"damage_taken":[{"damage":3,"enemies":"Jaw Worm","floor":1,"turns":4},{"damage":0,"enemies":"2 Louse","floor":2,"turns":2},{"damage":1,"enemies":"Cultist","floor":3,"turns":3},{"damage":31,"enemies":"2 Fungi Beasts","floor":5,"turns":4},{"damage":53,"enemies":"3 Sentries","floor":7,"turns":10},{"damage":39,"enemies":"The Mushroom Lair","floor":10,"turns":6},{"damage":17,"enemies":"Looter","floor":12,"turns":4},{"damage":23,"enemies":"3 Louse","floor":13,"turns":4},{"damage":28,"enemies":"Exordium Thugs","floor":14,"turns":5},{"damage":52,"enemies":"Slime Boss","floor":16,"turns":11},{"damage":48,"enemies":"3 Byrds","floor":18,"turns":9},{"damage":23,"enemies":"Chosen","floor":21,"turns":6},{"damage":69,"enemies":"Book of Stabbing","floor":23,"turns":5}],"seed_played":"6863988386051059387","potions_obtained":[{"floor":7,"key":"Dexterity Potion"},{"floor":10,"key":"Energy Potion"},{"floor":12,"key":"Block Potion"},{"floor":13,"key":"Regen Potion"},{"floor":14,"key":"PowerPotion"}],"is_trial":false,"path_per_floor":["M","M","M","?","M","R","E","R","T","?","?","M","M","M","R","B",null,"M","$","T","M","$","E"],"character_chosen":"IRONCLAD","items_purchased":["HandOfGreed","Flex"],"campfire_rested":1,"item_purchase_floors":[19,22],"current_hp_per_floor":[96,96,96,96,71,71,24,52,52,31,31,38,34,42,42,19,96,58,58,58,60,60,0],"gold":28,"neow_bonus":"TWENTY_PERCENT_HP_BONUS","is_prod":false,"is_daily":false,"chose_seed":false,"campfire_upgraded":2,"win_rate":0,"timestamp":1555647342,"path_taken":["M","M","M","?","M","R","E","R","T","?","?","M","M","M","R","BOSS","M","$","?","M","$","E"],"build_version":"2019-01-23","purchased_purges":1,"victory":false,"max_hp_per_floor":[96,96,96,96,96,96,96,96,96,96,96,96,96,96,96,96,96,96,96,96,96,96,96],"card_choices":[{"not_picked":["Armaments","Heavy Blade"],"picked":"Pommel Strike","floor":1},{"not_picked":["Headbutt","Burning Pact","Evolve"],"picked":"SKIP","floor":2},{"not_picked":["Clothesline","Power Through","Headbutt"],"picked":"SKIP","floor":3},{"not_picked":["Blood for Blood","Iron Wave"],"picked":"Dropkick","floor":5},{"not_picked":["Burning Pact","Body Slam","Metallicize"],"picked":"SKIP","floor":7},{"not_picked":["Feel No Pain","Headbutt"],"picked":"Reaper","floor":10},{"not_picked":["Iron Wave","Feel No Pain"],"picked":"Ghostly Armor","floor":12},{"not_picked":["Armaments","Warcry"],"picked":"Headbutt","floor":13},{"not_picked":["Dropkick","Clash"],"picked":"Cleave","floor":14},{"not_picked":["Demon Form","Berserk"],"picked":"Double Tap","floor":16},{"not_picked":["Searing Blow","Perfected Strike"],"picked":"Flex","floor":18},{"not_picked":["Battle Trance","Headbutt"],"picked":"Perfected Strike","floor":21}],"player_experience":215073,"relics_obtained":[{"floor":7,"key":"Meat on the Bone"},{"floor":9,"key":"War Paint"},{"floor":10,"key":"Odd Mushroom"},{"floor":20,"key":"MawBank"}],"event_choices":[{"damage_healed":0,"gold_gain":0,"player_choice":"Box","damage_taken":0,"relics_obtained":["Art of War"],"max_hp_gain":0,"max_hp_loss":0,"event_name":"Big Fish","floor":4,"gold_loss":0,"cards_obtained":["Regret"]},{"damage_healed":0,"gold_gain":0,"player_choice":"Fought Mushrooms","damage_taken":0,"max_hp_gain":0,"max_hp_loss":0,"event_name":"Mushrooms","floor":10,"gold_loss":0},{"damage_healed":0,"gold_gain":0,"player_choice":"Bought 0 Potions","damage_taken":0,"max_hp_gain":0,"max_hp_loss":0,"event_name":"The Woman in Blue","floor":11,"gold_loss":0}],"is_beta":false,"boss_relics":[{"not_picked":["Fusion Hammer","Tiny House"],"picked":"Runic Cube"}],"items_purged_floors":[19],"is_endless":false,"potions_floor_spawned":[7,10,12,13,14],"killed_by":"Book of Stabbing","ascension_level":0}