{"gold_per_floor":[18,18,18,31,31,56,56,70,70,101,101,119,119,137,137,239,239,249,260,1,1,1],"floor_reached":22,"playtime":803,"items_purged":[],"score":243,"play_id":"bc8701fa-342e-4e03-a760-fb10a35cb262","local_time":"20181112230940","is_ascension_mode":true,"campfire_choices":[{"floor":7.0,"key":"REST"},{"data":"Perfected Strike","floor":11.0,"key":"SMITH"},{"data":"Cleave","floor":13.0,"key":"SMITH"},{"data":"Pommel Strike","floor":15.0,"key":"SMITH"}],"neow_cost":"NO_GOLD","seed_source_timestamp":2697710946910706,"circlet_count":0,"master_deck":["Strike_R","Strike_R","Strike_R","Strike_R","Strike_R","Defend_R","Defend_R+1","Bash+1","Anger","Perfected Strike+1","Uppercut","Cleave+1","Pommel Strike+1","Double Tap","Cleave+1","Twin Strike"],"special_seed":0,"relics":["Burning Blood","Ice Cream","Frozen Egg 2","Darkstone Periapt","Dodecahedron","Empty Cage","Shuriken","MutagenicStrength"],"potions_floor_usage":[22],"damage_taken":[{"damage":7.0,"enemies":"Small Slimes","floor":1.0,"turns":3.0},{"damage":12.0,"enemies":"Jaw Worm","floor":4.0,"turns":2.0},{"damage":18.0,"enemies":"Gremlin Nob","floor":6.0,"turns":4.0},{"damage":0.0,"enemies":"2 Louse","floor":8.0,"turns":2.0},{"damage":22.0,"enemies":"3 Sentries","floor":10.0,"turns":5.0},{"damage":18.0,"enemies":"Large Slime","floor":12.0,"turns":2.0},{"damage":14.0,"enemies":"Exordium Thugs","floor":14.0,"turns":4.0},{"damage":22.0,"enemies":"Slime Boss","floor":16.0,"turns":10.0},{"damage":43.0,"enemies":"Shell Parasite","floor":18.0,"turns":4.0},{"damage":28,"enemies":"2 Thieves","floor":19,"turns":3},{"damage":17,"enemies":"Chosen and Byrds","floor":22,"turns":3}],"seed_played":"1212652211176680864","potions_obtained":[{"floor":1.0,"key":"Weak Potion"},{"floor":4.0,"key":"Explosive Potion"},{"floor":12.0,"key":"LiquidBronze"},{"floor":18.0,"key":"Energy Potion"}],"is_trial":false,"path_per_floor":["M","?","?","M","$","E","R","M","T","E","R","M","R","M","R","B",null,"M","M","$","?","M"],"character_chosen":"IRONCLAD","items_purchased":["Shuriken"],"campfire_rested":1,"item_purchase_floors":[20],"current_hp_per_floor":[79,84,67,61,61,49,74,80,80,64,64,52,52,44,44,28,71,34,12,12,12,0],"gold":1,"neow_bonus":"ONE_RARE_RELIC","is_prod":false,"is_daily":false,"chose_seed":false,"campfire_upgraded":3,"win_rate":0,"timestamp":1542082180,"path_taken":["M","?","?","M","$","E","R","M","T","E","R","M","R","M","R","BOSS","M","M","$","?","M"],"build_version":"2018-11-08","purchased_purges":0,"victory":false,"max_hp_per_floor":[80,85,85,85,85,85,85,85,85,85,85,85,85,85,85,85,85,85,85,85,85,85],"card_choices":[{"not_picked":["Dropkick","Shrug It Off"],"picked":"Anger","floor":1.0},{"not_picked":["True Grit","Headbutt"],"picked":"Perfected Strike","floor":4.0},{"not_picked":["Barricade","Ghostly Armor","Feel No Pain"],"picked":"SKIP","floor":6.0},{"not_picked":["Shrug It Off","Body Slam"],"picked":"Uppercut","floor":8.0},{"not_picked":["Rampage","Thunderclap"],"picked":"Cleave","floor":10.0},{"not_picked":["Body Slam","Sword Boomerang","Shrug It Off"],"picked":"SKIP","floor":12.0},{"not_picked":["Headbutt","Pommel Strike","Thunderclap"],"picked":"SKIP","floor":14.0},{"not_picked":["Headbutt","Thunderclap"],"picked":"Pommel Strike","floor":14.0},{"not_picked":["Dark Embrace+1","Impervious"],"picked":"Double Tap","floor":16.0},{"not_picked":["Headbutt","Pommel Strike"],"picked":"Cleave+1","floor":18.0},{"not_picked":["Shrug It Off+1","Anger"],"picked":"Twin Strike","floor":19}],"player_experience":205772,"relics_obtained":[{"floor":6.0,"key":"Frozen Egg 2"},{"floor":9.0,"key":"Darkstone Periapt"},{"floor":10.0,"key":"Dodecahedron"}],"event_choices":[{"damage_healed":0.0,"max_hp_gain":5.0,"max_hp_loss":0.0,"gold_gain":0.0,"event_name":"Big Fish","player_choice":"Donut","floor":2.0,"gold_loss":0.0,"damage_taken":0.0},{"damage_healed":0.0,"max_hp_gain":0.0,"max_hp_loss":0.0,"gold_gain":0.0,"event_name":"Shining Light","player_choice":"Entered Light","floor":3.0,"gold_loss":0.0,"damage_taken":17.0,"cards_upgraded":["Bash","Defend_R"]},{"damage_healed":0,"gold_gain":0,"player_choice":"Inject Mutagens","damage_taken":0,"relics_obtained":["MutagenicStrength"],"max_hp_gain":0,"max_hp_loss":0,"event_name":"Drug Dealer","floor":21,"gold_loss":0}],"is_beta":false,"boss_relics":[{"not_picked":["Philosopher\u0027s Stone","Snecko Eye"],"picked":"Empty Cage"}],"items_purged_floors":[],"is_endless":false,"potions_floor_spawned":[1,4,12,18],"killed_by":"Chosen and Byrds","ascension_level":5}