{"gold_per_floor":[13,88,101,117,117,143,143,177,261,261,320,320,175,189,189,289,289,302,319,332,287,304,304,304,318,318,331,430,430,457,488,488,587,587,603,619,630,630,304,321,321,33,33,48,65,65,65,80,80,80],"floor_reached":51,"playtime":2957,"items_purged":[],"score":729,"play_id":"d8186ea2-7adc-43f0-b35f-3b3c98fa8ff4","local_time":"20180821235210","is_ascension_mode":false,"campfire_choices":[{"floor":7.0,"key":"REST"},{"floor":10.0,"key":"REST"},{"data":"Carnage","floor":12.0,"key":"SMITH"},{"data":"Perfected Strike","floor":15.0,"key":"SMITH"},{"data":"Perfected Strike","floor":23.0,"key":"SMITH"},{"data":"Perfected Strike","floor":29.0,"key":"SMITH"},{"floor":32.0,"key":"REST"},{"data":"Apotheosis","floor":41.0,"key":"SMITH"},{"floor":46.0,"key":"REST"},{"floor":49.0,"key":"REST"}],"neow_cost":"NO_GOLD","seed_source_timestamp":225720817570966,"circlet_count":0,"master_deck":["Strike_R+1","Strike_R","Strike_R+1","Strike_R","Defend_R","Defend_R","Defend_R","Bash","Carnage+1","Flex","Thunderclap","Anger","Perfected Strike+1","Cleave","Perfected Strike+1","Double Tap","Perfected Strike+1","Pommel Strike","Clash","Clash","Flex","Shrug It Off+1","Perfected Strike","Demon Form","Apotheosis+1","Violence","Inflame","Decay","Perfected Strike","Metallicize+1"],"special_seed":0,"relics":["Burning Blood","Mango","Pantograph","Whetstone","Tiny Chest","Ornamental Fan","Lantern","Orrery","Singing Bowl","Oddly Smooth Stone","Red Mask","Cursed Key","Strawberry","Dodecahedron"],"potions_floor_usage":[50,50],"damage_taken":[{"damage":12.0,"enemies":"Small Slimes","floor":1.0,"turns":5.0},{"damage":3.0,"enemies":"2 Louse","floor":3.0,"turns":2.0},{"damage":1.0,"enemies":"Cultist","floor":4.0,"turns":3.0},{"damage":48.0,"enemies":"Lagavulin","floor":6.0,"turns":7.0},{"damage":21.0,"enemies":"3 Sentries","floor":8.0,"turns":6.0},{"damage":32.0,"enemies":"Lagavulin Event","floor":11.0,"turns":4.0},{"damage":3.0,"enemies":"Red Slaver","floor":14.0,"turns":2.0},{"damage":10.0,"enemies":"Slime Boss","floor":16.0,"turns":8.0},{"damage":0.0,"enemies":"Spheric Guardian","floor":18.0,"turns":2.0},{"damage":1.0,"enemies":"Chosen","floor":19.0,"turns":3.0},{"damage":25.0,"enemies":"Sentry and Sphere","floor":20.0,"turns":4.0},{"damage":12.0,"enemies":"3 Cultists","floor":22.0,"turns":4.0},{"damage":12.0,"enemies":"Centurion and Healer","floor":25.0,"turns":3.0},{"damage":0.0,"enemies":"Snecko","floor":27.0,"turns":2.0},{"damage":4.0,"enemies":"Gremlin Leader","floor":30.0,"turns":4.0},{"damage":9.0,"floor":31.0,"turns":3.0},{"damage":58.0,"enemies":"Collector","floor":33.0,"turns":5.0},{"damage":21.0,"enemies":"3 Darklings","floor":35.0,"turns":4.0},{"damage":21.0,"enemies":"Flame Bruiser 1 Orb","floor":36.0,"turns":3.0},{"damage":5.0,"enemies":"3 Darklings","floor":37.0,"turns":3.0},{"damage":13.0,"enemies":"Spire Growth","floor":40.0,"turns":4.0},{"damage":16.0,"enemies":"Maw","floor":44.0,"turns":6.0},{"damage":22.0,"enemies":"3 Darklings","floor":45.0,"turns":3.0},{"damage":8.0,"enemies":"Spire Growth","floor":48.0,"turns":3.0},{"damage":109,"enemies":"Time Eater","floor":50,"turns":10}],"seed_played":"5385659673114254382","potions_obtained":[{"floor":1.0,"key":"Swift Potion"},{"floor":8.0,"key":"BloodPotion"},{"floor":11.0,"key":"Poison Potion"},{"floor":18.0,"key":"AttackPotion"},{"floor":20.0,"key":"FearPotion"},{"floor":25.0,"key":"AttackPotion"},{"floor":33.0,"key":"EntropicBrew"},{"floor":40.0,"key":"EssenceOfSteel"},{"floor":48.0,"key":"BloodPotion"}],"is_trial":false,"path_per_floor":["M","?","M","M","?","E","R","E","T","R","?","R","$","M","R","B",null,"M","M","M","$","M","R","$","M","T","M","?","R","E","?","R","B",null,"M","M","M","?","$","M","R","$","T","M","M","R","$","M","R","B"],"character_chosen":"IRONCLAD","items_purchased":["Lantern","Flex","Apotheosis","Strawberry","Violence","Inflame"],"campfire_rested":5,"item_purchase_floors":[13,21,39,39,42,42],"current_hp_per_floor":[88,77,80,85,85,43,71,56,56,84,67,67,67,70,70,90,94,94,94,75,75,69,69,69,63,63,69,69,69,73,72,98,46,98,85,72,84,84,91,86,86,86,86,78,62,96,96,94,115,23],"gold":80,"neow_bonus":"ONE_RARE_RELIC","is_prod":false,"is_daily":false,"chose_seed":false,"campfire_upgraded":5,"win_rate":0,"timestamp":1534909930,"path_taken":["M","?","M","?","?","E","R","E","T","R","?","R","?","M","R","BOSS","M","M","M","$","M","R","?","M","T","M","?","R","E","?","R","BOSS","M","M","M","?","$","M","R","$","T","M","M","R","$","M","R","BOSS"],"build_version":"2018-08-16","purchased_purges":0,"victory":true,"max_hp_per_floor":[94,94,94,94,94,94,94,94,94,94,94,94,94,94,94,94,94,94,94,94,94,94,94,94,94,94,94,94,94,96,98,98,98,98,100,102,104,104,111,113,113,113,113,115,115,115,115,115,115,115],"card_choices":[{"not_picked":["Wild Strike","Armaments"],"picked":"Carnage","floor":1.0},{"not_picked":["Armaments","Infernal Blade"],"picked":"Flex","floor":3.0},{"not_picked":["Intimidate","Uppercut"],"picked":"Thunderclap","floor":4.0},{"not_picked":["Searing Blow","Sword Boomerang"],"picked":"Anger","floor":6.0},{"not_picked":["Blood for Blood","Havoc"],"picked":"Perfected Strike","floor":8.0},{"not_picked":["Sentinel","Armaments"],"picked":"Cleave","floor":11.0},{"not_picked":["Armaments","Feel No Pain"],"picked":"Perfected Strike","floor":14.0},{"not_picked":["Brutality","Impervious"],"picked":"Double Tap","floor":16.0},{"not_picked":["Shrug It Off","Blood for Blood"],"picked":"Perfected Strike","floor":17.0},{"not_picked":["Reckless Charge","Armaments"],"picked":"Pommel Strike","floor":17.0},{"not_picked":["Shrug It Off","Havoc"],"picked":"Clash","floor":18.0},{"not_picked":["Bloodletting","Sword Boomerang"],"picked":"Clash","floor":19.0},{"not_picked":["Wild Strike","Fire Breathing","Infernal Blade"],"picked":"SKIP","floor":20.0},{"not_picked":["Iron Wave","Power Through+1","Juggernaut"],"picked":"SKIP","floor":22.0},{"not_picked":["Wild Strike","Evolve+1"],"picked":"Shrug It Off+1","floor":25.0},{"not_picked":["Clash","Iron Wave"],"picked":"Perfected Strike","floor":27.0},{"not_picked":["Thunderclap","Barricade","Clothesline"],"picked":"Singing Bowl","floor":30.0},{"not_picked":["Shrug It Off","Armaments+1","Body Slam"],"picked":"Singing Bowl","floor":31.0},{"not_picked":["Barricade","Dark Embrace"],"picked":"Demon Form","floor":33.0},{"not_picked":["Headbutt+1","Entrench","Fire Breathing+1"],"picked":"Singing Bowl","floor":35.0},{"not_picked":["Ghostly Armor+1","Sword Boomerang+1","Whirlwind"],"picked":"Singing Bowl","floor":36.0},{"not_picked":["Anger","True Grit","Whirlwind+1"],"picked":"Singing Bowl","floor":37.0},{"not_picked":["Metallicize+1","Wild Strike+1","Flame Barrier+1"],"picked":"Singing Bowl","floor":40.0},{"not_picked":["Clothesline","Warcry+1","Feel No Pain"],"picked":"Singing Bowl","floor":44.0},{"not_picked":["Twin Strike+1","Ghostly Armor+1"],"picked":"Perfected Strike","floor":45.0},{"not_picked":["Intimidate","Body Slam"],"picked":"Metallicize+1","floor":48.0}],"player_experience":177419,"relics_obtained":[{"floor":6.0,"key":"Pantograph"},{"floor":8.0,"key":"Whetstone"},{"floor":9.0,"key":"Tiny Chest"},{"floor":26.0,"key":"Singing Bowl"},{"floor":30.0,"key":"Oddly Smooth Stone"},{"floor":31.0,"key":"Red Mask"},{"floor":43.0,"key":"Dodecahedron"}],"event_choices":[{"event_name":"World of Goop","player_choice":"Gather Gold","floor":2.0,"damage_taken":0.0},{"event_name":"Purifier","player_choice":"One Purge","floor":5.0,"damage_taken":0.0},{"event_name":"Dead Adventurer","player_choice":"Searched \u00272\u0027 times","floor":11.0,"damage_taken":0.0},{"event_name":"Nest","player_choice":"Stole From Cult","floor":28.0,"damage_taken":0.0},{"event_name":"Masked Bandits","player_choice":"Fought Bandits","floor":31.0,"damage_taken":0.0},{"event_name":"Falling","player_choice":"Removed Skill","floor":38.0,"damage_taken":0.0}],"is_beta":false,"boss_relics":[{"not_picked":["Eternal Feather","Empty Cage"],"picked":"Orrery"},{"not_picked":["Runic Pyramid","Pandora\u0027s Box"],"picked":"Cursed Key"}],"items_purged_floors":[],"is_endless":false,"potions_floor_spawned":[1,8,11,18,20,25,33,36,40,48],"ascension_level":0}