{"gold_per_floor":[118,118,138,138,161,174,174,187,187,187,200,200,243,264,264,388,388,402,415,57,77,77,77,93,93,93,107,120,120,120],"floor_reached":30,"playtime":2813,"items_purged":[],"score":248,"play_id":"488d6b1f-3188-4519-b362-0246b605ba50","local_time":"20190815154533","is_ascension_mode":true,"campfire_choices":[{"data":"Storm of Steel","floor":7,"key":"SMITH"},{"floor":10,"key":"REST"},{"floor":15,"key":"RECALL"},{"floor":23,"key":"REST"},{"floor":25,"key":"REST"}],"neow_cost":"NONE","seed_source_timestamp":9537038011700,"circlet_count":0,"master_deck":["Strike_G","Strike_G","Strike_G","Strike_G","Defend_G","Defend_G","Survivor","Neutralize","Deadly Poison","Storm of Steel+1","Dagger Spray","Backstab","Crippling Poison","Calculated Gamble","Terror","Outmaneuver","Burst","Night Terror","Dagger Throw+1","Underhanded Strike","Dodge and Roll+1","Leg Sweep","Deflect+1","Acrobatics"],"relics":["Ring of the Snake","Golden Idol","Bag of Preparation","Empty Cage","MealTicket","Vajra","Ancient Tea Set"],"potions_floor_usage":[21,24,30,30,30],"damage_taken":[{"damage":1,"enemies":"Cultist","floor":1,"turns":4},{"damage":7,"enemies":"Small Slimes","floor":3,"turns":3},{"damage":0,"enemies":"2 Louse","floor":5,"turns":3},{"damage":3,"enemies":"Lots of Slimes","floor":6,"turns":2},{"damage":4,"enemies":"Blue Slaver","floor":8,"turns":3},{"damage":0,"enemies":"3 Louse","floor":11,"turns":3},{"damage":21,"enemies":"Lagavulin","floor":13,"turns":5},{"damage":0,"enemies":"Exordium Wildlife","floor":14,"turns":3},{"damage":34,"enemies":"Slime Boss","floor":16,"turns":12},{"damage":26,"enemies":"Chosen","floor":18,"turns":5},{"damage":22,"enemies":"Spheric Guardian","floor":19,"turns":4},{"damage":28,"enemies":"Snake Plant","floor":21,"turns":3},{"damage":36,"enemies":"Shelled Parasite and Fungi","floor":24,"turns":6},{"damage":12,"enemies":"3 Cultists","floor":27,"turns":5},{"damage":5,"enemies":"Snecko","floor":28,"turns":8},{"damage":14,"enemies":"Colosseum Slavers","floor":30,"turns":5},{"damage":37,"enemies":"Colosseum Nobs","floor":30,"turns":4}],"seed_played":"-2539284746958174439","potions_obtained":[{"floor":5,"key":"Ancient Potion"},{"floor":8,"key":"PowerPotion"},{"floor":14,"key":"PowerPotion"},{"floor":19,"key":"EssenceOfSteel"},{"floor":21,"key":"Swift Potion"},{"floor":28,"key":"Weak Potion"}],"is_trial":false,"path_per_floor":["M","?","M","?","M","M","R","M","T","R","M","?","E","M","R","B",null,"M","M","$","M","$","R","M","R","T","M","M","?","?"],"character_chosen":"THE_SILENT","items_purchased":["MealTicket","Vajra"],"campfire_rested":3,"item_purchase_floors":[20,20],"current_hp_per_floor":[76,76,69,50,50,47,47,43,43,66,66,66,45,45,45,11,77,51,29,29,1,16,39,3,26,26,14,9,34,0],"gold":120,"neow_bonus":"TEN_PERCENT_HP_BONUS","is_prod":false,"is_daily":false,"chose_seed":false,"campfire_upgraded":1,"win_rate":0,"timestamp":1565876733,"path_taken":["M","?","?","?","M","M","R","M","T","R","M","?","E","M","R","BOSS","M","M","$","M","$","R","?","R","T","M","M","?","?"],"build_version":"2019-07-17","purchased_purges":0,"victory":false,"max_hp_per_floor":[77,77,77,77,77,77,77,77,77,77,77,77,77,77,77,77,77,77,77,77,77,77,77,77,77,77,77,77,77,77],"card_choices":[{"not_picked":["Prepared","Footwork"],"picked":"Deadly Poison","floor":1},{"not_picked":["PiercingWail","Slice"],"picked":"Dagger Spray","floor":3},{"not_picked":["Deadly Poison","Dagger Spray"],"picked":"Backstab","floor":5},{"not_picked":["Masterful Stab","Deflect"],"picked":"Crippling Poison","floor":6},{"not_picked":["Deflect","Sucker Punch"],"picked":"Calculated Gamble","floor":8},{"not_picked":["Acrobatics","Endless Agony"],"picked":"Terror","floor":11},{"not_picked":["Dodge and Roll","Endless Agony"],"picked":"Outmaneuver","floor":13},{"not_picked":["Riddle With Holes","PiercingWail"],"picked":"Burst","floor":14},{"not_picked":["Doppelganger","After Image"],"picked":"Night Terror","floor":16},{"not_picked":["Masterful Stab","Underhanded Strike"],"picked":"Dagger Throw+1","floor":18},{"not_picked":["PiercingWail","Distraction"],"picked":"Underhanded Strike","floor":19},{"not_picked":["Bane","Slice"],"picked":"Dodge and Roll+1","floor":21},{"not_picked":["Backstab","Endless Agony+1"],"picked":"Leg Sweep","floor":24},{"not_picked":["Skewer","Backstab"],"picked":"Deflect+1","floor":27},{"not_picked":["Skewer","All Out Attack"],"picked":"Acrobatics","floor":28}],"player_experience":83726,"relics_obtained":[{"floor":13,"key":"Bag of Preparation"},{"floor":26,"key":"Ancient Tea Set"}],"event_choices":[{"damage_healed":0,"gold_gain":0,"cards_transformed":["Defend_G"],"player_choice":"Transformed","damage_taken":0,"max_hp_gain":0,"max_hp_loss":0,"event_name":"Transmorgrifier","floor":2,"gold_loss":0,"cards_obtained":["Storm of Steel"]},{"damage_healed":0,"gold_gain":0,"player_choice":"Take Damage","damage_taken":19,"relics_obtained":["Golden Idol"],"max_hp_gain":0,"max_hp_loss":0,"event_name":"Golden Idol","floor":4,"gold_loss":0},{"cards_removed":["Defend_G"],"damage_healed":0,"gold_gain":0,"player_choice":"Purged","damage_taken":0,"max_hp_gain":0,"max_hp_loss":0,"event_name":"Purifier","floor":12,"gold_loss":0},{"damage_healed":25,"gold_gain":0,"player_choice":"Heal","damage_taken":0,"max_hp_gain":0,"max_hp_loss":0,"event_name":"The Library","floor":29,"gold_loss":0},{"damage_healed":0,"gold_gain":0,"player_choice":"Fight","damage_taken":0,"max_hp_gain":0,"max_hp_loss":0,"event_name":"Colosseum","floor":30,"gold_loss":0},{"damage_healed":0,"gold_gain":0,"player_choice":"Fought Nobs","damage_taken":0,"max_hp_gain":0,"max_hp_loss":0,"event_name":"Colosseum","floor":30,"gold_loss":0}],"is_beta":false,"boss_relics":[{"not_picked":["White Beast Statue","Ring of the Serpent"],"picked":"Empty Cage"}],"items_purged_floors":[],"is_endless":false,"potions_floor_spawned":[5,8,14,16,18,19,21,28],"killed_by":"Colosseum Nobs","ascension_level":1}