{"gold_per_floor":[117,292,302,402,413,439,439,473,525,537,571,38,50,50,50,154,154,170,170,187,220,237,262,187,216,216,228,259,105,116,215,215,320,320,331,26,126,126,126,126,126,348,371,105,115,145,145,158,158,158],"floor_reached":51,"playtime":4129,"items_purged":["Doubt"],"score":801,"play_id":"6c259ebb-106a-47bd-9329-1aea4bddacc1","local_time":"20190423173041","is_ascension_mode":false,"campfire_choices":[{"floor":7.0,"key":"REST"},{"floor":15.0,"key":"REST"},{"floor":32.0,"key":"REST"},{"data":"Glass Knife","floor":40.0,"key":"SMITH"},{"floor":47.0,"key":"REST"},{"floor":49.0,"key":"REST"}],"neow_cost":"NONE","seed_source_timestamp":8779247254969139,"circlet_count":0,"master_deck":["Defend_G","Defend_G","Defend_G","Defend_G","Defend_G+1","Strike_G","Strike_G","Strike_G","Survivor+1","Neutralize","Deadly Poison","Dagger Spray","Backstab","Footwork","Bouncing Flask","Bouncing Flask","Bane","Bandage Up","Die Die Die","Quick Slash","Adrenaline","Footwork+1","Crippling Poison","Setup","Outmaneuver+1","Quick Slash+1","Poisoned Stab","Sucker Punch+1","Burst","Backstab","Malaise","Skewer","Dodge and Roll","Backstab","Flechettes","Dagger Spray","Glass Knife+1","Noxious Fumes","Acrobatics+1","Bandage Up","Backflip","Poisoned Stab+1","Poisoned Stab","Poisoned Stab"],"special_seed":0,"relics":["Ring of the Snake","NeowsBlessing","Ornamental Fan","War Paint","Art of War","Oddly Smooth Stone","Strawberry","Velvet Choker","MutagenicStrength","Red Mask","Lantern","Potion Belt","Paper Crane","Blue Candle","Orrery","Sling","Ginger","Orichalcum","Anchor","Peace Pipe"],"potions_floor_usage":[50,50,50],"damage_taken":[{"damage":0.0,"enemies":"2 Louse","floor":1.0,"turns":1.0},{"damage":0.0,"enemies":"Small Slimes","floor":3.0,"turns":1.0},{"damage":0.0,"enemies":"Cultist","floor":5.0,"turns":1.0},{"damage":42.0,"enemies":"Lagavulin","floor":6.0,"turns":8.0},{"damage":4.0,"enemies":"3 Sentries","floor":8.0,"turns":6.0},{"damage":12.0,"enemies":"Blue Slaver","floor":10.0,"turns":3.0},{"damage":8.0,"enemies":"Gremlin Nob","floor":11.0,"turns":4.0},{"damage":1.0,"enemies":"Red Slaver","floor":13.0,"turns":2.0},{"damage":49.0,"enemies":"The Guardian","floor":16.0,"turns":8.0},{"damage":10.0,"enemies":"Spheric Guardian","floor":18.0,"turns":4.0},{"damage":9.0,"enemies":"Shell Parasite","floor":20.0,"turns":4.0},{"damage":5.0,"enemies":"Masked Bandits","floor":21.0,"turns":3.0},{"damage":10.0,"enemies":"3 Cultists","floor":22.0,"turns":6.0},{"damage":1.0,"enemies":"Gremlin Leader","floor":23.0,"turns":5.0},{"damage":17.0,"enemies":"Slavers","floor":25.0,"turns":4.0},{"damage":0.0,"enemies":"Centurion and Healer","floor":27.0,"turns":7.0},{"damage":0.0,"enemies":"Book of Stabbing","floor":28.0,"turns":6.0},{"damage":18.0,"enemies":"Shelled Parasite and Fungi","floor":30.0,"turns":6.0},{"damage":52.0,"enemies":"Automaton","floor":33.0,"turns":10.0},{"damage":5.0,"enemies":"Orb Walker","floor":35.0,"turns":2.0},{"damage":0.0,"enemies":"Mind Bloom Boss Battle","floor":37.0,"turns":5.0},{"damage":9.0,"enemies":"3 Darklings","floor":45.0,"turns":7.0},{"damage":36.0,"enemies":"Nemesis","floor":46.0,"turns":7.0},{"damage":14.0,"enemies":"Jaw Worm Horde","floor":48.0,"turns":6.0},{"damage":60,"enemies":"Donu and Deca","floor":50,"turns":12}],"seed_played":"4373259007969932655","potions_obtained":[{"floor":3.0,"key":"Fire Potion"},{"floor":5.0,"key":"SkillPotion"},{"floor":6.0,"key":"Swift Potion"},{"floor":13.0,"key":"SpeedPotion"},{"floor":14.0,"key":"Fruit Juice"},{"floor":14.0,"key":"EntropicBrew"},{"floor":16.0,"key":"Block Potion"},{"floor":28.0,"key":"SpeedPotion"},{"floor":30.0,"key":"Strength Potion"},{"floor":33.0,"key":"FearPotion"},{"floor":35.0,"key":"Poison Potion"},{"floor":37.0,"key":"AttackPotion"}],"is_trial":false,"path_per_floor":["M","?","M","?","M","E","R","E","T","M","E","$","M","?","R","B",null,"M","?","M","?","M","E","?","E","T","M","E","$","M","?","R","B",null,"M","$","?","?","?","R","?","?","T","$","M","E","R","M","R","B",null],"character_chosen":"THE_SILENT","items_purchased":["Bandage Up","Die Die Die","Strawberry","Block Potion","Burst","Noxious Fumes","Sling","EssenceOfSteel","Anchor","Bandage Up","Backflip"],"campfire_rested":5,"item_purchase_floors":[12,12,12,12,29,36,36,36,44,44,44],"current_hp_per_floor":[70,70,70,70,70,28,49,45,45,33,25,32,35,35,58,18,82,72,72,67,66,60,63,63,46,46,50,54,54,40,40,64,16,82,77,77,77,77,77,77,77,77,77,77,74,42,65,55,78,26],"gold":158,"neow_bonus":"THREE_ENEMY_KILL","is_prod":false,"is_daily":false,"chose_seed":false,"campfire_upgraded":1,"win_rate":0,"timestamp":1556055041,"path_taken":["M","?","M","?","M","E","R","E","T","M","E","$","?","?","R","BOSS","M","?","M","?","M","E","?","E","T","M","E","$","M","?","R","BOSS","M","$","?","?","?","R","?","?","T","$","?","E","R","M","R","BOSS"],"build_version":"2019-01-23","purchased_purges":1,"victory":true,"max_hp_per_floor":[70,70,70,70,70,70,70,70,70,70,70,77,77,77,77,82,82,82,82,82,82,82,82,82,82,82,82,82,82,82,82,82,82,82,82,82,82,82,78,78,78,78,78,78,78,78,78,78,78,78],"card_choices":[{"not_picked":["Underhanded Strike","Flying Knee"],"picked":"Deadly Poison","floor":1.0},{"not_picked":["Escape Plan","Dodge and Roll"],"picked":"Dagger Spray","floor":3.0},{"not_picked":["Deflect","Flechettes"],"picked":"Backstab","floor":5.0},{"not_picked":["Terror","Well Laid Plans"],"picked":"Footwork","floor":6.0},{"not_picked":["Tactician","Leg Sweep"],"picked":"Bouncing Flask","floor":8.0},{"not_picked":["Cloak And Dagger","Slice"],"picked":"Bouncing Flask","floor":10.0},{"not_picked":["PiercingWail","Storm of Steel"],"picked":"Bane","floor":11.0},{"not_picked":["Blade Dance","Caltrops"],"picked":"Quick Slash","floor":13.0},{"not_picked":["Die Die Die","Venomology"],"picked":"Adrenaline","floor":16.0},{"not_picked":["Outmaneuver","Calculated Gamble"],"picked":"Footwork+1","floor":18.0},{"not_picked":["Setup","Underhanded Strike"],"picked":"Crippling Poison","floor":20.0},{"not_picked":["Skewer","Heel Hook"],"picked":"Setup","floor":21.0},{"not_picked":["Dagger Spray","Flechettes"],"picked":"Outmaneuver+1","floor":22.0},{"not_picked":["Prepared","Sucker Punch"],"picked":"Quick Slash+1","floor":23.0},{"not_picked":["Finisher","Quick Slash","Cloak And Dagger"],"picked":"SKIP","floor":25.0},{"not_picked":["Sucker Punch+1","Dodge and Roll"],"picked":"Poisoned Stab","floor":27.0},{"not_picked":["Infinite Blades+1","Dodge and Roll"],"picked":"Sucker Punch+1","floor":28.0},{"not_picked":["Acrobatics","Riddle With Holes"],"picked":"Backstab","floor":30.0},{"not_picked":["After Image","Die Die Die"],"picked":"Malaise","floor":33.0},{"not_picked":["Eviscerate","Dagger Throw"],"picked":"Skewer","floor":34.0},{"not_picked":["Setup","Deflect"],"picked":"Dodge and Roll","floor":34.0},{"not_picked":["Slice","Dagger Throw"],"picked":"Backstab","floor":34.0},{"not_picked":["Deflect","Expertise"],"picked":"Flechettes","floor":34.0},{"not_picked":["Deflect","Cloak And Dagger"],"picked":"Dagger Spray","floor":34.0},{"not_picked":["Slice","Prepared+1"],"picked":"Glass Knife","floor":35.0},{"not_picked":["Caltrops+1","Concentrate+1"],"picked":"Acrobatics+1","floor":37.0},{"not_picked":["Deadly Poison+1","Underhanded Strike"],"picked":"Poisoned Stab+1","floor":45.0},{"not_picked":["Tools of the Trade","PiercingWail"],"picked":"Poisoned Stab","floor":46.0},{"not_picked":["Cloak And Dagger","Flying Knee"],"picked":"Poisoned Stab","floor":48.0}],"player_experience":219372,"relics_obtained":[{"floor":6.0,"key":"Ornamental Fan"},{"floor":8.0,"key":"War Paint"},{"floor":9.0,"key":"Art of War"},{"floor":11.0,"key":"Oddly Smooth Stone"},{"floor":21.0,"key":"Red Mask"},{"floor":23.0,"key":"Lantern"},{"floor":25.0,"key":"Potion Belt"},{"floor":26.0,"key":"Paper Crane"},{"floor":28.0,"key":"Blue Candle"},{"floor":37.0,"key":"Ginger"},{"floor":43.0,"key":"Orichalcum"},{"floor":46.0,"key":"Peace Pipe"}],"event_choices":[{"damage_healed":0.0,"max_hp_gain":0.0,"max_hp_loss":0.0,"gold_gain":175.0,"event_name":"Liars Game","player_choice":"AGREE","floor":2.0,"gold_loss":0.0,"damage_taken":0.0,"cards_obtained":["Doubt"]},{"damage_healed":0.0,"max_hp_gain":0.0,"max_hp_loss":0.0,"gold_gain":100.0,"event_name":"Golden Shrine","player_choice":"Pray","floor":4.0,"gold_loss":0.0,"damage_taken":0.0},{"damage_healed":0.0,"max_hp_gain":0.0,"max_hp_loss":0.0,"gold_gain":0.0,"event_name":"Lab","player_choice":"Got Potions","floor":14.0,"gold_loss":0.0,"damage_taken":0.0},{"damage_healed":0.0,"max_hp_gain":0.0,"max_hp_loss":0.0,"gold_gain":0.0,"event_name":"Drug Dealer","player_choice":"Inject Mutagens","floor":19.0,"gold_loss":0.0,"damage_taken":0.0,"relics_obtained":["MutagenicStrength"]},{"damage_healed":0.0,"max_hp_gain":0.0,"max_hp_loss":0.0,"gold_gain":0.0,"event_name":"Masked Bandits","player_choice":"Fought Bandits","floor":21.0,"gold_loss":0.0,"damage_taken":0.0},{"cards_removed":["Strike_G"],"damage_healed":0.0,"max_hp_gain":0.0,"max_hp_loss":0.0,"gold_gain":0.0,"event_name":"Beggar","player_choice":"Gave Gold","floor":24.0,"gold_loss":75.0,"damage_taken":0.0},{"damage_healed":0.0,"max_hp_gain":0.0,"max_hp_loss":0.0,"gold_gain":99.0,"event_name":"Nest","player_choice":"Stole From Cult","floor":31.0,"gold_loss":0.0,"damage_taken":0.0},{"damage_healed":0.0,"max_hp_gain":0.0,"max_hp_loss":0.0,"gold_gain":0.0,"event_name":"MindBloom","player_choice":"Fight","floor":37.0,"gold_loss":0.0,"damage_taken":0.0},{"cards_removed":["Strike_G"],"damage_healed":0.0,"max_hp_gain":0.0,"max_hp_loss":0.0,"gold_gain":0.0,"event_name":"Falling","player_choice":"Removed Attack","floor":38.0,"gold_loss":0.0,"damage_taken":0.0},{"damage_healed":0.0,"max_hp_gain":0.0,"max_hp_loss":4.0,"gold_gain":0.0,"event_name":"Winding Halls","player_choice":"Max HP","floor":39.0,"gold_loss":0.0,"damage_taken":0.0},{"damage_healed":0.0,"max_hp_gain":0.0,"max_hp_loss":0.0,"gold_gain":0.0,"event_name":"SensoryStone","player_choice":"Memory 1","floor":41.0,"gold_loss":0.0,"damage_taken":0.0},{"damage_healed":0.0,"max_hp_gain":0.0,"max_hp_loss":0.0,"gold_gain":222.0,"event_name":"Tomb of Lord Red Mask","player_choice":"Wore Mask","floor":42.0,"gold_loss":0.0,"damage_taken":0.0}],"is_beta":false,"boss_relics":[{"not_picked":["Calling Bell","Busted Crown"],"picked":"Velvet Choker"},{"not_picked":["Black Star","Sozu"],"picked":"Orrery"}],"items_purged_floors":[12],"is_endless":false,"potions_floor_spawned":[3,5,6,13,16,20,22,28,30,33,35,37],"ascension_level":0}