{"gold_per_floor":[414,24,24,24,39,67,67,67,90,90,113,93,93,111,111,231,231,255,280,280,293,308,308,308,308,308,331,356,430,430,455,455,455],"floor_reached":33,"playtime":1343,"items_purged":["Normality"],"score":247,"play_id":"d66b2ee4-7257-4c29-aa27-183d0392cd1c","local_time":"20190804182548","is_ascension_mode":false,"campfire_choices":[{"floor":8.0,"key":"REST"},{"floor":10.0,"key":"REST"},{"data":"Footwork","floor":13.0,"key":"SMITH"},{"data":"Riddle With Holes","floor":15.0,"key":"SMITH"},{"floor":23.0,"key":"REST"},{"floor":24.0,"key":"REST"},{"floor":25.0,"key":"RECALL"},{"floor":30.0,"key":"REST"},{"floor":32.0,"key":"REST"}],"neow_cost":"CURSE","seed_source_timestamp":4474830717242598,"circlet_count":0,"master_deck":["Strike_G","Strike_G","Strike_G","Strike_G","Strike_G","Defend_G","Defend_G","Defend_G","Defend_G","Defend_G","Survivor","Neutralize","Blur","Footwork+1","Riddle With Holes+1","Good Instincts","Slice","Escape Plan","Caltrops","Catalyst+1","Corpse Explosion","Bouncing Flask","Backflip+1","Deflect","Deadly Poison","Adrenaline","Flying Knee+1"],"special_seed":0,"relics":["Ring of the Snake","Old Coin","TheAbacus","WingedGreaves","Strawberry","Golden Idol","Philosopher\u0027s Stone","Question Card","Bottled Flame"],"potions_floor_usage":[33],"damage_taken":[{"damage":2.0,"enemies":"2 Louse","floor":1.0,"turns":4.0},{"damage":0.0,"enemies":"Jaw Worm","floor":5.0,"turns":6.0},{"damage":38.0,"enemies":"Gremlin Nob","floor":6.0,"turns":6.0},{"damage":0.0,"enemies":"Cultist","floor":11.0,"turns":4.0},{"damage":16.0,"enemies":"Large Slime","floor":14.0,"turns":7.0},{"damage":28.0,"enemies":"Slime Boss","floor":16.0,"turns":12.0},{"damage":17.0,"enemies":"Spheric Guardian","floor":18.0,"turns":6.0},{"damage":0.0,"enemies":"3 Byrds","floor":19.0,"turns":2.0},{"damage":16.0,"enemies":"Centurion and Healer","floor":21.0,"turns":6.0},{"damage":21.0,"enemies":"Shelled Parasite and Fungi","floor":22.0,"turns":4.0},{"damage":5.0,"enemies":"Snecko","floor":27.0,"turns":5.0},{"damage":16.0,"enemies":"Chosen and Byrds","floor":28.0,"turns":7.0},{"damage":17.0,"enemies":"Cultist and Chosen","floor":31.0,"turns":6.0},{"damage":67,"enemies":"Automaton","floor":33,"turns":10}],"seed_played":"-4270412161152899553","potions_obtained":[{"floor":5.0,"key":"SkillPotion"},{"floor":11.0,"key":"Energy Potion"},{"floor":12.0,"key":"Dexterity Potion"},{"floor":18.0,"key":"GamblersBrew"},{"floor":19.0,"key":"SneckoOil"},{"floor":21.0,"key":"GamblersBrew"},{"floor":31.0,"key":"Block Potion"}],"is_trial":false,"path_per_floor":["M","$","?","?","M","E","?","R","T","R","M","?","R","M","R","B",null,"M","M","?","M","M","R","R","R","T","M","M","T","R","M","R","B"],"character_chosen":"THE_SILENT","items_purchased":["Footwork","TheAbacus","Riddle With Holes"],"campfire_rested":6,"item_purchase_floors":[2,2,2],"current_hp_per_floor":[68,68,43,43,43,12,12,33,33,54,54,54,54,38,38,10,71,54,54,54,38,17,38,59,59,59,54,38,38,59,42,63,0],"gold":455,"neow_bonus":"ONE_RARE_RELIC","is_prod":false,"is_daily":false,"chose_seed":false,"campfire_upgraded":2,"win_rate":0,"timestamp":1564957548,"path_taken":["M","$","?","?","?","E","?","R","T","R","M","?","R","M","R","BOSS","M","?","?","M","M","R","R","R","T","M","?","?","R","M","R","BOSS"],"build_version":"2019-07-17","purchased_purges":1,"victory":false,"max_hp_per_floor":[70,70,70,70,70,77,71,71,71,71,71,71,71,71,71,71,71,71,71,71,71,71,71,71,71,71,71,71,71,71,71,71,71],"card_choices":[{"not_picked":["Finisher","Bane"],"picked":"Blur","floor":1.0},{"not_picked":["Blade Dance","Cloak And Dagger"],"picked":"Slice","floor":5.0},{"not_picked":["Bullet Time","Grand Finale"],"picked":"Escape Plan","floor":6.0},{"not_picked":["Quick Slash","Flying Knee"],"picked":"Caltrops","floor":11.0},{"not_picked":["Underhanded Strike","Flechettes"],"picked":"Catalyst","floor":14.0},{"not_picked":["A Thousand Cuts","Die Die Die"],"picked":"Corpse Explosion","floor":16.0},{"not_picked":["Outmaneuver","Calculated Gamble"],"picked":"Bouncing Flask","floor":18.0},{"not_picked":["Cloak And Dagger+1","Acrobatics","Endless Agony+1"],"picked":"SKIP","floor":19.0},{"not_picked":["Sucker Punch+1","Riddle With Holes"],"picked":"Backflip+1","floor":21.0},{"not_picked":["Tactician","Dagger Throw"],"picked":"Deflect","floor":22.0},{"not_picked":["Endless Agony+1","Dodge and Roll","Underhanded Strike"],"picked":"Deadly Poison","floor":27.0},{"not_picked":["Blade Dance","Outmaneuver","Deflect"],"picked":"Adrenaline","floor":28.0},{"not_picked":["Cloak And Dagger","Dagger Spray","Endless Agony"],"picked":"Flying Knee+1","floor":31.0}],"player_experience":515177,"relics_obtained":[{"floor":6.0,"key":"Strawberry"},{"floor":26.0,"key":"Question Card"},{"floor":29.0,"key":"Bottled Flame"}],"event_choices":[{"damage_healed":0.0,"max_hp_gain":0.0,"max_hp_loss":0.0,"gold_gain":0.0,"event_name":"Scrap Ooze","player_choice":"Success","floor":3.0,"gold_loss":0.0,"damage_taken":25.0,"relics_obtained":["WingedGreaves"]},{"damage_healed":0.0,"max_hp_gain":0.0,"max_hp_loss":0.0,"gold_gain":0.0,"event_name":"Match and Keep!","player_choice":"1 cards matched","floor":4.0,"gold_loss":0.0,"damage_taken":0.0,"cards_obtained":["Good Instincts"]},{"damage_healed":0.0,"max_hp_gain":0.0,"max_hp_loss":6.0,"gold_gain":0.0,"event_name":"Golden Idol","player_choice":"Lose Max HP","floor":7.0,"gold_loss":0.0,"damage_taken":0.0,"relics_obtained":["Golden Idol"]},{"damage_healed":0.0,"max_hp_gain":0.0,"max_hp_loss":0.0,"gold_gain":0.0,"event_name":"The Woman in Blue","player_choice":"Bought 1 Potion","floor":12.0,"gold_loss":0.0,"damage_taken":0.0},{"damage_healed":0.0,"max_hp_gain":0.0,"max_hp_loss":0.0,"gold_gain":0.0,"event_name":"Accursed Blacksmith","player_choice":"Forge","floor":20.0,"gold_loss":0.0,"damage_taken":0.0,"cards_upgraded":["Catalyst"]}],"is_beta":false,"boss_relics":[{"not_picked":["Coffee Dripper","WristBlade"],"picked":"Philosopher\u0027s Stone"}],"items_purged_floors":[2],"is_endless":false,"potions_floor_spawned":[5,11,18,19,21,31],"killed_by":"Automaton","ascension_level":0}