{"gold_per_floor":[117,195,143,143,143,143,171,186,186,212,229,239,239,239,239,239],"floor_reached":16,"playtime":626,"items_purged":[],"score":266,"play_id":"f13fbbf9-8106-4fd9-8734-038464e4b7c2","local_time":"20190910224902","is_ascension_mode":true,"campfire_choices":[{"floor":6,"key":"REST"},{"data":"True Grit","floor":13,"key":"SMITH"},{"data":"Anger","floor":15,"key":"SMITH"}],"neow_cost":"NONE","seed_source_timestamp":136938366683092,"circlet_count":0,"master_deck":["AscendersBane","Strike_R","Strike_R","Strike_R","Strike_R","Strike_R+1","Defend_R","Defend_R","Defend_R+1","Defend_R","Bash","Anger+1","Clothesline","Disarm","True Grit+1"],"relics":["Burning Blood","NeowsBlessing","Pear","Frozen Egg 2","Matryoshka","Champion Belt","Regal Pillow","Gremlin Horn"],"potions_floor_usage":[10],"damage_taken":[{"damage":0,"enemies":"Cultist","floor":1,"turns":1},{"damage":0,"enemies":"Gremlin Nob","floor":7,"turns":1},{"damage":0,"enemies":"Jaw Worm","floor":8,"turns":1},{"damage":12,"enemies":"Lagavulin","floor":10,"turns":7},{"damage":2,"enemies":"2 Louse","floor":11,"turns":2},{"damage":8,"enemies":"Looter","floor":12,"turns":2},{"damage":86,"enemies":"Hexaghost","floor":16,"turns":13}],"seed_played":"8610900755172479426","potions_obtained":[{"floor":8,"key":"FearPotion"}],"is_trial":false,"path_per_floor":["M","T","$","?","?","R","E","M","T","E","M","M","R","T","R","B"],"character_chosen":"IRONCLAD","items_purchased":["Anger"],"campfire_rested":1,"item_purchase_floors":[3],"current_hp_per_floor":[74,84,84,89,62,89,90,90,90,84,88,86,86,86,86,0],"gold":239,"neow_bonus":"THREE_ENEMY_KILL","is_prod":false,"is_daily":false,"chose_seed":false,"campfire_upgraded":2,"win_rate":0,"timestamp":1568148542,"path_taken":["M","?","?","?","?","R","E","M","T","E","M","M","R","?","R","BOSS"],"build_version":"2019-07-17","purchased_purges":0,"victory":false,"max_hp_per_floor":[75,85,85,90,90,90,90,90,90,90,90,90,90,90,90,90],"card_choices":[{"not_picked":["Twin Strike","Blood for Blood","Heavy Blade"],"picked":"SKIP","floor":1},{"not_picked":["Body Slam","Perfected Strike","Flex"],"picked":"SKIP","floor":7},{"not_picked":["Heavy Blade","Fiend Fire"],"picked":"Clothesline","floor":8},{"not_picked":["Anger","True Grit"],"picked":"Disarm","floor":10},{"not_picked":["Thunderclap","Blood for Blood"],"picked":"True Grit","floor":11},{"not_picked":["Twin Strike","Clash","Infernal Blade"],"picked":"SKIP","floor":12}],"player_experience":810625,"relics_obtained":[{"floor":2,"key":"Pear"},{"floor":7,"key":"Frozen Egg 2"},{"floor":9,"key":"Matryoshka"},{"floor":10,"key":"Champion Belt"},{"floor":14,"key":"Regal Pillow"},{"floor":14,"key":"Gremlin Horn"}],"event_choices":[{"damage_healed":0,"gold_gain":0,"player_choice":"Donut","damage_taken":0,"max_hp_gain":5,"max_hp_loss":0,"event_name":"Big Fish","floor":4,"gold_loss":0},{"damage_healed":0,"gold_gain":0,"player_choice":"Entered Light","damage_taken":27,"max_hp_gain":0,"max_hp_loss":0,"event_name":"Shining Light","floor":5,"gold_loss":0,"cards_upgraded":["Strike_R","Defend_R"]}],"is_beta":false,"boss_relics":[],"items_purged_floors":[],"is_endless":false,"potions_floor_spawned":[8],"killed_by":"Hexaghost","ascension_level":20}