{"gold_per_floor":[119,119,136,146,162,162,172,172,196,213,226,226,226,244,244,346,346,359,372,55,55,75,75,100,100,100,118,129,129,54,54],"floor_reached":31,"playtime":2061,"items_purged":["Strike_G"],"score":251,"play_id":"d3e8f000-1769-4ef4-942d-2a199820772c","local_time":"20180728183158","is_ascension_mode":false,"campfire_choices":[{"data":"Dagger Spray","floor":6,"key":"SMITH"},{"data":"Poisoned Stab","floor":8,"key":"SMITH"},{"data":"Skewer","floor":13,"key":"SMITH"},{"data":"Flying Knee","floor":15,"key":"SMITH"},{"data":"Glass Knife","floor":23,"key":"SMITH"},{"floor":25,"key":"REST"},{"floor":29,"key":"REST"}],"neow_cost":"NONE","seed_source_timestamp":256073892613488,"circlet_count":0,"master_deck":["Defend_G","Defend_G","Defend_G","Defend_G","Defend_G","Strike_G","Strike_G","Strike_G","Survivor+1","Neutralize","Deadly Poison","Dagger Spray+1","Prepared","Infinite Blades","Poisoned Stab+1","Infinite Blades","Skewer+1","Flying Knee+1","Corpse Explosion","Cloak And Dagger","Cloak And Dagger","Bandage Up","Glass Knife+1","Footwork","Slice+1","Glass Knife","Dagger Spray","Slice+1"],"relics":["Ring of the Snake","Bag of Marbles","Oddly Smooth Stone","WristBlade","Blood Vial","Du-Vu Doll"],"potions_floor_usage":[16,16,16,24,27],"damage_taken":[{"damage":0,"enemies":"Small Slimes","floor":1,"turns":6},{"damage":0,"enemies":"2 Louse","floor":3,"turns":3},{"damage":0,"enemies":"Jaw Worm","floor":4,"turns":3},{"damage":2,"enemies":"Exordium Wildlife","floor":5,"turns":4},{"damage":0,"enemies":"Looter","floor":7,"turns":3},{"damage":1,"enemies":"Exordium Thugs","floor":10,"turns":3},{"damage":0,"enemies":"Blue Slaver","floor":11,"turns":3},{"damage":8,"enemies":"Red Slaver","floor":14,"turns":3},{"damage":10,"enemies":"Slime Boss","floor":16,"turns":7},{"damage":13,"enemies":"Shell Parasite","floor":18,"turns":5},{"damage":3,"enemies":"3 Byrds","floor":19,"turns":2},{"damage":10,"enemies":"Cultist and Chosen","floor":22,"turns":3},{"damage":23,"enemies":"Book of Stabbing","floor":24,"turns":5},{"damage":21,"enemies":"Snake Plant","floor":27,"turns":3},{"damage":36,"enemies":"Slaver and Parasite","floor":28,"turns":4},{"damage":39,"enemies":"Gremlin Leader","floor":31,"turns":6}],"seed_played":"-5790742806114238301","potions_obtained":[{"floor":1,"key":"Poison Potion"},{"floor":3,"key":"PowerPotion"},{"floor":4,"key":"PowerPotion"},{"floor":14,"key":"Strength Potion"},{"floor":18,"key":"Explosive Potion"},{"floor":22,"key":"Poison Potion"}],"is_trial":false,"path_per_floor":["M","?","M","M","M","R","M","R","T","M","M","?","R","M","R","B",null,"M","M","$","?","M","R","E","R","T","M","M","R","?"],"character_chosen":"THE_SILENT","items_purchased":["Bandage Up","Glass Knife","Footwork"],"campfire_rested":2,"item_purchase_floors":[20,20,20],"current_hp_per_floor":[70,63,63,63,61,61,61,61,61,60,60,65,65,57,57,47,75,62,59,59,59,53,53,34,56,56,37,7,29,29,0],"gold":54,"neow_bonus":"UPGRADE_CARD","is_prod":false,"is_daily":false,"chose_seed":false,"campfire_upgraded":5,"win_rate":0.0,"timestamp":1532817118,"path_taken":["M","?","M","M","M","R","M","R","T","M","M","?","R","M","R","BOSS","M","M","$","?","?","R","E","R","T","M","M","R","?","E"],"build_version":"2018-07-26","purchased_purges":1,"victory":false,"max_hp_per_floor":[70,70,70,70,70,70,70,70,70,70,70,75,75,75,75,75,75,75,75,75,75,75,75,75,75,75,75,75,75,75,75],"card_choices":[{"not_picked":["Terror","Outmaneuver"],"picked":"Deadly Poison","floor":1},{"not_picked":["Riddle With Holes","Poisoned Stab"],"picked":"Dagger Spray","floor":3},{"not_picked":["Quick Slash","Dash"],"picked":"Prepared","floor":4},{"not_picked":["Eviscerate","Dodge and Roll"],"picked":"Infinite Blades","floor":5},{"not_picked":["Deadly Poison","Underhanded Strike"],"picked":"Poisoned Stab","floor":7},{"not_picked":["Deadly Poison","Prepared"],"picked":"Infinite Blades","floor":10},{"not_picked":["Dash","Flechettes"],"picked":"Skewer","floor":11},{"not_picked":["Noxious Fumes","Doppelganger"],"picked":"Flying Knee","floor":14},{"not_picked":["A Thousand Cuts","Unload"],"picked":"Corpse Explosion","floor":16},{"not_picked":["Riddle With Holes","Crippling Poison"],"picked":"Cloak And Dagger","floor":18},{"not_picked":["Deadly Poison","Distraction+1"],"picked":"Cloak And Dagger","floor":19},{"not_picked":["Bane","Cloak And Dagger"],"picked":"Slice+1","floor":22},{"not_picked":["Dagger Throw","Slice"],"picked":"Glass Knife","floor":24},{"not_picked":["Outmaneuver+1","Heel Hook+1"],"picked":"Dagger Spray","floor":27},{"not_picked":["Predator","Acrobatics"],"picked":"Slice+1","floor":28}],"player_experience":54796,"relics_obtained":[{"floor":9,"key":"Oddly Smooth Stone"},{"floor":24,"key":"Blood Vial"},{"floor":26,"key":"Du-Vu Doll"}],"event_choices":[{"event_name":"Scrap Ooze","player_choice":"success","floor":2,"damage_taken":7},{"event_name":"Big Fish","player_choice":"Donut","floor":12,"damage_taken":0},{"event_name":"N\u0027loth","player_choice":"Ignored","floor":21,"damage_taken":0},{"event_name":"Beggar","player_choice":"Gave Gold","floor":30,"damage_taken":0}],"is_beta":false,"boss_relics":[{"not_picked":["Velvet Choker","Orrery"],"picked":"WristBlade"}],"items_purged_floors":[20],"is_endless":false,"potions_floor_spawned":[1,3,4,14,18,22],"killed_by":"Gremlin Leader","ascension_level":0}