{"gold_per_floor":[109,126,7,7,21,55,55,68,92,5,18,118,118,136,136,238,288,308,318,318,318,331,331],"floor_reached":23,"playtime":2368,"items_purged":[],"score":218,"play_id":"01bf9b58-d6ff-4976-97bd-2953cd1fc122","local_time":"20190812152542","is_ascension_mode":false,"campfire_choices":[{"data":"Shrug It Off","floor":7,"key":"SMITH"},{"data":"Reaper","floor":13,"key":"SMITH"},{"data":"Anger","floor":15,"key":"SMITH"}],"neow_cost":"NONE","seed_source_timestamp":254333603468700,"circlet_count":0,"master_deck":["Strike_R+1","Strike_R","Strike_R","Strike_R","Strike_R+1","Defend_R","Defend_R","Defend_R","Defend_R","Bash","Pommel Strike","Heavy Blade","Inflame","Iron Wave","Shrug It Off+1","Warcry+1","Pummel","Battle Trance","Thunderclap","Reaper+1","Anger+1","Juggernaut","Armaments","Anger+1","Perfected Strike+1","Writhe","Entrench+1"],"relics":["Burning Blood","Whetstone","Happy Flower","Tiny House","Calipers","Anchor"],"potions_floor_usage":[5,16],"damage_taken":[{"damage":8,"enemies":"2 Louse","floor":1,"turns":3},{"damage":6,"enemies":"Cultist","floor":2,"turns":3},{"damage":12,"enemies":"Small Slimes","floor":5,"turns":3},{"damage":39,"enemies":"Lagavulin","floor":6,"turns":8},{"damage":13,"enemies":"Red Slaver","floor":8,"turns":3},{"damage":0,"enemies":"Large Slime","floor":11,"turns":4},{"damage":23,"enemies":"Exordium Thugs","floor":14,"turns":5},{"damage":18,"enemies":"Slime Boss","floor":16,"turns":9},{"damage":28,"enemies":"3 Byrds","floor":18,"turns":6},{"damage":10,"enemies":"Chosen","floor":19,"turns":4},{"damage":47,"enemies":"Shelled Parasite and Fungi","floor":22,"turns":5},{"damage":74,"enemies":"Slavers","floor":23,"turns":4}],"seed_played":"3304761517066579929","potions_obtained":[{"floor":4,"key":"Fruit Juice"},{"floor":4,"key":"Swift Potion"},{"floor":4,"key":"EssenceOfSteel"},{"floor":5,"key":"GamblersBrew"},{"floor":17,"key":"Strength Potion"}],"is_trial":false,"path_per_floor":["M","M","$","?","M","E","R","M","T","$","M","?","R","M","R","B",null,"M","M","T","?","M","E"],"character_chosen":"IRONCLAD","items_purchased":["Inflame","Iron Wave","Battle Trance","Thunderclap"],"campfire_rested":0,"item_purchase_floors":[3,3,10,10],"current_hp_per_floor":[86,86,86,86,85,52,52,45,45,45,51,51,51,44,44,39,98,81,84,84,84,57,0],"gold":331,"neow_bonus":"TEN_PERCENT_HP_BONUS","is_prod":false,"is_daily":false,"chose_seed":false,"campfire_upgraded":3,"win_rate":0.0,"timestamp":1565616342,"path_taken":["M","M","$","?","M","E","R","?","T","?","M","?","R","M","R","BOSS","M","M","?","?","M","E"],"build_version":"2019-07-17","purchased_purges":0,"victory":false,"max_hp_per_floor":[88,88,88,88,93,93,93,93,93,93,93,93,93,93,93,93,98,98,98,98,98,98,98],"card_choices":[{"not_picked":["Headbutt","Clash"],"picked":"Pommel Strike","floor":1},{"not_picked":["Carnage","Perfected Strike"],"picked":"Heavy Blade","floor":2},{"not_picked":["Intimidate","Flame Barrier"],"picked":"Shrug It Off","floor":5},{"not_picked":["Perfected Strike","Carnage"],"picked":"Warcry","floor":6},{"not_picked":["Iron Wave","Warcry"],"picked":"Pummel","floor":8},{"not_picked":["Twin Strike","Headbutt"],"picked":"Reaper","floor":11},{"not_picked":["Pommel Strike","Thunderclap"],"picked":"Anger","floor":14},{"not_picked":["Demon Form","Bludgeon"],"picked":"Juggernaut","floor":16},{"not_picked":["Intimidate","Bloodletting"],"picked":"Armaments","floor":17},{"not_picked":["Headbutt","Sword Boomerang"],"picked":"Anger+1","floor":18},{"not_picked":["Thunderclap","Sword Boomerang+1"],"picked":"Perfected Strike+1","floor":19},{"not_picked":["Thunderclap","Pummel"],"picked":"Entrench+1","floor":22}],"player_experience":7000,"relics_obtained":[{"floor":6,"key":"Whetstone"},{"floor":9,"key":"Happy Flower"},{"floor":20,"key":"Calipers"}],"event_choices":[{"damage_healed":0,"gold_gain":0,"player_choice":"Got Potions","damage_taken":0,"max_hp_gain":0,"max_hp_loss":0,"event_name":"Lab","floor":4,"gold_loss":0},{"damage_healed":0,"gold_gain":100,"player_choice":"Pray","damage_taken":0,"max_hp_gain":0,"max_hp_loss":0,"event_name":"Golden Shrine","floor":12,"gold_loss":0},{"damage_healed":0,"gold_gain":0,"player_choice":"Opened","damage_taken":0,"relics_obtained":["Anchor"],"max_hp_gain":0,"max_hp_loss":0,"event_name":"The Mausoleum","floor":21,"gold_loss":0,"cards_obtained":["Writhe"]}],"is_beta":false,"boss_relics":[{"not_picked":["Runic Cube","Astrolabe"],"picked":"Tiny House"}],"items_purged_floors":[],"is_endless":false,"potions_floor_spawned":[5,6,11,14,18,22],"killed_by":"Slavers","ascension_level":0}