{"gold_per_floor":[112,131,57,57,57,88,88,123,123,135,135,148,182,195,195,294,294,309,309,51,61,61,92,92,92],"floor_reached":25,"playtime":1379,"items_purged":[],"score":430,"play_id":"6be880e4-b061-4449-993e-0d2b998ea797","local_time":"20190625112952","is_ascension_mode":true,"campfire_choices":[{"data":"Footwork","floor":7.0,"key":"SMITH"},{"data":"Bouncing Flask","floor":11.0,"key":"SMITH"},{"data":"Adrenaline","floor":15.0,"key":"SMITH"},{"data":"Noxious Fumes","floor":24,"key":"SMITH"}],"neow_cost":"NONE","seed_source_timestamp":993810728620803,"circlet_count":0,"master_deck":["Defend_G","Defend_G","Defend_G","Defend_G","Defend_G","Survivor","Neutralize","Dodge and Roll","Footwork+1","Bouncing Flask+1","Deflect","Backstab","Backflip","Adrenaline+1","After Image","Bite","Bite","Bite","Bite","Bite","Noxious Fumes+1"],"special_seed":0,"relics":["Ring of the Snake","NeowsBlessing","Pantograph","Ancient Tea Set","Bottled Tornado","Blood Vial","Velvet Choker","Letter Opener","Happy Flower"],"potions_floor_usage":[23],"damage_taken":[{"damage":0.0,"enemies":"Cultist","floor":1.0,"turns":1.0},{"damage":0.0,"enemies":"Jaw Worm","floor":2.0,"turns":1.0},{"damage":0.0,"enemies":"Gremlin Nob","floor":6.0,"turns":1.0},{"damage":0.0,"enemies":"Lagavulin","floor":8.0,"turns":9.0},{"damage":0.0,"enemies":"2 Louse","floor":10.0,"turns":3.0},{"damage":0.0,"enemies":"Blue Slaver","floor":12.0,"turns":3.0},{"damage":23.0,"enemies":"3 Sentries","floor":13.0,"turns":12.0},{"damage":7.0,"enemies":"Large Slime","floor":14.0,"turns":9.0},{"damage":43.0,"enemies":"Slime Boss","floor":16.0,"turns":17.0},{"damage":0.0,"enemies":"Spheric Guardian","floor":18.0,"turns":5.0},{"damage":0.0,"enemies":"Shell Parasite","floor":21.0,"turns":6.0},{"damage":23,"enemies":"Slavers","floor":23,"turns":8},{"damage":60,"enemies":"Gremlin Leader","floor":25,"turns":6}],"seed_played":"4932049431363214578","potions_obtained":[{"floor":2.0,"key":"Strength Potion"},{"floor":6.0,"key":"SkillPotion"},{"floor":12.0,"key":"GhostInAJar"},{"floor":13.0,"key":"SteroidPotion"},{"floor":18.0,"key":"Energy Potion"},{"floor":21.0,"key":"Poison Potion"}],"is_trial":false,"path_per_floor":["M","M","$","?","$","E","R","E","T","M","R","M","E","M","R","B",null,"M","?","$","M","?","E","R","E"],"character_chosen":"THE_SILENT","items_purchased":["Footwork","Letter Opener"],"campfire_rested":0,"item_purchase_floors":[3,20],"current_hp_per_floor":[63,63,63,70,70,70,70,70,70,70,70,70,47,42,42,26,59,61,48,48,50,50,39,39,0],"gold":92,"neow_bonus":"THREE_ENEMY_KILL","is_prod":false,"is_daily":false,"chose_seed":false,"campfire_upgraded":4,"win_rate":0,"timestamp":1561476592,"path_taken":["M","M","$","?","$","E","R","E","T","M","R","M","E","?","R","BOSS","M","?","$","M","?","E","R","E"],"build_version":"2019-01-23","purchased_purges":0,"victory":false,"max_hp_per_floor":[70,70,70,70,70,70,70,70,70,70,70,70,70,70,70,70,70,70,75,75,75,52,52,52,52],"card_choices":[{"not_picked":["Outmaneuver","Bane","Quick Slash"],"picked":"SKIP","floor":1.0},{"not_picked":["Accuracy","Infinite Blades"],"picked":"Dodge and Roll","floor":2.0},{"not_picked":["Acrobatics","Flying Knee"],"picked":"Bouncing Flask","floor":6.0},{"not_picked":["Dash","Envenom"],"picked":"Deflect","floor":8.0},{"not_picked":["Concentrate","Outmaneuver","Choke"],"picked":"SKIP","floor":10.0},{"not_picked":["Backflip","Outmaneuver"],"picked":"Backstab","floor":12.0},{"not_picked":["Leg Sweep","Deadly Poison"],"picked":"Backflip","floor":13.0},{"not_picked":["Blade Dance","PiercingWail"],"picked":"Adrenaline","floor":14.0},{"not_picked":["Wraith Form v2","Unload"],"picked":"After Image","floor":16.0},{"not_picked":["Quick Slash","Acrobatics+1","Calculated Gamble"],"picked":"SKIP","floor":18.0},{"not_picked":["Outmaneuver","Choke","Tools of the Trade"],"picked":"SKIP","floor":21.0},{"not_picked":["All Out Attack","Slice"],"picked":"Noxious Fumes","floor":23}],"player_experience":416642,"relics_obtained":[{"floor":6.0,"key":"Pantograph"},{"floor":8.0,"key":"Ancient Tea Set"},{"floor":9.0,"key":"Bottled Tornado"},{"floor":13.0,"key":"Blood Vial"},{"floor":23,"key":"Happy Flower"}],"event_choices":[{"damage_healed":7.0,"max_hp_gain":0.0,"max_hp_loss":0.0,"gold_gain":0.0,"event_name":"Wheel of Change","player_choice":"Full Heal","floor":4.0,"gold_loss":0.0,"damage_taken":0.0},{"damage_healed":0.0,"max_hp_gain":5.0,"max_hp_loss":0.0,"gold_gain":0.0,"event_name":"Forgotten Altar","player_choice":"Shed Blood","floor":19.0,"gold_loss":0.0,"damage_taken":18.0},{"damage_healed":0.0,"max_hp_gain":0.0,"max_hp_loss":23.0,"gold_gain":0.0,"event_name":"Vampires","player_choice":"Became a vampire","floor":22.0,"gold_loss":0.0,"damage_taken":0.0,"cards_obtained":["Bite","Bite","Bite","Bite","Bite"]}],"is_beta":false,"boss_relics":[{"not_picked":["Eternal Feather","HoveringKite"],"picked":"Velvet Choker"}],"items_purged_floors":[],"is_endless":false,"potions_floor_spawned":[2,6,12,13,18,21],"killed_by":"Gremlin Leader","ascension_level":8}