{"gold_per_floor":[116,128,141,141,66,33,65,82,106,106,119,137,137,150,150,247,247],"floor_reached":17,"playtime":2160,"items_purged":["Defend_B"],"score":161,"play_id":"361b9620-4a37-45a0-b0c4-77c2c189a623","local_time":"20190911121221","is_ascension_mode":false,"campfire_choices":[{"floor":13,"key":"REST"},{"data":"Rainbow","floor":15,"key":"SMITH"}],"neow_cost":"NONE","seed_source_timestamp":490338858572700,"circlet_count":0,"master_deck":["Strike_B","Strike_B","Strike_B","Strike_B","Defend_B","Defend_B","Defend_B","Conserve Battery+1","Go for the Eyes","Sweeping Beam","Recycle","Compile Driver","Rainbow+1","Creative AI"],"relics":["Cracked Core","Gremlin Horn","Regal Pillow","Cursed Key"],"potions_floor_usage":[6,7,14,16],"damage_taken":[{"damage":0,"enemies":"Small Slimes","floor":1,"turns":2},{"damage":1,"enemies":"Cultist","floor":2,"turns":3},{"damage":2,"enemies":"2 Louse","floor":3,"turns":2},{"damage":19,"enemies":"Exordium Thugs","floor":6,"turns":5},{"damage":14,"enemies":"Gremlin Nob","floor":7,"turns":5},{"damage":0,"enemies":"Lots of Slimes","floor":8,"turns":1},{"damage":0,"enemies":"Looter","floor":11,"turns":3},{"damage":0,"enemies":"Large Slime","floor":12,"turns":4},{"damage":0,"enemies":"Gremlin Gang","floor":14,"turns":1},{"damage":20,"enemies":"The Guardian","floor":16,"turns":11}],"seed_played":"6056253731638744055","potions_obtained":[{"floor":3,"key":"SpeedPotion"},{"floor":6,"key":"FocusPotion"},{"floor":8,"key":"Strength Potion"},{"floor":14,"key":"PowerPotion"},{"floor":16,"key":"SpeedPotion"}],"is_trial":false,"path_per_floor":["M","M","M","?","$","M","E","M","T","?","M","M","R","M","R","B",null],"character_chosen":"DEFECT","items_purchased":[],"campfire_rested":1,"item_purchase_floors":[],"current_hp_per_floor":[75,74,72,72,72,53,39,39,39,39,39,39,75,75,75,55,75],"gold":247,"neow_bonus":"UPGRADE_CARD","is_prod":false,"is_daily":false,"chose_seed":false,"campfire_upgraded":1,"win_rate":0,"timestamp":1568229141,"path_taken":["M","M","M","?","$","?","E","?","T","?","?","?","R","M","R","BOSS"],"build_version":"2019-07-17","purchased_purges":1,"victory":false,"max_hp_per_floor":[75,75,75,75,75,75,75,75,75,75,75,75,75,75,75,75,75],"card_choices":[{"not_picked":["Turbo","Fusion","Ball Lightning"],"picked":"SKIP","floor":1},{"not_picked":["Aggregate","Chill","Ball Lightning"],"picked":"SKIP","floor":2},{"not_picked":["Cold Snap","Sweeping Beam","Barrage"],"picked":"SKIP","floor":3},{"not_picked":["Conserve Battery","Stack"],"picked":"Go for the Eyes","floor":6},{"not_picked":["Barrage","Multi-Cast"],"picked":"Sweeping Beam","floor":7},{"not_picked":["Hologram","Static Discharge"],"picked":"Recycle","floor":8},{"not_picked":["Genetic Algorithm","Redo"],"picked":"Compile Driver","floor":11},{"not_picked":["Hologram","Steam Power","Turbo"],"picked":"SKIP","floor":12},{"not_picked":["Beam Cell","Auto Shields"],"picked":"Rainbow","floor":14},{"not_picked":["Machine Learning","All For One"],"picked":"Creative AI","floor":16}],"player_experience":903092,"relics_obtained":[{"floor":7,"key":"Gremlin Horn"},{"floor":9,"key":"Regal Pillow"}],"event_choices":[{"cards_removed":["Zap"],"damage_healed":0,"gold_gain":0,"player_choice":"Took Card","damage_taken":0,"max_hp_gain":0,"max_hp_loss":0,"event_name":"NoteForYourself","floor":4,"gold_loss":0,"cards_obtained":["Conserve Battery"]},{"cards_removed":["Dualcast"],"damage_healed":0,"gold_gain":0,"player_choice":"Offered Basic","damage_taken":0,"max_hp_gain":0,"max_hp_loss":0,"event_name":"Bonfire Elementals","floor":10,"gold_loss":0}],"is_beta":false,"boss_relics":[{"not_picked":["Philosopher\u0027s Stone","Fusion Hammer"],"picked":"Cursed Key"}],"items_purged_floors":[5],"is_endless":false,"potions_floor_spawned":[3,6,8,14,16],"ascension_level":0}