{"gold_per_floor":[110,110,5,80,5,5,18,18,45,75,75,75,132,164,164,239,239,259,309,324,324],"floor_reached":21,"playtime":2178,"items_purged":[],"score":366,"play_id":"26d4a4bd-f255-4a3c-b2be-0b2204a7281a","local_time":"20190908215331","is_ascension_mode":true,"campfire_choices":[{"data":"Body Slam","floor":6,"key":"SMITH"},{"floor":11,"key":"REST"},{"floor":15,"key":"REST"}],"neow_cost":"NONE","seed_source_timestamp":97312353449978,"circlet_count":0,"master_deck":["AscendersBane","Strike_R+1","Strike_R","Strike_R+1","Defend_R","Defend_R","Defend_R","Defend_R","Bash","Body Slam+1","Dark Shackles","Anger","Ghostly Armor","Anger","Headbutt","Demon Form","True Grit"],"relics":["Burning Blood","Whetstone","Regal Pillow","Dream Catcher","Blood Vial","Potion Belt","Pocketwatch","Mark of Pain"],"potions_floor_usage":[13,16,18,20],"damage_taken":[{"damage":9,"enemies":"Jaw Worm","floor":1,"turns":3},{"damage":1,"enemies":"2 Louse","floor":7,"turns":2},{"damage":30,"enemies":"Lagavulin","floor":10,"turns":7},{"damage":8,"enemies":"Gremlin Nob","floor":13,"turns":3},{"damage":40,"enemies":"3 Sentries","floor":14,"turns":9},{"damage":47,"enemies":"Hexaghost","floor":16,"turns":9},{"damage":28,"enemies":"Shell Parasite","floor":18,"turns":4},{"damage":23,"enemies":"Spheric Guardian","floor":20,"turns":6},{"damage":34,"enemies":"Shelled Parasite and Fungi","floor":21,"turns":3}],"seed_played":"-2089754805448356035","potions_obtained":[{"floor":10,"key":"AttackPotion"},{"floor":13,"key":"PowerPotion"},{"floor":16,"key":"Block Potion"},{"floor":18,"key":"EssenceOfSteel"}],"is_trial":false,"path_per_floor":["M","?","$","?","?","R","M","$","T","E","R","?","?","E","R","B",null,"M","?","M","M"],"character_chosen":"IRONCLAD","items_purchased":["Dark Shackles"],"campfire_rested":2,"item_purchase_floors":[3],"current_hp_per_floor":[65,54,54,43,43,43,48,48,48,24,61,61,61,29,66,27,63,43,43,28,0],"gold":324,"neow_bonus":"RANDOM_COMMON_RELIC","is_prod":false,"is_daily":false,"chose_seed":false,"campfire_upgraded":1,"win_rate":0,"timestamp":1567972411,"path_taken":["M","?","$","?","?","R","M","$","T","E","R","?","?","E","R","BOSS","M","?","?","M"],"build_version":"2019-07-17","purchased_purges":0,"victory":false,"max_hp_per_floor":[75,75,75,75,75,75,75,75,75,75,75,75,75,75,75,75,75,75,75,75,75],"card_choices":[{"not_picked":["Cleave","Clash"],"picked":"Body Slam","floor":1},{"not_picked":["Bloodletting","Warcry"],"picked":"Anger","floor":7},{"not_picked":["Cleave","Perfected Strike"],"picked":"Ghostly Armor","floor":10},{"not_picked":["Clash","Wild Strike"],"picked":"Anger","floor":11},{"not_picked":["Havoc","Blood for Blood","Wild Strike"],"picked":"SKIP","floor":14},{"not_picked":["Wild Strike","Flex"],"picked":"Headbutt","floor":15},{"not_picked":["Exhume","Barricade"],"picked":"Demon Form","floor":16},{"not_picked":["Wild Strike","Sentinel"],"picked":"True Grit","floor":18},{"not_picked":["Body Slam","Flex","Havoc"],"picked":"SKIP","floor":20}],"player_experience":794529,"relics_obtained":[{"floor":9,"key":"Dream Catcher"},{"floor":10,"key":"Blood Vial"},{"floor":13,"key":"Potion Belt"},{"floor":14,"key":"Pocketwatch"}],"event_choices":[{"damage_healed":0,"gold_gain":0,"player_choice":"Success","damage_taken":11,"relics_obtained":["Regal Pillow"],"max_hp_gain":0,"max_hp_loss":0,"event_name":"Scrap Ooze","floor":2,"gold_loss":0},{"damage_healed":0,"gold_gain":75,"player_choice":"Gather Gold","damage_taken":11,"max_hp_gain":0,"max_hp_loss":0,"event_name":"World of Goop","floor":4,"gold_loss":0},{"cards_removed":["Strike_R"],"damage_healed":0,"gold_gain":0,"player_choice":"Card Removal","damage_taken":0,"max_hp_gain":0,"max_hp_loss":0,"event_name":"The Cleric","floor":5,"gold_loss":75},{"cards_removed":["Strike_R"],"damage_healed":0,"gold_gain":0,"player_choice":"Forget","damage_taken":0,"max_hp_gain":0,"max_hp_loss":0,"event_name":"Living Wall","floor":12,"gold_loss":0},{"damage_healed":0,"gold_gain":30,"player_choice":"Searched \u00272\u0027 times","damage_taken":0,"max_hp_gain":0,"max_hp_loss":0,"event_name":"Dead Adventurer","floor":13,"gold_loss":0},{"damage_healed":0,"gold_gain":100,"player_choice":"Bet on Murderer","damage_taken":0,"max_hp_gain":0,"max_hp_loss":0,"event_name":"The Joust","floor":19,"gold_loss":50}],"is_beta":false,"boss_relics":[{"not_picked":["Fusion Hammer","Pandora\u0027s Box"],"picked":"Mark of Pain"}],"items_purged_floors":[],"is_endless":false,"potions_floor_spawned":[10,13,16,18],"killed_by":"Shelled Parasite and Fungi","ascension_level":20}