{"gold_per_floor":[113,113,125,50,50,50,73,104,104,122,122,137,148,164,164,240,240,254,268,284,234,92,92,117,117],"floor_reached":25,"playtime":2146,"items_purged":["Decay"],"score":446,"play_id":"270683f1-5d42-4212-8cf4-4f13fb756ded","local_time":"20190908223113","is_ascension_mode":true,"campfire_choices":[{"data":"Armaments","floor":6.0,"key":"SMITH"},{"data":"Uppercut","floor":11.0,"key":"SMITH"},{"data":"Spot Weakness","floor":15.0,"key":"SMITH"},{"floor":23,"key":"REST"}],"neow_cost":"NONE","seed_source_timestamp":100217004273793,"circlet_count":0,"master_deck":["AscendersBane","Strike_R","Strike_R","Strike_R","Strike_R","Defend_R","Defend_R","Defend_R","Defend_R","Bash","Armaments+1","Anger","Battle Trance","Uppercut+1","Sword Boomerang","Spot Weakness+1","Barricade+1","Shrug It Off","Entrench","Flame Barrier"],"special_seed":0,"relics":["Burning Blood","Odd Mushroom","Orichalcum","Letter Opener","Fusion Hammer","Pantograph"],"potions_floor_usage":[20,24],"damage_taken":[{"damage":7.0,"enemies":"Small Slimes","floor":1.0,"turns":4.0},{"damage":8.0,"enemies":"Cultist","floor":3.0,"turns":4.0},{"damage":6.0,"enemies":"The Mushroom Lair","floor":7.0,"turns":4.0},{"damage":22.0,"enemies":"Lagavulin","floor":8.0,"turns":7.0},{"damage":0.0,"enemies":"2 Louse","floor":10.0,"turns":2.0},{"damage":20.0,"enemies":"Exordium Thugs","floor":12.0,"turns":5.0},{"damage":4.0,"enemies":"Blue Slaver","floor":13.0,"turns":2.0},{"damage":2.0,"enemies":"Looter","floor":14.0,"turns":3.0},{"damage":23.0,"enemies":"Slime Boss","floor":16.0,"turns":8.0},{"damage":6,"enemies":"2 Thieves","floor":18,"turns":3},{"damage":14,"enemies":"Chosen","floor":19,"turns":4},{"damage":28,"enemies":"3 Cultists","floor":20,"turns":5},{"damage":43,"enemies":"Book of Stabbing","floor":24,"turns":7},{"damage":27,"enemies":"Cultist and Chosen","floor":25,"turns":4}],"seed_played":"7811924528667463546","potions_obtained":[{"floor":1.0,"key":"PowerPotion"},{"floor":12.0,"key":"Ancient Potion"},{"floor":13.0,"key":"PowerPotion"},{"floor":18,"key":"PowerPotion"},{"floor":19,"key":"Dexterity Potion"}],"is_trial":false,"path_per_floor":["M","?","M","$","?","R","?","E","T","M","R","M","M","M","R","B",null,"M","M","M","?","$","R","E","M"],"character_chosen":"IRONCLAD","items_purchased":["Shrug It Off","Entrench"],"campfire_rested":1,"item_purchase_floors":[22,22],"current_hp_per_floor":[67,67,65,65,70,70,70,54,54,60,60,46,48,52,52,35,69,69,61,39,39,39,63,26,0],"gold":117,"neow_bonus":"TRANSFORM_CARD","is_prod":false,"is_daily":false,"chose_seed":false,"campfire_upgraded":3,"win_rate":0,"timestamp":1567974673,"path_taken":["M","?","M","?","?","R","?","E","T","M","R","M","M","M","R","BOSS","M","M","M","?","$","R","E","M"],"build_version":"2019-07-17","purchased_purges":1,"victory":false,"max_hp_per_floor":[75,75,75,75,80,80,80,80,80,80,80,80,80,80,80,80,80,80,80,80,80,80,80,80,80],"card_choices":[{"not_picked":["Fire Breathing","Heavy Blade"],"picked":"Anger","floor":1.0},{"not_picked":["Wild Strike","Carnage"],"picked":"Battle Trance","floor":3.0},{"not_picked":["Combust","Carnage"],"picked":"Uppercut","floor":7.0},{"not_picked":["Pummel","Rupture"],"picked":"Sword Boomerang","floor":8.0},{"not_picked":["Thunderclap","Anger","Intimidate"],"picked":"SKIP","floor":10.0},{"not_picked":["Thunderclap","Armaments","Havoc"],"picked":"SKIP","floor":12.0},{"not_picked":["Rage","Thunderclap"],"picked":"Spot Weakness","floor":13.0},{"not_picked":["Body Slam","Havoc","Hemokinesis"],"picked":"SKIP","floor":14.0},{"not_picked":["Double Tap","Demon Form"],"picked":"Barricade","floor":16.0},{"not_picked":["Heavy Blade","Wild Strike","Warcry"],"picked":"SKIP","floor":18},{"not_picked":["Anger","Heavy Blade","Warcry"],"picked":"SKIP","floor":19},{"not_picked":["Feel No Pain","Rupture+1","Pommel Strike"],"picked":"SKIP","floor":20},{"not_picked":["Heavy Blade","Infernal Blade"],"picked":"Flame Barrier","floor":24}],"player_experience":796707,"relics_obtained":[{"floor":7.0,"key":"Odd Mushroom"},{"floor":8.0,"key":"Orichalcum"},{"floor":9.0,"key":"Letter Opener"},{"floor":24,"key":"Pantograph"}],"event_choices":[{"damage_healed":0.0,"max_hp_gain":0.0,"max_hp_loss":0.0,"gold_gain":0.0,"event_name":"Wheel of Change","player_choice":"Cursed","floor":2.0,"gold_loss":0.0,"damage_taken":0.0,"cards_obtained":["Decay"]},{"damage_healed":0.0,"max_hp_gain":5.0,"max_hp_loss":0.0,"gold_gain":0.0,"event_name":"Big Fish","player_choice":"Donut","floor":5.0,"gold_loss":0.0,"damage_taken":0.0},{"damage_healed":0.0,"max_hp_gain":0.0,"max_hp_loss":0.0,"gold_gain":0.0,"event_name":"Mushrooms","player_choice":"Fought Mushrooms","floor":7.0,"gold_loss":0.0,"damage_taken":0.0},{"damage_healed":0,"gold_gain":0,"player_choice":"Upgrade","damage_taken":0,"max_hp_gain":0,"max_hp_loss":0,"event_name":"Designer","floor":21,"gold_loss":50,"cards_upgraded":["Barricade"]}],"is_beta":false,"boss_relics":[{"not_picked":["Black Blood","Pandora\u0027s Box"],"picked":"Fusion Hammer"}],"items_purged_floors":[4],"is_endless":false,"potions_floor_spawned":[1,12,13,18,19],"killed_by":"Cultist and Chosen","ascension_level":20}