{"gold_per_floor":[115,130,130,145,145,145,172,83,155,173,189,189,201,221,221,319,319,334,351,150,150,15,41,41,72,72,85,85,102,115,126,126,223,223,234,46,46,94,108,108,0,0,0,16,27,53,53,3,3,3],"floor_reached":50,"playtime":1860,"items_purged":["Defend_R","Regret"],"score":564,"play_id":"4b30c8d9-c229-4282-90af-6f17fbfb2c30","local_time":"20180822215138","is_ascension_mode":false,"campfire_choices":[{"data":"Perfected Strike","floor":6,"key":"SMITH"},{"data":"Bandage Up","floor":12,"key":"SMITH"},{"data":"Flex","floor":15,"key":"SMITH"},{"data":"Double Tap","floor":24,"key":"SMITH"},{"data":"Perfected Strike","floor":28,"key":"SMITH"},{"data":"Immolate","floor":32,"key":"SMITH"},{"floor":40,"key":"REST"},{"data":"Apotheosis","floor":42,"key":"SMITH"},{"data":"Perfected Strike","floor":47,"key":"SMITH"},{"data":"Bash","floor":49,"key":"SMITH"}],"neow_cost":"NONE","seed_source_timestamp":306625054408990,"circlet_count":0,"master_deck":["Strike_R","Strike_R","Strike_R","Strike_R","Strike_R","Defend_R","Defend_R","Bash+1","Perfected Strike+1","Bandage Up+1","Flex+1","Immolate+1","Thunderclap+1","Cleave+1","Double Tap+1","Perfected Strike+1","Perfected Strike+1","Clash","Apotheosis+1","Bandage Up","Clash+1","Perfected Strike+1","Inflame+1"],"relics":["Burning Blood","Art of War","Orichalcum","Smiling Mask","Velvet Choker","Happy Flower","Nilry\u0027s Codex","Magic Flower","Oddly Smooth Stone","Pantograph","Cursed Key","Prayer Wheel","Red Mask","Singing Bowl","Mummified Hand"],"potions_floor_usage":[11,25,25,25,25,50,50],"damage_taken":[{"damage":5,"enemies":"Cultist","floor":1,"turns":4},{"damage":0,"enemies":"2 Louse","floor":2,"turns":4},{"damage":5,"enemies":"Small Slimes","floor":4,"turns":3},{"damage":40,"enemies":"Lagavulin","floor":7,"turns":6},{"damage":7,"enemies":"2 Fungi Beasts","floor":10,"turns":3},{"damage":16,"enemies":"Lots of Slimes","floor":11,"turns":5},{"damage":6,"enemies":"Exordium Wildlife","floor":13,"turns":4},{"damage":9,"enemies":"Looter","floor":14,"turns":3},{"damage":48,"enemies":"Slime Boss","floor":16,"turns":13},{"damage":10,"enemies":"3 Byrds","floor":18,"turns":3},{"damage":17,"enemies":"Shell Parasite","floor":19,"turns":4},{"damage":25,"enemies":"Slavers","floor":23,"turns":4},{"damage":2,"enemies":"Book of Stabbing","floor":25,"turns":3},{"damage":4,"enemies":"Centurion and Healer","floor":27,"turns":3},{"damage":24,"enemies":"Snake Plant","floor":29,"turns":4},{"damage":0,"enemies":"3 Cultists","floor":30,"turns":3},{"damage":0,"enemies":"Snecko","floor":31,"turns":2},{"damage":68,"enemies":"Champ","floor":33,"turns":7},{"damage":9,"enemies":"Orb Walker","floor":35,"turns":2},{"damage":54,"floor":38,"turns":4},{"damage":0,"enemies":"3 Shapes","floor":39,"turns":1},{"damage":2,"enemies":"3 Darklings","floor":44,"turns":2},{"damage":42,"enemies":"Sphere and 2 Shapes","floor":45,"turns":4},{"damage":12,"enemies":"Giant Head","floor":46,"turns":5},{"damage":107,"enemies":"Awakened One","floor":50,"turns":8}],"seed_played":"9213421202887014899","potions_obtained":[{"floor":1,"key":"GamblersBrew"},{"floor":7,"key":"EntropicBrew"},{"floor":11,"key":"FearPotion"},{"floor":16,"key":"GamblersBrew"},{"floor":19,"key":"FearPotion"},{"floor":23,"key":"EssenceOfSteel"},{"floor":29,"key":"Swift Potion"},{"floor":30,"key":"Energy Potion"},{"floor":44,"key":"EssenceOfSteel"}],"is_trial":false,"path_per_floor":["M","M","?","M","?","R","E","$","T","M","M","R","M","M","R","B",null,"M","M","$","?","$","E","R","E","T","M","R","M","M","M","R","B",null,"M","$","?","?","M","R","?","R","T","M","M","E","R","$","R"],"character_chosen":"IRONCLAD","items_purchased":["Bandage Up","Happy Flower","Double Tap","Apotheosis"],"campfire_rested":1,"item_purchase_floors":[8,20,22,36],"current_hp_per_floor":[80,80,85,85,85,85,51,51,51,54,48,48,54,57,57,21,85,85,80,80,64,64,51,51,67,67,72,72,71,88,88,88,38,88,88,88,83,53,62,88,88,88,88,92,67,81,81,81,81,0],"gold":3,"neow_bonus":"RANDOM_COMMON_RELIC","is_prod":false,"is_daily":false,"chose_seed":false,"campfire_upgraded":9,"win_rate":0,"timestamp":1534989098,"path_taken":["M","?","?","M","?","R","E","$","T","M","M","R","M","M","R","BOSS","M","M","$","?","$","E","R","E","T","M","R","M","M","?","R","BOSS","M","$","?","?","M","R","?","R","T","M","M","E","R","?","R","BOSS"],"build_version":"2018-08-16","purchased_purges":2,"victory":false,"max_hp_per_floor":[80,80,85,85,85,85,85,85,85,85,85,85,85,85,85,85,85,85,85,85,85,85,85,85,85,85,85,85,88,88,88,88,88,88,88,88,88,88,88,88,88,88,88,92,94,96,96,96,96,96],"card_choices":[{"not_picked":["Sever Soul","Second Wind","Clothesline"],"picked":"SKIP","floor":1},{"not_picked":["Second Wind","Thunderclap"],"picked":"Perfected Strike","floor":2},{"not_picked":["Havoc","Bloodletting","Power Through"],"picked":"SKIP","floor":4},{"not_picked":["Dual Wield","Body Slam","Pummel"],"picked":"SKIP","floor":7},{"not_picked":["Cleave","Fire Breathing","Metallicize"],"picked":"SKIP","floor":10},{"not_picked":["Seeing Red","Clothesline"],"picked":"Flex","floor":11},{"not_picked":["Corruption","Demon Form","Sword Boomerang"],"picked":"SKIP","floor":13},{"not_picked":["Iron Wave","Infernal Blade","Wild Strike"],"picked":"SKIP","floor":14},{"not_picked":["Brutality","Impervious"],"picked":"Immolate","floor":16},{"not_picked":["Havoc","Iron Wave"],"picked":"Thunderclap+1","floor":18},{"not_picked":["Armaments","Disarm+1"],"picked":"Cleave+1","floor":19},{"not_picked":["Anger+1","Iron Wave","Rampage"],"picked":"SKIP","floor":23},{"not_picked":["Burning Pact","Entrench+1"],"picked":"Perfected Strike","floor":25},{"not_picked":["True Grit","Shrug It Off","Battle Trance"],"picked":"SKIP","floor":27},{"not_picked":["Feed","Body Slam"],"picked":"Perfected Strike","floor":29},{"not_picked":["Dual Wield","Sword Boomerang","Shrug It Off"],"picked":"SKIP","floor":30},{"not_picked":["Corruption+1","Havoc"],"picked":"Clash","floor":31},{"not_picked":["True Grit+1","Twin Strike","Armaments"],"picked":"SKIP","floor":35},{"not_picked":["PanicButton","Forethought"],"picked":"Bandage Up","floor":37},{"not_picked":["Headbutt+1","Havoc+1"],"picked":"Clash+1","floor":38},{"not_picked":["Pommel Strike","Bludgeon"],"picked":"Perfected Strike+1","floor":39},{"not_picked":["Anger","Dual Wield","Perfected Strike+1"],"picked":"SKIP","floor":39},{"not_picked":["Headbutt+1","Anger+1","True Grit"],"picked":"Singing Bowl","floor":44},{"not_picked":["Cleave","Wild Strike","Heavy Blade+1"],"picked":"Singing Bowl","floor":44},{"not_picked":["Armaments+1","Brutality","Shrug It Off+1"],"picked":"Singing Bowl","floor":45},{"not_picked":["Sever Soul","Iron Wave"],"picked":"Inflame+1","floor":45},{"not_picked":["Bloodletting","Sword Boomerang+1","Dropkick+1"],"picked":"Singing Bowl","floor":46}],"player_experience":180376,"relics_obtained":[{"floor":7,"key":"Orichalcum"},{"floor":9,"key":"Smiling Mask"},{"floor":21,"key":"Nilry\u0027s Codex"},{"floor":23,"key":"Magic Flower"},{"floor":25,"key":"Oddly Smooth Stone"},{"floor":26,"key":"Pantograph"},{"floor":38,"key":"Prayer Wheel"},{"floor":43,"key":"Singing Bowl"},{"floor":46,"key":"Mummified Hand"}],"event_choices":[{"event_name":"Big Fish","player_choice":"Donut","floor":3,"damage_taken":0},{"event_name":"Purifier","player_choice":"One Purge","floor":5,"damage_taken":0},{"event_name":"Cursed Tome","player_choice":"Obtained Book","floor":21,"damage_taken":0},{"event_name":"SensoryStone","player_choice":"Memory 2","floor":37,"damage_taken":0},{"event_name":"Mysterious Sphere","player_choice":"Fight","floor":38,"damage_taken":0},{"event_name":"Tomb of Lord Red Mask","player_choice":"Paid","floor":41,"damage_taken":0}],"is_beta":false,"boss_relics":[{"not_picked":["White Beast Statue","Eternal Feather"],"picked":"Velvet Choker"},{"not_picked":["Runic Dome","Snecko Eye"],"picked":"Cursed Key"}],"items_purged_floors":[20,48],"is_endless":false,"potions_floor_spawned":[1,7,11,16,19,23,29,30,38,44,45],"killed_by":"Awakened One","ascension_level":0}