{"gold_per_floor":[111,129,129,204,214,246,246,276,276,294,294,311,311,327,327,423,423,443,453,134,69,85,85,104,104,104,64,83,96,107,107],"floor_reached":31,"playtime":1941,"items_purged":["Skewer"],"score":241,"play_id":"36507d3b-f2fe-4d45-8199-4a16cb060e32","local_time":"20190419011442","is_ascension_mode":false,"campfire_choices":[{"floor":7.0,"key":"REST"},{"floor":13.0,"key":"REST"},{"data":"Accuracy","floor":15.0,"key":"SMITH"},{"floor":23.0,"key":"REST"},{"floor":25.0,"key":"REST"}],"neow_cost":"NONE","seed_source_timestamp":8379476431102707,"circlet_count":0,"master_deck":["Defend_G","Defend_G","Defend_G","Defend_G+1","Defend_G","Strike_G","Strike_G+1","Strike_G","Strike_G","Strike_G","Survivor","Neutralize","Dagger Spray","Cloak And Dagger","Footwork","Infinite Blades","Backflip","Dagger Spray","Accuracy+1","Infinite Blades","A Thousand Cuts+1","Blade Dance+1","Outmaneuver","Concentrate","Infinite Blades","Cloak And Dagger","Outmaneuver+1","Eviscerate+1","Accuracy"],"special_seed":0,"relics":["Ring of the Snake","NeowsBlessing","Pocketwatch","Odd Mushroom","Kunai","Lizard Tail","Membership Card","Molten Egg 2"],"potions_floor_usage":[30],"damage_taken":[{"damage":0.0,"enemies":"Jaw Worm","floor":1.0,"turns":1.0},{"damage":0.0,"enemies":"2 Louse","floor":2.0,"turns":1.0},{"damage":0.0,"enemies":"Small Slimes","floor":5.0,"turns":1.0},{"damage":36.0,"enemies":"Lagavulin","floor":6.0,"turns":13.0},{"damage":8.0,"enemies":"The Mushroom Lair","floor":8.0,"turns":5.0},{"damage":4.0,"enemies":"Gremlin Gang","floor":10.0,"turns":4.0},{"damage":0.0,"enemies":"Red Slaver","floor":12.0,"turns":5.0},{"damage":2.0,"enemies":"Looter","floor":14.0,"turns":3.0},{"damage":15.0,"enemies":"The Guardian","floor":16.0,"turns":12.0},{"damage":19.0,"enemies":"3 Byrds","floor":18.0,"turns":5.0},{"damage":5.0,"enemies":"Chosen","floor":19.0,"turns":5.0},{"damage":18.0,"enemies":"Shelled Parasite and Fungi","floor":22.0,"turns":6.0},{"damage":18.0,"enemies":"Centurion and Healer","floor":24.0,"turns":5.0},{"damage":15.0,"enemies":"Snecko","floor":28.0,"turns":5.0},{"damage":14.0,"enemies":"Shelled Parasite and Fungi","floor":29.0,"turns":6.0},{"damage":45,"enemies":"Snake Plant","floor":30,"turns":6},{"damage":20,"enemies":"Centurion and Healer","floor":31,"turns":4}],"seed_played":"-8764562599340517455","potions_obtained":[{"floor":1.0,"key":"Energy Potion"},{"floor":6.0,"key":"Regen Potion"},{"floor":8.0,"key":"AttackPotion"},{"floor":10.0,"key":"Regen Potion"},{"floor":12.0,"key":"Weak Potion"},{"floor":19.0,"key":"EssenceOfSteel"},{"floor":22.0,"key":"SkillPotion"},{"floor":24.0,"key":"LiquidBronze"}],"is_trial":false,"path_per_floor":["M","M","?","?","M","E","R","?","T","M","?","M","R","M","R","B",null,"M","M","$","$","M","R","M","R","T","?","M","M","M","M"],"character_chosen":"THE_SILENT","items_purchased":["Membership Card","Concentrate","Infinite Blades","Cloak And Dagger"],"campfire_rested":4,"item_purchase_floors":[20,20,21,21],"current_hp_per_floor":[70,70,56,45,45,9,30,36,36,32,32,44,65,63,63,48,70,51,46,46,46,28,49,31,52,52,52,37,23,15,0],"gold":107,"neow_bonus":"THREE_ENEMY_KILL","is_prod":false,"is_daily":false,"chose_seed":false,"campfire_upgraded":1,"win_rate":0,"timestamp":1555650882,"path_taken":["M","M","?","?","M","E","R","?","T","M","?","M","R","?","R","BOSS","M","?","?","$","M","R","M","R","T","?","M","M","?","M"],"build_version":"2019-01-23","purchased_purges":1,"victory":false,"max_hp_per_floor":[70,70,70,70,70,70,70,70,70,70,70,70,70,70,70,70,70,70,70,70,70,70,70,70,70,70,70,70,70,70,70],"card_choices":[{"not_picked":["Distraction","Cloak And Dagger"],"picked":"Dagger Spray","floor":1.0},{"not_picked":["Quick Slash","Backflip"],"picked":"Cloak And Dagger","floor":2.0},{"not_picked":["Underhanded Strike","Distraction"],"picked":"Footwork","floor":5.0},{"not_picked":["Bane","Bouncing Flask"],"picked":"Infinite Blades","floor":6.0},{"not_picked":["Quick Slash","Acrobatics"],"picked":"Backflip","floor":8.0},{"not_picked":["Blade Dance","Sucker Punch"],"picked":"Dagger Spray","floor":10.0},{"not_picked":["PiercingWail","Well Laid Plans"],"picked":"Accuracy","floor":12.0},{"not_picked":["Dagger Spray","Dodge and Roll"],"picked":"Infinite Blades","floor":14.0},{"not_picked":["Bullet Time","Grand Finale"],"picked":"A Thousand Cuts","floor":16.0},{"not_picked":["Bane","Leg Sweep"],"picked":"Blade Dance+1","floor":18.0},{"not_picked":["Expertise","Calculated Gamble"],"picked":"Outmaneuver","floor":19.0},{"not_picked":["Well Laid Plans","Eviscerate","Underhanded Strike"],"picked":"SKIP","floor":22.0},{"not_picked":["Quick Slash+1","Acrobatics"],"picked":"Outmaneuver+1","floor":24.0},{"not_picked":["Caltrops","Cloak And Dagger"],"picked":"Eviscerate+1","floor":28.0},{"not_picked":["Bouncing Flask","Deflect","Tactician"],"picked":"SKIP","floor":29.0},{"not_picked":["Choke+1","Concentrate"],"picked":"Accuracy","floor":30}],"player_experience":217431,"relics_obtained":[{"floor":6.0,"key":"Pocketwatch"},{"floor":8.0,"key":"Odd Mushroom"},{"floor":9.0,"key":"Kunai"},{"floor":26.0,"key":"Molten Egg 2"}],"event_choices":[{"damage_healed":0.0,"max_hp_gain":0.0,"max_hp_loss":0.0,"gold_gain":0.0,"event_name":"Shining Light","player_choice":"Entered Light","floor":3.0,"gold_loss":0.0,"damage_taken":14.0,"cards_upgraded":["Strike_G","Defend_G"]},{"damage_healed":0.0,"max_hp_gain":0.0,"max_hp_loss":0.0,"gold_gain":75.0,"event_name":"World of Goop","player_choice":"Gather Gold","floor":4.0,"gold_loss":0.0,"damage_taken":11.0},{"damage_healed":0.0,"max_hp_gain":0.0,"max_hp_loss":0.0,"gold_gain":0.0,"event_name":"Mushrooms","player_choice":"Fought Mushrooms","floor":8.0,"gold_loss":0.0,"damage_taken":0.0},{"damage_healed":0.0,"max_hp_gain":0.0,"max_hp_loss":0.0,"gold_gain":0.0,"event_name":"Match and Keep!","player_choice":"1 cards matched","floor":11.0,"gold_loss":0.0,"damage_taken":0.0,"cards_obtained":["Skewer"]},{"damage_healed":0.0,"max_hp_gain":0.0,"max_hp_loss":0.0,"gold_gain":0.0,"event_name":"Designer","player_choice":"Upgrade","floor":27.0,"gold_loss":40.0,"damage_taken":0.0,"cards_upgraded":["A Thousand Cuts"]}],"is_beta":false,"boss_relics":[{"not_picked":["Runic Pyramid","Pandora\u0027s Box"],"picked":"Lizard Tail"}],"items_purged_floors":[20],"is_endless":false,"potions_floor_spawned":[1,6,8,10,12,19,22,24],"killed_by":"Centurion and Healer","ascension_level":0}