{"gold_per_floor":[115,132,146,162,2,2,31,31,31,61,61,78,78,88,88,88],"floor_reached":16,"playtime":881,"items_purged":[],"score":207,"play_id":"5792818e-ee2c-480a-94a7-a09692a75cb5","local_time":"20190910125734","is_ascension_mode":true,"campfire_choices":[{"data":"Flechettes","floor":6,"key":"SMITH"},{"floor":8,"key":"REST"},{"floor":15,"key":"REST"}],"neow_cost":"NONE","seed_source_timestamp":407931295277100,"circlet_count":0,"master_deck":["AscendersBane","Strike_G","Strike_G","Strike_G","Strike_G","Strike_G","Defend_G","Defend_G","Defend_G","Defend_G","Defend_G","Survivor","Neutralize","Footwork","Leg Sweep","Flying Knee","Night Terror","Footwork","Flechettes+1","Dagger Throw","Deflect","Poisoned Stab","Dodge and Roll"],"relics":["Ring of the Snake","Frozen Egg 2","Gremlin Horn","Blue Candle"],"potions_floor_usage":[4,7,7,10],"damage_taken":[{"damage":2,"enemies":"Jaw Worm","floor":1,"turns":8},{"damage":1,"enemies":"2 Louse","floor":2,"turns":4},{"damage":1,"enemies":"Small Slimes","floor":3,"turns":8},{"damage":7,"enemies":"3 Louse","floor":4,"turns":6},{"damage":30,"enemies":"Gremlin Nob","floor":7,"turns":4},{"damage":21,"enemies":"Lagavulin","floor":10,"turns":11},{"damage":1,"enemies":"Red Slaver","floor":12,"turns":6},{"damage":8,"enemies":"Looter","floor":14,"turns":3},{"damage":41,"enemies":"Slime Boss","floor":16,"turns":10}],"seed_played":"7795939094025803026","potions_obtained":[{"floor":1,"key":"FearPotion"},{"floor":3,"key":"Strength Potion"},{"floor":4,"key":"SteroidPotion"},{"floor":7,"key":"Weak Potion"}],"is_trial":false,"path_per_floor":["M","M","M","M","$","R","E","R","T","E","?","M","?","M","R","B"],"character_chosen":"THE_SILENT","items_purchased":["Footwork","Flechettes"],"campfire_rested":2,"item_purchase_floors":[5,5],"current_hp_per_floor":[63,62,61,54,54,54,24,45,45,24,24,23,23,15,36,0],"gold":88,"neow_bonus":"TEN_PERCENT_HP_BONUS","is_prod":false,"is_daily":false,"chose_seed":false,"campfire_upgraded":1,"win_rate":0,"timestamp":1568145454,"path_taken":["M","M","M","M","$","R","E","R","T","E","?","M","?","M","R","BOSS"],"build_version":"2019-07-17","purchased_purges":0,"victory":false,"max_hp_per_floor":[72,72,72,72,72,72,72,72,72,72,72,72,72,72,72,72],"card_choices":[{"not_picked":["Bane","Masterful Stab"],"picked":"Footwork","floor":1},{"not_picked":["Backflip","Blade Dance"],"picked":"Leg Sweep","floor":2},{"not_picked":["Caltrops","Deflect"],"picked":"Flying Knee","floor":3},{"not_picked":["Backflip","Deflect"],"picked":"Night Terror","floor":4},{"not_picked":["Flying Knee","Sucker Punch"],"picked":"Dagger Throw","floor":7},{"not_picked":["Concentrate","Caltrops+1"],"picked":"Deflect","floor":10},{"not_picked":["Concentrate","Quick Slash"],"picked":"Poisoned Stab","floor":12},{"not_picked":["Prepared","Burst"],"picked":"Dodge and Roll","floor":14}],"player_experience":877956,"relics_obtained":[{"floor":7,"key":"Frozen Egg 2"},{"floor":9,"key":"Gremlin Horn"},{"floor":10,"key":"Blue Candle"}],"event_choices":[{"damage_healed":0,"gold_gain":0,"player_choice":"Ignored","damage_taken":0,"max_hp_gain":0,"max_hp_loss":0,"event_name":"Golden Wing","floor":11,"gold_loss":0},{"damage_healed":0,"gold_gain":0,"player_choice":"Fled","damage_taken":0,"max_hp_gain":0,"max_hp_loss":0,"event_name":"Scrap Ooze","floor":13,"gold_loss":0}],"is_beta":false,"boss_relics":[],"items_purged_floors":[],"is_endless":false,"potions_floor_spawned":[1,3,4,7],"killed_by":"Slime Boss","ascension_level":17}