{"gold_per_floor":[117,117,132,145,163,163,177,177,177,252,266,366,51,82,82,184,184,194,209,209,221,233,233,262,262,262,262,262,273,291,291,291,291],"floor_reached":33,"playtime":1983,"items_purged":[],"score":382,"play_id":"87b01393-4ffa-48ee-ac6e-824e3ab8a3ac","local_time":"20190528004647","is_ascension_mode":true,"campfire_choices":[{"data":"Footwork","floor":6.0,"key":"SMITH"},{"floor":8.0,"key":"REST"},{"floor":15.0,"key":"REST"},{"floor":23.0,"key":"REST"},{"floor":25.0,"key":"REST"},{"data":"Catalyst","floor":28.0,"key":"SMITH"},{"floor":32.0,"key":"REST"}],"neow_cost":"PERCENT_DAMAGE","seed_source_timestamp":1091364841920827,"circlet_count":0,"master_deck":["Defend_G","Defend_G","Defend_G","Strike_G","Strike_G","Survivor","Neutralize","Dagger Spray","Footwork+1","Backflip","Blur","Blur","Caltrops+1","Poisoned Stab","Corpse Explosion","Outmaneuver","Deadly Poison","Calculated Gamble+1","Dash+1","Catalyst+1","Backstab"],"special_seed":0,"relics":["Ring of the Snake","Frozen Egg 2","Letter Opener","Meat on the Bone","Empty Cage","Mercury Hourglass","Potion Belt"],"potions_floor_usage":[],"damage_taken":[{"damage":4.0,"enemies":"Small Slimes","floor":1.0,"turns":6.0},{"damage":0.0,"enemies":"Cultist","floor":3.0,"turns":5.0},{"damage":0.0,"enemies":"2 Louse","floor":4.0,"turns":2.0},{"damage":3.0,"enemies":"Exordium Thugs","floor":5.0,"turns":5.0},{"damage":2.0,"enemies":"Large Slime","floor":7.0,"turns":7.0},{"damage":0.0,"enemies":"Blue Slaver","floor":11.0,"turns":5.0},{"damage":13.0,"enemies":"3 Sentries","floor":14.0,"turns":9.0},{"damage":19.0,"enemies":"Hexaghost","floor":16.0,"turns":12.0},{"damage":18.0,"enemies":"2 Thieves","floor":18.0,"turns":4.0},{"damage":6.0,"enemies":"3 Byrds","floor":19.0,"turns":4.0},{"damage":18.0,"enemies":"Snake Plant","floor":21.0,"turns":5.0},{"damage":5.0,"enemies":"3 Cultists","floor":22.0,"turns":3.0},{"damage":56.0,"enemies":"Slavers","floor":24.0,"turns":7.0},{"damage":14.0,"enemies":"Centurion and Healer","floor":29.0,"turns":6.0},{"damage":15.0,"enemies":"Snecko","floor":30.0,"turns":4.0},{"damage":42,"enemies":"Automaton","floor":33,"turns":4}],"seed_played":"-1307268081100219562","potions_obtained":[{"floor":1.0,"key":"Ancient Potion"},{"floor":7.0,"key":"Energy Potion"},{"floor":19.0,"key":"SneckoOil"},{"floor":21.0,"key":"Block Potion"},{"floor":22.0,"key":"Swift Potion"},{"floor":30.0,"key":"LiquidBronze"}],"is_trial":false,"path_per_floor":["M","?","M","M","M","R","M","R","T","?","M","?","$","E","R","B",null,"M","M","?","M","M","R","E","R","T","?","R","M","M","?","R","B"],"character_chosen":"THE_SILENT","items_purchased":["Letter Opener","Caltrops+1"],"campfire_rested":5,"item_purchase_floors":[13,13],"current_hp_per_floor":[41,41,41,41,38,38,36,57,57,50,50,50,50,37,58,39,62,44,38,38,32,39,60,16,37,37,37,37,35,32,19,41,0],"gold":291,"neow_bonus":"REMOVE_TWO","is_prod":false,"is_daily":false,"chose_seed":false,"campfire_upgraded":2,"win_rate":0,"timestamp":1559018807,"path_taken":["M","?","M","M","M","R","M","R","T","?","?","?","$","E","R","BOSS","M","M","?","M","M","R","E","R","T","?","R","M","M","?","R","BOSS"],"build_version":"2019-01-23","purchased_purges":0,"victory":false,"max_hp_per_floor":[70,70,70,70,70,70,70,70,70,70,70,70,70,70,70,70,70,70,70,70,70,70,70,70,70,70,70,70,70,70,75,75,75],"card_choices":[{"not_picked":["Masterful Stab","Quick Slash","Slice"],"picked":"SKIP","floor":1.0},{"not_picked":["Dagger Throw","Dash"],"picked":"Dagger Spray","floor":3.0},{"not_picked":["Bouncing Flask","Backflip"],"picked":"Footwork","floor":4.0},{"not_picked":["Flying Knee","Dagger Throw"],"picked":"Backflip","floor":5.0},{"not_picked":["Sucker Punch","Prepared"],"picked":"Blur","floor":7.0},{"not_picked":["PiercingWail","Choke"],"picked":"Blur","floor":11.0},{"not_picked":["Well Laid Plans+1","Doppelganger"],"picked":"Poisoned Stab","floor":14.0},{"not_picked":["Tools of the Trade+1","Bullet Time"],"picked":"Corpse Explosion","floor":16.0},{"not_picked":["All Out Attack","Infinite Blades+1"],"picked":"Outmaneuver","floor":18.0},{"not_picked":["Terror+1","Bane"],"picked":"Deadly Poison","floor":19.0},{"not_picked":["Backflip+1","Dagger Throw+1"],"picked":"Calculated Gamble+1","floor":21.0},{"not_picked":["Expertise","Outmaneuver+1"],"picked":"Dash+1","floor":22.0},{"not_picked":["Concentrate","Blade Dance","Acrobatics"],"picked":"SKIP","floor":24.0},{"not_picked":["Deadly Poison","Dagger Spray","Blur"],"picked":"SKIP","floor":29.0},{"not_picked":["Dodge and Roll","Outmaneuver"],"picked":"Backstab","floor":30.0}],"player_experience":290507,"relics_obtained":[{"floor":9.0,"key":"Frozen Egg 2"},{"floor":14.0,"key":"Meat on the Bone"},{"floor":24.0,"key":"Mercury Hourglass"},{"floor":26.0,"key":"Potion Belt"}],"event_choices":[{"cards_removed":["Defend_G"],"damage_healed":0.0,"max_hp_gain":0.0,"max_hp_loss":0.0,"gold_gain":0.0,"event_name":"Living Wall","player_choice":"Forget","floor":2.0,"gold_loss":0.0,"damage_taken":0.0},{"damage_healed":0.0,"max_hp_gain":0.0,"max_hp_loss":0.0,"gold_gain":75.0,"event_name":"FaceTrader","player_choice":"Touch","floor":10.0,"gold_loss":0.0,"damage_taken":7.0},{"damage_healed":0.0,"max_hp_gain":0.0,"max_hp_loss":0.0,"gold_gain":100.0,"event_name":"Golden Shrine","player_choice":"Pray","floor":12.0,"gold_loss":0.0,"damage_taken":0.0},{"damage_healed":0.0,"max_hp_gain":0.0,"max_hp_loss":0.0,"gold_gain":0.0,"event_name":"Vampires","player_choice":"Ignored","floor":20.0,"gold_loss":0.0,"damage_taken":0.0},{"damage_healed":0.0,"max_hp_gain":0.0,"max_hp_loss":0.0,"gold_gain":0.0,"event_name":"The Library","player_choice":"Read","floor":27.0,"gold_loss":0.0,"damage_taken":0.0,"cards_obtained":["Catalyst"]},{"damage_healed":0.0,"max_hp_gain":5.0,"max_hp_loss":0.0,"gold_gain":0.0,"event_name":"Forgotten Altar","player_choice":"Shed Blood","floor":31.0,"gold_loss":0.0,"damage_taken":18.0}],"is_beta":false,"boss_relics":[{"not_picked":["Fusion Hammer","HoveringKite"],"picked":"Empty Cage"}],"items_purged_floors":[],"is_endless":false,"potions_floor_spawned":[1,7,19,21,22,30],"killed_by":"Automaton","ascension_level":6}