{"gold_per_floor":[148,161,111,123,134,134,149,149,149,149,167,20,20,20,20,119,119,129,129,143,68,86,86,86],"floor_reached":24,"playtime":1985,"items_purged":["Defend_B"],"score":188,"play_id":"96be7ec6-24b6-4758-8e82-c82c7065d2c7","local_time":"20180624051904","is_ascension_mode":false,"campfire_choices":[{"data":"Zap","floor":6,"key":"SMITH"},{"data":"Loop","floor":8,"key":"SMITH"},{"data":"Redo","floor":10,"key":"SMITH"},{"data":"Beam Cell","floor":13,"key":"SMITH"},{"floor":15,"key":"REST"},{"floor":23,"key":"REST"}],"neow_cost":"NONE","seed_source_timestamp":27441553557972,"circlet_count":0,"master_deck":["Strike_B","Strike_B","Defend_B","Zap+1","Dualcast+1","Redo+1","Beam Cell","Go for the Eyes","Gash","Beam Cell+1","Loop+1","BootSequence+1","Creative AI+1","Beam Cell+1","Go for the Eyes+1","Stack"],"relics":["Tiny House","Bottled Lightning","Empty Cage"],"potions_floor_usage":[4,16,16],"damage_taken":[{"damage":0,"enemies":"Cultist","floor":1,"turns":4},{"damage":6,"enemies":"2 Louse","floor":2,"turns":3},{"damage":3,"enemies":"Jaw Worm","floor":4,"turns":2},{"damage":7,"enemies":"Red Slaver","floor":5,"turns":4},{"damage":4,"enemies":"Blue Slaver","floor":7,"turns":3},{"damage":5,"enemies":"Looter","floor":11,"turns":3},{"damage":28,"enemies":"The Guardian","floor":16,"turns":9},{"damage":20,"enemies":"3 Byrds","floor":18,"turns":4},{"damage":15,"enemies":"Chosen","floor":20,"turns":5},{"damage":28,"enemies":"3 Cultists","floor":22,"turns":5},{"damage":44,"enemies":"Snecko","floor":24,"turns":6}],"seed_played":"4736099607364584322","potions_obtained":[{"floor":0,"key":"Weak Potion"},{"floor":5,"key":"Swift Potion"},{"floor":11,"key":"Dexterity Potion"}],"is_trial":false,"path_per_floor":["M","M","?","M","M","R","M","R","T","R","M","$","R","?","R","B",null,"M","?","M","?","M","R"],"character_chosen":"DEFECT","items_purchased":["BootSequence"],"campfire_rested":2,"item_purchase_floors":[12],"current_hp_per_floor":[80,74,74,71,64,64,60,60,60,60,55,55,55,55,79,51,80,60,60,45,45,17,41,0],"gold":86,"neow_bonus":"BOSS_RELIC","is_prod":false,"is_daily":false,"chose_seed":false,"campfire_upgraded":4,"win_rate":0,"timestamp":1529788744,"path_taken":["M","M","?","?","M","R","M","R","T","R","M","$","R","?","R","BOSS","M","?","M","?","M","R","M"],"build_version":"2018-06-21v2","purchased_purges":1,"victory":false,"max_hp_per_floor":[80,80,80,80,80,80,80,80,80,80,80,80,80,80,80,80,80,80,80,80,80,80,80,80],"card_choices":[{"not_picked":["Rebound","Leap"],"picked":"Redo","floor":0},{"not_picked":["Conserve Battery","Cold Snap"],"picked":"Beam Cell","floor":1},{"not_picked":["Hologram","Capacitor"],"picked":"Go for the Eyes","floor":2},{"not_picked":["Ball Lightning","Coolheaded"],"picked":"Gash","floor":4},{"not_picked":["Leap","FTL"],"picked":"Beam Cell","floor":5},{"not_picked":["Barrage","Steam"],"picked":"Loop","floor":7},{"not_picked":["Hologram","Barrage","Conserve Battery"],"picked":"SKIP","floor":11},{"not_picked":["Meteor Strike","Amplify"],"picked":"Creative AI","floor":16},{"not_picked":["Steam Power","Ball Lightning"],"picked":"Beam Cell+1","floor":18},{"not_picked":["Gash","White Noise"],"picked":"Go for the Eyes+1","floor":20},{"not_picked":["Hologram","Tempest+1"],"picked":"Stack","floor":22}],"player_experience":562443,"relics_obtained":[{"floor":9,"key":"Bottled Lightning"}],"event_choices":[{"event_name":"The Cleric","player_choice":"Card Removal","floor":3,"damage_taken":0},{"event_name":"Living Wall","player_choice":"Grow","floor":14,"damage_taken":0},{"event_name":"Upgrade Shrine","player_choice":"Upgraded","floor":19,"damage_taken":0},{"event_name":"Beggar","player_choice":"Gave Gold","floor":21,"damage_taken":0}],"boss_relics":[{"not_picked":["Cursed Key","Eternal Feather"],"picked":"Empty Cage"}],"items_purged_floors":[12],"is_endless":false,"potions_floor_spawned":[5,11],"killed_by":"Snecko","ascension_level":0}