{"gold_per_floor":[119,139,157,4,18,18,50,50,73,104,104],"floor_reached":11,"playtime":468,"items_purged":["Strike_B"],"score":166,"play_id":"72436a03-51eb-456e-bb60-265e8a3dd2ac","local_time":"20190909225623","is_ascension_mode":true,"campfire_choices":[{"floor":6,"key":"REST"},{"data":"Zap","floor":8,"key":"SMITH"}],"neow_cost":"NONE","seed_source_timestamp":357873730041100,"circlet_count":0,"master_deck":["AscendersBane","Strike_B","Strike_B","Strike_B","Defend_B+1","Defend_B","Defend_B","Defend_B+1","Zap+1","Dualcast","Consume","Streamline+1","Compile Driver+1","Coolheaded","Conserve Battery","Ball Lightning","Genetic Algorithm","Coolheaded","Echo Form"],"relics":["Cracked Core","War Paint","Bronze Scales","Whetstone"],"potions_floor_usage":[7,10,11],"damage_taken":[{"damage":1,"enemies":"Cultist","floor":1,"turns":3},{"damage":4,"enemies":"Jaw Worm","floor":2,"turns":4},{"damage":2,"enemies":"2 Louse","floor":3,"turns":3},{"damage":54,"enemies":"Gremlin Gang","floor":5,"turns":4},{"damage":3,"enemies":"Lagavulin","floor":7,"turns":7},{"damage":28,"enemies":"Gremlin Nob","floor":10,"turns":4},{"damage":11,"enemies":"Exordium Wildlife","floor":11,"turns":1}],"seed_played":"-8970040333273629253","potions_obtained":[{"floor":1,"key":"GamblersBrew"},{"floor":5,"key":"Regen Potion"},{"floor":7,"key":"Energy Potion"}],"is_trial":false,"path_per_floor":["M","M","M","$","M","R","E","R","T","E","M"],"character_chosen":"DEFECT","items_purchased":["Conserve Battery","Ball Lightning"],"campfire_rested":1,"item_purchase_floors":[4,4],"current_hp_per_floor":[63,59,57,57,3,24,36,36,36,8,0],"gold":104,"neow_bonus":"THREE_CARDS","is_prod":false,"is_daily":false,"chose_seed":false,"campfire_upgraded":1,"win_rate":0,"timestamp":1568094983,"path_taken":["M","M","M","$","M","R","E","R","T","E","M"],"build_version":"2019-07-17","purchased_purges":1,"victory":false,"max_hp_per_floor":[71,71,71,71,71,71,71,71,71,71,71],"card_choices":[{"not_picked":["White Noise","Stack"],"picked":"Consume","floor":0},{"not_picked":["Heatsinks","Compile Driver"],"picked":"Streamline","floor":1},{"not_picked":["Stack","Heatsinks"],"picked":"Compile Driver","floor":2},{"not_picked":["Streamline","Tempest"],"picked":"Coolheaded","floor":3},{"not_picked":["Redo","Skim"],"picked":"Genetic Algorithm","floor":5},{"not_picked":["Go for the Eyes","Steam"],"picked":"Coolheaded","floor":7},{"not_picked":["Sunder","Melter"],"picked":"Echo Form","floor":10}],"player_experience":863175,"relics_obtained":[{"floor":7,"key":"War Paint"},{"floor":9,"key":"Bronze Scales"},{"floor":10,"key":"Whetstone"}],"event_choices":[],"is_beta":false,"boss_relics":[],"items_purged_floors":[4],"is_endless":false,"potions_floor_spawned":[1,5,7],"killed_by":"Exordium Wildlife","ascension_level":20}