{"gold_per_floor":[116,66,85,97,97,97,111,136,208,218,218,248],"floor_reached":12,"playtime":455,"items_purged":[],"score":92,"play_id":"49892732-0669-467b-a814-a00dbfbfea75","local_time":"20190826165322","is_ascension_mode":true,"campfire_choices":[{"data":"White Noise","floor":6.0,"key":"SMITH"},{"data":"Loop","floor":11.0,"key":"SMITH"}],"neow_cost":"NONE","seed_source_timestamp":966266791947800,"circlet_count":0,"master_deck":["Strike_B","Strike_B","Defend_B","Defend_B","Defend_B","Defend_B","Zap","Dualcast","Amplify","Ball Lightning","White Noise+1","Sweeping Beam","Loop+1","Steam","Hyperbeam"],"special_seed":0,"relics":["Cracked Core","Ginger"],"potions_floor_usage":[12,12,12],"damage_taken":[{"damage":0.0,"enemies":"Small Slimes","floor":1.0,"turns":3.0},{"damage":4.0,"enemies":"2 Louse","floor":3.0,"turns":2.0},{"damage":7.0,"enemies":"Jaw Worm","floor":4.0,"turns":3.0},{"damage":9.0,"enemies":"2 Fungi Beasts","floor":7.0,"turns":3.0},{"damage":29.0,"enemies":"Lagavulin","floor":8.0,"turns":7.0},{"damage":6.0,"enemies":"3 Louse","floor":10.0,"turns":2.0},{"damage":15,"enemies":"Lagavulin Event","floor":12,"turns":2}],"seed_played":"-5408812377283148971","potions_obtained":[{"floor":4.0,"key":"Ancient Potion"},{"floor":7.0,"key":"PowerPotion"},{"floor":8.0,"key":"Fire Potion"},{"floor":10.0,"key":"Ancient Potion"}],"is_trial":false,"path_per_floor":["M","?","M","M","?","R","M","E","T","M","R","?"],"character_chosen":"DEFECT","items_purchased":[],"campfire_rested":0,"item_purchase_floors":[],"current_hp_per_floor":[75,75,71,64,57,57,48,19,19,13,13,0],"gold":248,"neow_bonus":"ONE_RANDOM_RARE_CARD","is_prod":false,"is_daily":false,"chose_seed":false,"campfire_upgraded":2,"win_rate":0,"timestamp":1566831202,"path_taken":["M","?","M","M","?","R","M","E","T","M","R","?"],"build_version":"2019-07-17","purchased_purges":0,"victory":false,"max_hp_per_floor":[75,75,75,75,75,75,75,75,75,75,75,75],"card_choices":[{"not_picked":["Rip and Tear","Sweeping Beam"],"picked":"Ball Lightning","floor":1.0},{"not_picked":["Steam Power","Coolheaded"],"picked":"White Noise","floor":3.0},{"not_picked":["Stack","Compile Driver"],"picked":"Sweeping Beam","floor":4.0},{"not_picked":["Stack","Steam"],"picked":"Loop","floor":7.0},{"not_picked":["Rebound","Lockon"],"picked":"Steam","floor":8.0},{"not_picked":["Conserve Battery","Blizzard"],"picked":"Hyperbeam","floor":10.0}],"player_experience":213530,"relics_obtained":[{"floor":8.0,"key":"Ginger"}],"event_choices":[{"cards_removed":["Strike_B"],"damage_healed":0.0,"max_hp_gain":0.0,"max_hp_loss":0.0,"gold_gain":0.0,"event_name":"The Cleric","player_choice":"Card Removal","floor":2.0,"gold_loss":50.0,"damage_taken":0.0},{"cards_removed":["Strike_B"],"damage_healed":0.0,"max_hp_gain":0.0,"max_hp_loss":0.0,"gold_gain":0.0,"event_name":"Golden Wing","player_choice":"Card Removal","floor":5.0,"gold_loss":0.0,"damage_taken":7.0},{"damage_healed":0,"gold_gain":30,"player_choice":"Searched \u00273\u0027 times","damage_taken":0,"max_hp_gain":0,"max_hp_loss":0,"event_name":"Dead Adventurer","floor":12,"gold_loss":0}],"is_beta":false,"boss_relics":[],"items_purged_floors":[],"is_endless":false,"potions_floor_spawned":[4,7,8,10],"killed_by":"Lagavulin Event","ascension_level":3}