{"gold_per_floor":[109,109,124,124,138,138,138,138,138,138,18,34,54,129,129,232,232,249,269,269,40,56,56,69,0,48,64,64,84,100,100,100,203,203,219,230,2,2,2,2,2,0,0,15,15,34,51,51],"floor_reached":48,"playtime":3180,"items_purged":["Defend_R","Injury","Strike_R"],"score":449,"play_id":"cae58ec1-2760-4b3e-96b2-36f21e05365a","local_time":"20180724230215","is_ascension_mode":false,"campfire_choices":[{"data":"Anger","floor":6,"key":"SMITH"},{"data":"Bash","floor":8,"key":"SMITH"},{"data":"Dropkick","floor":10,"key":"SMITH"},{"data":"Flex","floor":15,"key":"SMITH"},{"data":"Clash","floor":23,"key":"SMITH"},{"data":"Clash","floor":28,"key":"SMITH"},{"data":"Heavy Blade","floor":32,"key":"SMITH"},{"floor":40,"key":"REST"},{"floor":45,"key":"REST"}],"neow_cost":"TEN_PERCENT_HP_LOSS","seed_source_timestamp":3988945075841,"circlet_count":0,"master_deck":["Strike_R","Strike_R","Defend_R+1","Defend_R","Bash+1","Anger+1","Flex+1","Dropkick+1","Flex+1","Clash+1","Clash+1","Impervious","Shrug It Off","Headbutt","Purity+1","Ghostly Armor","Heavy Blade+1","Pommel Strike","Iron Wave+1","Flex","Heavy Blade+1","Bludgeon","Rage+1","Seeing Red+1","Trip","Dropkick+1","Flex","Clash"],"relics":["Burning Blood","Question Card","Ornamental Fan","Sozu","War Paint","Bottled Flame","Lizard Tail","Red Mask","Letter Opener"],"potions_floor_usage":[],"damage_taken":[{"damage":10,"enemies":"2 Louse","floor":1,"turns":4},{"damage":1,"enemies":"Jaw Worm","floor":3,"turns":3},{"damage":1,"enemies":"Cultist","floor":5,"turns":3},{"damage":7,"enemies":"Large Slime","floor":12,"turns":4},{"damage":8,"enemies":"Red Slaver","floor":13,"turns":2},{"damage":46,"enemies":"The Guardian","floor":16,"turns":7},{"damage":10,"enemies":"Spheric Guardian","floor":18,"turns":3},{"damage":18,"enemies":"Shell Parasite","floor":19,"turns":5},{"damage":2,"enemies":"3 Cultists","floor":22,"turns":5},{"damage":18,"enemies":"Snecko","floor":24,"turns":5},{"damage":0,"enemies":"Snake Plant","floor":27,"turns":4},{"damage":14,"enemies":"Chosen and Byrds","floor":29,"turns":6},{"damage":7,"enemies":"Centurion and Healer","floor":30,"turns":5},{"damage":35,"enemies":"Collector","floor":33,"turns":6},{"damage":0,"enemies":"Orb Walker","floor":35,"turns":2},{"damage":57,"enemies":"3 Darklings","floor":36,"turns":10},{"damage":58,"enemies":"Flame Bruiser 2 Orb","floor":44,"turns":3},{"damage":24,"enemies":"Transient","floor":46,"turns":5},{"damage":21,"enemies":"3 Darklings","floor":47,"turns":6},{"damage":32,"enemies":"Spire Growth","floor":48,"turns":3}],"seed_played":"1877596657856919584","potions_obtained":[{"floor":3,"key":"Energy Potion"},{"floor":12,"key":"GamblersBrew"}],"is_trial":false,"path_per_floor":["M","?","M","?","M","R","?","R","T","R","$","M","M","?","R","B",null,"M","M","?","$","M","R","M","?","T","M","R","M","M","T","R","B",null,"M","M","$","?","$","R","$","?","T","M","R","M","M"],"character_chosen":"IRONCLAD","items_purchased":["Flex","Purity","Ghostly Armor","Trip"],"campfire_rested":2,"item_purchase_floors":[11,21,21,37],"current_hp_per_floor":[68,65,70,70,72,72,72,72,72,72,72,71,69,58,58,18,72,68,56,56,56,60,60,48,48,48,54,54,46,45,45,45,16,72,72,21,21,21,21,42,42,42,42,42,63,45,30,0],"gold":51,"neow_bonus":"REMOVE_TWO","is_prod":false,"is_daily":false,"chose_seed":false,"campfire_upgraded":7,"win_rate":0,"timestamp":1532487735,"path_taken":["M","?","M","?","M","R","?","R","T","R","?","M","M","?","R","BOSS","M","M","?","$","?","R","M","?","T","M","R","M","M","?","R","BOSS","M","M","?","?","$","R","$","?","T","M","R","M","?","M"],"build_version":"2018-07-19v2","purchased_purges":3,"victory":false,"max_hp_per_floor":[72,72,72,72,72,72,72,72,72,72,72,72,72,72,72,72,72,72,72,72,72,72,72,72,72,72,72,72,72,72,72,72,72,72,72,72,72,72,72,72,72,72,72,72,72,72,72,72],"card_choices":[{"not_picked":["Warcry","Headbutt"],"picked":"Anger","floor":1},{"not_picked":["Second Wind","Armaments","Battle Trance"],"picked":"Flex","floor":3},{"not_picked":["Iron Wave","True Grit","Rupture"],"picked":"Dropkick","floor":5},{"not_picked":["Hemokinesis","Perfected Strike","Searing Blow"],"picked":"Clash","floor":12},{"not_picked":["Sword Boomerang","Wild Strike","Inflame"],"picked":"Clash","floor":13},{"not_picked":["Reaper","Limit Break","Brutality"],"picked":"Impervious","floor":16},{"not_picked":["Sever Soul","Armaments","Inflame"],"picked":"Shrug It Off","floor":18},{"not_picked":["Hemokinesis","Iron Wave","Thunderclap"],"picked":"Headbutt","floor":19},{"not_picked":["Perfected Strike","Ghostly Armor","Headbutt"],"picked":"Heavy Blade+1","floor":22},{"not_picked":["Rupture","Clothesline+1","Perfected Strike"],"picked":"Pommel Strike","floor":24},{"not_picked":["Sword Boomerang","Carnage","Twin Strike"],"picked":"Iron Wave+1","floor":27},{"not_picked":["Searing Blow","Whirlwind+1","Perfected Strike"],"picked":"Flex","floor":29},{"not_picked":["Shockwave","Thunderclap","Reaper"],"picked":"Heavy Blade","floor":30},{"not_picked":["Immolate","Reaper","Fiend Fire"],"picked":"Bludgeon","floor":33},{"not_picked":["Twin Strike+1","Clothesline","Body Slam+1"],"picked":"Rage+1","floor":35},{"not_picked":["Flame Barrier+1","Inflame","Corruption+1"],"picked":"Seeing Red+1","floor":36},{"not_picked":["Entrench+1","Body Slam","Clothesline"],"picked":"Dropkick+1","floor":44},{"not_picked":["Cleave","Sever Soul","Clash"],"picked":"Flex","floor":46},{"not_picked":["Rampage","Shrug It Off","Cleave"],"picked":"Clash","floor":47}],"player_experience":33941,"relics_obtained":[{"floor":9,"key":"Ornamental Fan"},{"floor":26,"key":"War Paint"},{"floor":31,"key":"Bottled Flame"},{"floor":43,"key":"Letter Opener"}],"event_choices":[{"event_name":"Scrap Ooze","player_choice":"success","floor":2,"damage_taken":3},{"event_name":"Accursed Blacksmith","player_choice":"Forge","floor":4,"damage_taken":0},{"event_name":"The Woman in Blue","player_choice":"Bought 0 Potions","floor":7,"damage_taken":0},{"event_name":"World of Goop","player_choice":"Gather Gold","floor":14,"damage_taken":0},{"event_name":"Back to Basics","player_choice":"Elegance","floor":20,"damage_taken":0},{"event_name":"Masked Bandits","player_choice":"Paid Bandits 69 gold","floor":25,"damage_taken":0},{"event_name":"Mysterious Sphere","player_choice":"Ignore","floor":38,"damage_taken":0},{"event_name":"Tomb of Lord Red Mask","player_choice":"Paid","floor":42,"damage_taken":0}],"is_beta":false,"boss_relics":[{"not_picked":["Runic Pyramid","Velvet Choker"],"picked":"Sozu"},{"not_picked":["Cursed Key","Runic Dome"],"picked":"Lizard Tail"}],"items_purged_floors":[11,21,37],"is_endless":false,"potions_floor_spawned":[3,12,22,24,27,30,46,47],"killed_by":"Spire Growth","ascension_level":0}