{"gold_per_floor":[214,214,13,13,27,27,102,133,133,150,167,167,167,200,200,304,304,324,324,52,52,68,68,82,82,82,82,82,102,2,30,30,30],"floor_reached":33,"playtime":1089,"items_purged":["Strike_R","Strike_R"],"score":271,"play_id":"5d006455-9c40-4af0-9d62-f8c1a9f642a1","local_time":"20180803015549","is_ascension_mode":false,"campfire_choices":[{"data":"Inflame","floor":6,"key":"SMITH"},{"floor":13,"key":"REST"},{"data":"Rampage","floor":15,"key":"SMITH"},{"floor":23,"key":"REST"},{"floor":28,"key":"REST"},{"floor":32,"key":"REST"}],"neow_cost":"NONE","seed_source_timestamp":715665559449033,"circlet_count":0,"master_deck":["Strike_R","Strike_R","Strike_R+1","Defend_R","Defend_R+1","Defend_R","Bash","Iron Wave","Combust","Inflame+1","Twin Strike","Heavy Blade","Shrug It Off","Twin Strike","Flex","Rampage+1","Reaper","RitualDagger","Inflame","Cleave","Iron Wave+1","Carnage"],"relics":["Burning Blood","Question Card","Bag of Marbles","Ice Cream","Red Skull","Fusion Hammer","Sling","Letter Opener","Gambling Chip","Meat on the Bone"],"potions_floor_usage":[14,24,24,31,33,33,33],"damage_taken":[{"damage":5,"enemies":"Small Slimes","floor":1,"turns":3},{"damage":3,"enemies":"Cultist","floor":5,"turns":3},{"damage":15,"enemies":"Gremlin Nob","floor":8,"turns":4},{"damage":5,"enemies":"2 Louse","floor":10,"turns":2},{"damage":5,"enemies":"Looter","floor":11,"turns":2},{"damage":14,"enemies":"Lagavulin","floor":14,"turns":5},{"damage":24,"enemies":"Slime Boss","floor":16,"turns":9},{"damage":27,"enemies":"3 Byrds","floor":18,"turns":4},{"damage":30,"enemies":"Shell Parasite","floor":22,"turns":3},{"damage":8,"enemies":"Snecko","floor":24,"turns":3},{"damage":24,"enemies":"Snake Plant","floor":29,"turns":3},{"damage":19,"enemies":"Slavers","floor":31,"turns":4},{"damage":101,"enemies":"Champ","floor":33,"turns":10}],"seed_played":"-2425972863628026669","potions_obtained":[{"floor":8,"key":"Swift Potion"},{"floor":10,"key":"EssenceOfSteel"},{"floor":14,"key":"FearPotion"},{"floor":22,"key":"Fruit Juice"},{"floor":24,"key":"SkillPotion"},{"floor":25,"key":"Fruit Juice"},{"floor":25,"key":"PowerPotion"},{"floor":31,"key":"SpeedPotion"}],"is_trial":false,"path_per_floor":["M","?","$","?","M","R","?","E","T","M","M","T","R","E","R","B",null,"M","?","$","?","M","R","M","?","T","T","R","M","$","E","R"],"character_chosen":"IRONCLAD","items_purchased":["Inflame","Twin Strike","Inflame","Sling"],"campfire_rested":4,"item_purchase_floors":[3,3,20,20],"current_hp_per_floor":[80,80,80,64,67,67,56,47,47,48,49,49,73,65,65,47,80,59,53,53,53,34,58,67,67,67,67,85,67,67,71,90,0],"gold":30,"neow_bonus":"HUNDRED_GOLD","is_prod":false,"is_daily":false,"chose_seed":false,"campfire_upgraded":2,"win_rate":0,"timestamp":1533275749,"path_taken":["M","?","?","?","M","R","?","E","T","?","M","?","R","E","R","BOSS","M","?","$","?","?","R","M","?","T","?","R","M","$","E","R","BOSS"],"build_version":"2018-08-02","purchased_purges":2,"victory":false,"max_hp_per_floor":[80,80,80,80,80,80,80,80,80,80,80,80,80,80,80,80,80,80,80,80,80,80,80,85,85,85,85,85,85,85,90,90,90],"card_choices":[{"not_picked":["Thunderclap","True Grit"],"picked":"Iron Wave","floor":1},{"not_picked":["Corruption","Reckless Charge"],"picked":"Heavy Blade","floor":5},{"not_picked":["Intimidate","Iron Wave"],"picked":"Shrug It Off","floor":8},{"not_picked":["Dual Wield","Perfected Strike","Sword Boomerang"],"picked":"Twin Strike","floor":10},{"not_picked":["Perfected Strike","Offering","Wild Strike"],"picked":"Flex","floor":11},{"not_picked":["Clothesline","Rage","Flex"],"picked":"Rampage","floor":14},{"not_picked":["Fiend Fire","Brutality","Demon Form"],"picked":"Reaper","floor":16},{"not_picked":["Sentinel","Reckless Charge+1","Havoc","Metallicize"],"picked":"SKIP","floor":18},{"not_picked":["Pommel Strike","Warcry","Perfected Strike","Bloodletting"],"picked":"SKIP","floor":22},{"not_picked":["Havoc","Burning Pact+1","Demon Form"],"picked":"Cleave","floor":24},{"not_picked":["Sentinel","Flame Barrier","Thunderclap"],"picked":"Iron Wave+1","floor":29},{"not_picked":["Shrug It Off","Warcry+1","Havoc"],"picked":"Carnage","floor":31}],"player_experience":102683,"relics_obtained":[{"floor":8,"key":"Question Card"},{"floor":9,"key":"Bag of Marbles"},{"floor":12,"key":"Ice Cream"},{"floor":14,"key":"Red Skull"},{"floor":26,"key":"Letter Opener"},{"floor":27,"key":"Gambling Chip"},{"floor":31,"key":"Meat on the Bone"}],"event_choices":[{"event_name":"Transmorgrifier","player_choice":"Transform","floor":2,"damage_taken":0},{"event_name":"Shining Light","player_choice":"Entered Light","floor":4,"damage_taken":0},{"event_name":"World of Goop","player_choice":"Gather Gold","floor":7,"damage_taken":0},{"event_name":"Nest","player_choice":"Joined the Cult","floor":19,"damage_taken":0},{"event_name":"Vampires","player_choice":"Ignored","floor":21,"damage_taken":0},{"event_name":"The Lab","player_choice":"Got Potions","floor":25,"damage_taken":0}],"is_beta":false,"boss_relics":[{"not_picked":["Busted Crown","Empty Cage"],"picked":"Fusion Hammer"}],"items_purged_floors":[3,30],"is_endless":false,"potions_floor_spawned":[8,10,14,22,24,31],"killed_by":"Champ","ascension_level":0}