{"gold_per_floor":[111,122,122,138,149,149,149,159,214,214,227,227,227,243,243,346,346,362,362,362,362,362,362,382,382,382,382,395,411,443,460,460,557,557,570,570,570,271,271,296,296,313,313,332,352,366,366,20,20,20],"floor_reached":51,"playtime":3650,"items_purged":["Writhe"],"score":639,"play_id":"43173def-5466-413b-89b5-35647bd701fe","local_time":"20180819220248","is_ascension_mode":false,"campfire_choices":[{"data":"Cloak And Dagger","floor":6,"key":"SMITH"},{"data":"Noxious Fumes","floor":10,"key":"SMITH"},{"data":"Crippling Poison","floor":12,"key":"SMITH"},{"floor":15,"key":"REST"},{"data":"Outmaneuver","floor":23,"key":"SMITH"},{"data":"Flying Knee","floor":25,"key":"SMITH"},{"data":"Backflip","floor":27,"key":"SMITH"},{"floor":32,"key":"REST"},{"floor":41,"key":"REST"},{"floor":47,"key":"REST"},{"floor":49,"key":"REST"}],"neow_cost":"NONE","seed_source_timestamp":46252170967785,"circlet_count":0,"master_deck":["Defend_G+1","Defend_G+1","Defend_G+1","Defend_G+1","Defend_G+1","Strike_G+1","Strike_G+1","Strike_G+1","Strike_G+1","Strike_G+1","Survivor+1","Neutralize","Backflip+1","Outmaneuver+1","Crippling Poison+1","Cloak And Dagger+1","Noxious Fumes+1","Leg Sweep+1","Flying Knee+1","Deadly Poison+1","Deflect+1","Die Die Die","Footwork+1","Secret Weapon+1","Die Die Die","Crippling Poison+1","Skewer+1","Backflip+1","Flying Knee+1"],"special_seed":0,"relics":["Ring of the Snake","Matryoshka","Kunai","Regal Pillow","Ornamental Fan","Mercury Hourglass","Incense Burner","WristBlade","War Paint","Blood Vial","Nunchaku","Happy Flower","ClockworkSouvenir"],"potions_floor_usage":[16,29,29,30,33,44,44,46],"damage_taken":[{"damage":0,"enemies":"Jaw Worm","floor":1,"turns":4},{"damage":0,"enemies":"Small Slimes","floor":2,"turns":3},{"damage":0,"enemies":"Cultist","floor":4,"turns":5},{"damage":2,"enemies":"Red Slaver","floor":5,"turns":6},{"damage":3,"enemies":"2 Fungi Beasts","floor":8,"turns":4},{"damage":4,"enemies":"3 Louse","floor":11,"turns":2},{"damage":18,"enemies":"Large Slime","floor":14,"turns":6},{"damage":15,"enemies":"Hexaghost","floor":16,"turns":12},{"damage":26,"enemies":"Chosen","floor":18,"turns":7},{"damage":0,"enemies":"Shell Parasite","floor":24,"turns":9},{"damage":6,"enemies":"Centurion and Healer","floor":28,"turns":8},{"damage":0,"enemies":"Snecko","floor":29,"turns":5},{"damage":5,"enemies":"Gremlin Leader","floor":30,"turns":6},{"damage":15,"enemies":"Snake Plant","floor":31,"turns":4},{"damage":19,"enemies":"Automaton","floor":33,"turns":11},{"damage":30,"enemies":"3 Darklings","floor":35,"turns":3},{"damage":45,"enemies":"Giant Head","floor":40,"turns":11},{"damage":21,"enemies":"Flame Bruiser 1 Orb","floor":42,"turns":6},{"damage":17,"enemies":"Maw","floor":44,"turns":8},{"damage":40,"enemies":"4 Shapes","floor":45,"turns":4},{"damage":0,"enemies":"Sphere and 2 Shapes","floor":46,"turns":5},{"damage":64,"enemies":"Awakened One","floor":50,"turns":21}],"seed_played":"7142134255858631291","potions_obtained":[{"floor":4,"key":"Block Potion"},{"floor":7,"key":"Regen Potion"},{"floor":7,"key":"EntropicBrew"},{"floor":16,"key":"Ancient Potion"},{"floor":28,"key":"GhostInAJar"},{"floor":30,"key":"PowerPotion"},{"floor":31,"key":"GhostInAJar"},{"floor":35,"key":"Regen Potion"},{"floor":40,"key":"GamblersBrew"}],"is_trial":false,"path_per_floor":["M","M","?","M","M","R","?","M","T","R","M","R","$","M","R","B",null,"M","?","?","?","?","R","M","R","T","R","M","M","E","M","R","B",null,"M","?","?","$","?","E","R","M","T","M","M","M","R","$","R","B"],"character_chosen":"THE_SILENT","items_purchased":["Die Die Die","War Paint","Happy Flower","ClockworkSouvenir"],"campfire_rested":5,"item_purchase_floors":[38,38,48,48],"current_hp_per_floor":[77,77,65,65,63,63,63,60,60,60,56,56,56,38,76,61,77,51,51,51,51,76,76,76,76,76,76,70,77,72,57,77,58,77,47,47,66,66,66,21,59,40,40,40,2,4,42,42,77,13],"gold":20,"neow_bonus":"TEN_PERCENT_HP_BONUS","is_prod":false,"is_daily":false,"chose_seed":false,"campfire_upgraded":6,"win_rate":0.0,"timestamp":1534730568,"path_taken":["M","M","?","M","M","R","?","M","T","R","M","R","$","M","R","BOSS","M","?","?","?","?","R","M","R","T","R","M","?","E","M","R","BOSS","M","?","?","$","?","E","R","?","T","M","M","M","R","$","R","BOSS"],"build_version":"2018-08-16","purchased_purges":1,"victory":true,"max_hp_per_floor":[77,77,77,77,77,77,77,77,77,77,77,77,77,77,77,77,77,77,77,77,77,77,77,77,77,77,77,77,77,77,77,77,77,77,77,77,77,77,77,77,77,77,77,77,77,77,77,77,77,77],"card_choices":[{"not_picked":["Bane","Well Laid Plans"],"picked":"Backflip","floor":1},{"not_picked":["Quick Slash","Deflect"],"picked":"Outmaneuver","floor":2},{"not_picked":["Acrobatics","Outmaneuver"],"picked":"Crippling Poison","floor":4},{"not_picked":["Well Laid Plans","Predator"],"picked":"Cloak And Dagger","floor":5},{"not_picked":["Acrobatics","Backflip"],"picked":"Noxious Fumes","floor":8},{"not_picked":["Dodge and Roll","Backflip","Noxious Fumes"],"picked":"SKIP","floor":11},{"not_picked":["Dash","Dagger Spray","Outmaneuver"],"picked":"SKIP","floor":14},{"not_picked":["Reflex","Flying Knee"],"picked":"Leg Sweep+1","floor":18},{"not_picked":["Setup","Heel Hook"],"picked":"Flying Knee","floor":24},{"not_picked":["Underhanded Strike","Infinite Blades","Eviscerate+1"],"picked":"SKIP","floor":28},{"not_picked":["Crippling Poison","Outmaneuver","Finisher"],"picked":"SKIP","floor":29},{"not_picked":["Finisher","Backflip"],"picked":"Deadly Poison+1","floor":30},{"not_picked":["Distraction","Outmaneuver"],"picked":"Deflect+1","floor":31},{"not_picked":["Night Terror","Bullet Time"],"picked":"Die Die Die","floor":33},{"not_picked":["Backflip+1","Deadly Poison+1"],"picked":"Footwork+1","floor":35},{"not_picked":["Madness","Panacea"],"picked":"Secret Weapon","floor":36},{"not_picked":["Outmaneuver+1","Endless Agony"],"picked":"Skewer+1","floor":40},{"not_picked":["Flying Knee","Slice"],"picked":"Backflip+1","floor":42},{"not_picked":["Sucker Punch+1","Dodge and Roll","Slice"],"picked":"SKIP","floor":44},{"not_picked":["Slice+1","Prepared+1","Endless Agony+1"],"picked":"SKIP","floor":45},{"not_picked":["PiercingWail","Deflect"],"picked":"Flying Knee+1","floor":46}],"player_experience":171182,"relics_obtained":[{"floor":9,"key":"Kunai"},{"floor":9,"key":"Regal Pillow"},{"floor":26,"key":"Ornamental Fan"},{"floor":26,"key":"Mercury Hourglass"},{"floor":30,"key":"Incense Burner"},{"floor":40,"key":"Blood Vial"},{"floor":43,"key":"Nunchaku"}],"event_choices":[{"event_name":"Scrap Ooze","player_choice":"success","floor":3,"damage_taken":12},{"event_name":"The Lab","player_choice":"Got Potions","floor":7,"damage_taken":0},{"event_name":"Back to Basics","player_choice":"Simplicity","floor":19,"damage_taken":0},{"event_name":"Vampires","player_choice":"Ignored","floor":20,"damage_taken":0},{"event_name":"The Woman in Blue","player_choice":"Bought 0 Potions","floor":21,"damage_taken":0},{"event_name":"The Library","player_choice":"Heal","floor":22,"damage_taken":0},{"event_name":"SensoryStone","player_choice":"Memory 1","floor":36,"damage_taken":0},{"event_name":"Winding Halls","player_choice":"Writhe","floor":37,"damage_taken":0},{"event_name":"Duplicator","player_choice":"One dupe","floor":39,"damage_taken":0}],"is_beta":false,"boss_relics":[{"not_picked":["HoveringKite","Sozu","Busted Crown"]},{"not_picked":["Black Star","Runic Pyramid"],"picked":"WristBlade"}],"items_purged_floors":[38],"is_endless":false,"potions_floor_spawned":[4,8,11,14,16,24,28,30,31,35,40,42],"ascension_level":0}