{"gold_per_floor":[119,119,44,65,65,65,88,88,88,88,113,154,154,179,179,179],"floor_reached":16,"playtime":630,"items_purged":["Injury"],"score":98,"play_id":"4886dd9c-f4a7-4393-ad5e-5b19af676a37","local_time":"20180818235546","is_ascension_mode":false,"campfire_choices":[{"data":"Quick Slash","floor":6,"key":"SMITH"},{"data":"Neutralize","floor":8,"key":"SMITH"},{"floor":15,"key":"REST"}],"neow_cost":"NONE","seed_source_timestamp":344639807535555,"circlet_count":0,"master_deck":["Defend_G","Defend_G","Defend_G","Defend_G","Defend_G","Strike_G","Strike_G","Strike_G","Strike_G","Survivor","Neutralize+1","Blur","Quick Slash+1","Backstab","Backstab"],"relics":["Ring of the Snake","Golden Idol","Potion Belt","Mango","Shovel"],"potions_floor_usage":[12],"damage_taken":[{"damage":0,"enemies":"2 Louse","floor":1,"turns":3},{"damage":0,"enemies":"Jaw Worm","floor":4,"turns":7},{"damage":0,"enemies":"Cultist","floor":11,"turns":4},{"damage":40,"enemies":"3 Sentries","floor":12,"turns":14},{"damage":6,"enemies":"Exordium Thugs","floor":14,"turns":6},{"damage":64,"enemies":"The Guardian","floor":16,"turns":15}],"seed_played":"-6121616036334674206","potions_obtained":[{"floor":1,"key":"GhostInAJar"}],"is_trial":false,"path_per_floor":["M","?","$","M","$","R","T","R","T","?","M","E","$","M","R"],"character_chosen":"THE_SILENT","items_purchased":[],"campfire_rested":1,"item_purchase_floors":[],"current_hp_per_floor":[70,70,70,70,70,70,70,70,84,84,84,44,44,38,63,0],"gold":179,"neow_bonus":"TRANSFORM_CARD","is_prod":false,"is_daily":false,"chose_seed":false,"campfire_upgraded":2,"win_rate":0.0,"timestamp":1534650946,"path_taken":["M","?","?","?","?","R","?","R","T","?","M","E","?","M","R","BOSS"],"build_version":"2018-08-16","purchased_purges":1,"victory":false,"max_hp_per_floor":[70,70,70,70,70,70,70,70,84,84,84,84,84,84,84,84],"card_choices":[{"not_picked":["Choke","PiercingWail"],"picked":"Blur","floor":1},{"not_picked":["Backflip","Expertise"],"picked":"Quick Slash","floor":4},{"not_picked":["Blur","Prepared","Sucker Punch"],"picked":"SKIP","floor":11},{"not_picked":["Blade Dance","Concentrate"],"picked":"Backstab","floor":12},{"not_picked":["Slice","All Out Attack"],"picked":"Backstab","floor":14}],"player_experience":164070,"relics_obtained":[{"floor":7,"key":"Potion Belt"},{"floor":9,"key":"Mango"},{"floor":12,"key":"Shovel"}],"event_choices":[{"event_name":"Golden Idol","player_choice":"Take Wound","floor":2,"damage_taken":0},{"event_name":"Purifier","player_choice":"One Purge","floor":10,"damage_taken":0}],"is_beta":false,"boss_relics":[],"items_purged_floors":[3],"is_endless":false,"potions_floor_spawned":[1],"killed_by":"The Guardian","ascension_level":0}