{"gold_per_floor":[368,382,142,152,163,163,163,163,163,90,90,105,135,155,155,259,259,279,279,298,174,174,174,207,207,207,207,218,218,13,43,43,143,143,156,156,173,185,85,115,115,132,132,69,83,83,96,110,110,110],"floor_reached":51,"playtime":2499,"items_purged":["Strike_R","Strike_R","Strike_R"],"score":792,"play_id":"515002e5-c17c-425d-b141-a7aa580b3100","local_time":"20190910204218","is_ascension_mode":false,"campfire_choices":[{"data":"Perfected Strike","floor":6.0,"key":"SMITH"},{"data":"Pommel Strike","floor":8.0,"key":"SMITH"},{"data":"Cleave","floor":15.0,"key":"SMITH"},{"data":"True Grit","floor":23.0,"key":"SMITH"},{"data":"1","floor":25.0,"key":"LIFT"},{"data":"2","floor":27.0,"key":"LIFT"},{"data":"3","floor":32.0,"key":"LIFT"},{"data":"Heavy Blade","floor":41.0,"key":"SMITH"},{"data":"Body Slam","floor":46.0,"key":"SMITH"},{"data":"Armaments","floor":49,"key":"SMITH"}],"neow_cost":"PERCENT_DAMAGE","seed_source_timestamp":434122880995400,"circlet_count":0,"master_deck":["Strike_R","Strike_R","Defend_R","Defend_R","Defend_R","Defend_R","Bash","Headbutt","Perfected Strike+1","Pommel Strike+1","Heavy Blade+1","Havoc","Cleave+1","Twin Strike","True Grit+1","Shrug It Off+1","Perfected Strike+1","Perfected Strike","Heavy Blade","Pain","Thunderclap","Flex","Shrug It Off+1","Body Slam+1","Armaments+1"],"special_seed":0,"relics":["Burning Blood","Sling","Oddly Smooth Stone","Pear","Matryoshka","Coffee Dripper","MutagenicStrength","Girya","Strawberry","Bottled Lightning","Ornamental Fan","Membership Card","Boot","Busted Crown","WarpedTongs","Prayer Wheel","Mummified Hand","Gremlin Horn"],"potions_floor_usage":[47,50,50,50,50],"damage_taken":[{"damage":1.0,"enemies":"Cultist","floor":1.0,"turns":4.0},{"damage":4.0,"enemies":"Jaw Worm","floor":2.0,"turns":5.0},{"damage":0.0,"enemies":"Small Slimes","floor":4.0,"turns":2.0},{"damage":2.0,"enemies":"3 Louse","floor":5.0,"turns":3.0},{"damage":4.0,"enemies":"Looter","floor":12.0,"turns":2.0},{"damage":6.0,"enemies":"3 Sentries","floor":13.0,"turns":4.0},{"damage":0.0,"enemies":"Lots of Slimes","floor":14.0,"turns":3.0},{"damage":86.0,"enemies":"Hexaghost","floor":16.0,"turns":10.0},{"damage":26.0,"enemies":"Shell Parasite","floor":18.0,"turns":5.0},{"damage":0.0,"enemies":"3 Byrds","floor":20.0,"turns":5.0},{"damage":5.0,"enemies":"Gremlin Leader","floor":24.0,"turns":4.0},{"damage":0.0,"enemies":"Sentry and Sphere","floor":28.0,"turns":3.0},{"damage":16.0,"enemies":"Slavers","floor":31.0,"turns":5.0},{"damage":87.0,"enemies":"Collector","floor":33.0,"turns":12.0},{"damage":3.0,"enemies":"Orb Walker","floor":35.0,"turns":2.0},{"damage":5.0,"enemies":"3 Darklings","floor":37.0,"turns":3.0},{"damage":20.0,"enemies":"Spire Growth","floor":38.0,"turns":4.0},{"damage":15.0,"enemies":"Giant Head","floor":40.0,"turns":5.0},{"damage":3.0,"enemies":"Transient","floor":42.0,"turns":5.0},{"damage":5.0,"enemies":"4 Shapes","floor":45.0,"turns":4.0},{"damage":0,"enemies":"Spire Growth","floor":47,"turns":2},{"damage":0,"enemies":"Jaw Worm Horde","floor":48,"turns":3},{"damage":24,"enemies":"Donu and Deca","floor":50,"turns":7}],"seed_played":"741660277664595946","potions_obtained":[{"floor":1.0,"key":"Fire Potion"},{"floor":12.0,"key":"Poison Potion"},{"floor":13.0,"key":"BloodPotion"},{"floor":18.0,"key":"EntropicBrew"},{"floor":33.0,"key":"GamblersBrew"},{"floor":35.0,"key":"Block Potion"},{"floor":38.0,"key":"AttackPotion"},{"floor":40.0,"key":"Swift Potion"},{"floor":45.0,"key":"PowerPotion"}],"is_trial":false,"path_per_floor":["M","M","$","M","M","R","T","R","T","$","?","M","E","M","R","B",null,"M","?","M","$","?","R","E","R","T","R","M","?","$","E","R","B",null,"M","?","M","M","$","E","R","M","T","$","M","R","M","M","R","B",null],"character_chosen":"IRONCLAD","items_purchased":["Sling","Perfected Strike","Heavy Blade","Havoc","Strength Potion","Membership Card","Thunderclap","Flex"],"campfire_rested":0,"item_purchase_floors":[3,3,10,10,21,30,39,39],"current_hp_per_floor":[61,63,63,69,73,73,73,73,83,83,83,85,85,90,90,10,90,70,70,76,76,76,76,77,77,84,84,90,90,90,80,80,23,97,97,97,97,83,83,74,74,77,77,77,78,78,84,90,90,72],"gold":110,"neow_bonus":"TWO_FIFTY_GOLD","is_prod":false,"is_daily":false,"chose_seed":false,"campfire_upgraded":7,"win_rate":0,"timestamp":1568173338,"path_taken":["M","M","$","M","M","R","?","R","T","$","?","M","E","M","R","BOSS","M","?","M","$","?","R","E","R","T","R","M","?","$","E","R","BOSS","M","?","M","M","$","E","R","M","T","$","?","R","M","?","R","BOSS"],"build_version":"2019-07-17","purchased_purges":3,"victory":true,"max_hp_per_floor":[80,80,80,80,80,80,80,80,90,90,90,90,90,90,90,90,90,90,90,90,90,90,90,90,90,97,97,97,97,97,97,97,97,97,97,97,97,97,97,97,97,97,97,97,97,97,97,97,97,97],"card_choices":[{"not_picked":["Disarm","Intimidate","Inflame"],"picked":"SKIP","floor":1.0},{"not_picked":["Metallicize","Inflame"],"picked":"Headbutt","floor":2.0},{"not_picked":["Inflame","True Grit","Sword Boomerang"],"picked":"SKIP","floor":4.0},{"not_picked":["True Grit","Clothesline"],"picked":"Pommel Strike","floor":5.0},{"not_picked":["Berserk","Warcry"],"picked":"Cleave","floor":12.0},{"not_picked":["Sever Soul","Rampage","Pummel"],"picked":"SKIP","floor":13.0},{"not_picked":["Headbutt","Wild Strike"],"picked":"Twin Strike","floor":14.0},{"not_picked":["Havoc","Hemokinesis"],"picked":"True Grit","floor":18.0},{"not_picked":["Entrench","Intimidate"],"picked":"Shrug It Off+1","floor":20.0},{"not_picked":["Intimidate","Feel No Pain+1"],"picked":"Perfected Strike+1","floor":24.0},{"not_picked":["Shockwave","Wild Strike+1"],"picked":"Perfected Strike","floor":28.0},{"not_picked":["Spot Weakness","Brutality","Anger"],"picked":"SKIP","floor":31.0},{"not_picked":[],"picked":"Heavy Blade","floor":35.0},{"not_picked":["Havoc"],"picked":"SKIP","floor":37.0},{"not_picked":["Wild Strike+1"],"picked":"SKIP","floor":38.0},{"not_picked":[],"picked":"Shrug It Off+1","floor":40.0},{"not_picked":["Anger"],"picked":"SKIP","floor":42.0},{"not_picked":["Whirlwind"],"picked":"SKIP","floor":42.0},{"not_picked":[],"picked":"Body Slam","floor":45.0},{"not_picked":["Pummel+1"],"picked":"SKIP","floor":45.0},{"not_picked":[],"picked":"Armaments","floor":47},{"not_picked":["Rupture+1"],"picked":"SKIP","floor":47},{"not_picked":["Clash+1"],"picked":"SKIP","floor":48},{"not_picked":["Bloodletting+1"],"picked":"SKIP","floor":48}],"player_experience":891267,"relics_obtained":[{"floor":7.0,"key":"Oddly Smooth Stone"},{"floor":9.0,"key":"Pear"},{"floor":13.0,"key":"Matryoshka"},{"floor":24.0,"key":"Girya"},{"floor":26.0,"key":"Strawberry"},{"floor":26.0,"key":"Bottled Lightning"},{"floor":31.0,"key":"Boot"},{"floor":40.0,"key":"Prayer Wheel"},{"floor":43.0,"key":"Mummified Hand"},{"floor":43.0,"key":"Gremlin Horn"}],"event_choices":[{"damage_healed":0.0,"max_hp_gain":0.0,"max_hp_loss":0.0,"gold_gain":0.0,"event_name":"The Cleric","player_choice":"Leave","floor":11.0,"gold_loss":0.0,"damage_taken":0.0},{"damage_healed":0.0,"max_hp_gain":0.0,"max_hp_loss":0.0,"gold_gain":0.0,"event_name":"Drug Dealer","player_choice":"Inject Mutagens","floor":19.0,"gold_loss":0.0,"damage_taken":0.0,"relics_obtained":["MutagenicStrength"]},{"damage_healed":0.0,"max_hp_gain":0.0,"max_hp_loss":0.0,"gold_gain":0.0,"event_name":"Ghosts","player_choice":"Ignored","floor":22.0,"gold_loss":0.0,"damage_taken":0.0},{"damage_healed":0.0,"max_hp_gain":0.0,"max_hp_loss":0.0,"gold_gain":0.0,"event_name":"The Mausoleum","player_choice":"Opened","floor":29.0,"gold_loss":0.0,"damage_taken":0.0,"relics_obtained":["Ornamental Fan"]},{"damage_healed":0.0,"max_hp_gain":0.0,"max_hp_loss":0.0,"gold_gain":0.0,"event_name":"Accursed Blacksmith","player_choice":"Rummage","floor":36.0,"gold_loss":0.0,"damage_taken":0.0,"relics_obtained":["WarpedTongs"],"cards_obtained":["Pain"]}],"is_beta":false,"boss_relics":[{"not_picked":["Sozu","Philosopher\u0027s Stone"],"picked":"Coffee Dripper"},{"not_picked":["Black Blood","Eternal Feather"],"picked":"Busted Crown"}],"items_purged_floors":[21,39,44],"is_endless":false,"potions_floor_spawned":[1,12,13,18,33,35,38,40,45],"ascension_level":0}