{"gold_per_floor":[114,125,400,411,431,431,461,475,499,499,1,1,1,1,1,100,100,116,116,116,128,139,139,159,176,176,189,189,116,116,116],"floor_reached":31,"playtime":1385,"items_purged":["Regret"],"score":332,"play_id":"8779083b-3be8-4473-af86-620bae249879","local_time":"20190608235115","is_ascension_mode":true,"campfire_choices":[{"floor":6.0,"key":"REST"},{"floor":10.0,"key":"REST"},{"floor":15.0,"key":"REST"},{"floor":23.0,"key":"REST"},{"data":"Footwork","floor":28,"key":"SMITH"}],"neow_cost":"NONE","seed_source_timestamp":27689392732564,"circlet_count":0,"master_deck":["Defend_G","Defend_G","Defend_G","Defend_G","Defend_G","Strike_G","Strike_G","Strike_G","Strike_G","Survivor","Neutralize","Deadly Poison","Dodge and Roll","Flying Knee","Backstab","Poisoned Stab","Catalyst+1","Bane","Dash","Adrenaline","Flying Knee+1","Footwork+1","Backflip+1","Deadly Poison+1","Noxious Fumes"],"special_seed":0,"relics":["Ring of the Serpent","Pen Nib","The Specimen","Orichalcum","Meat on the Bone","Matryoshka","Vajra","Anchor"],"potions_floor_usage":[],"damage_taken":[{"damage":3.0,"enemies":"Cultist","floor":1.0,"turns":4.0},{"damage":1.0,"enemies":"Jaw Worm","floor":2.0,"turns":4.0},{"damage":5.0,"enemies":"2 Louse","floor":4.0,"turns":3.0},{"damage":38.0,"enemies":"Exordium Thugs","floor":5.0,"turns":9.0},{"damage":23.0,"enemies":"Lagavulin","floor":7.0,"turns":8.0},{"damage":3.0,"enemies":"Red Slaver","floor":8.0,"turns":2.0},{"damage":15.0,"enemies":"Hexaghost","floor":16.0,"turns":7.0},{"damage":28.0,"enemies":"Spheric Guardian","floor":18.0,"turns":6.0},{"damage":10.0,"enemies":"2 Thieves","floor":21.0,"turns":3.0},{"damage":17.0,"enemies":"Sentry and Sphere","floor":22.0,"turns":6.0},{"damage":0.0,"enemies":"Snecko","floor":24.0,"turns":4.0},{"damage":34,"enemies":"Snake Plant","floor":25,"turns":6},{"damage":2,"enemies":"Cultist and Chosen","floor":27,"turns":7},{"damage":17,"enemies":"Colosseum Slavers","floor":30,"turns":4},{"damage":36,"enemies":"Centurion and Healer","floor":31,"turns":5}],"seed_played":"7331041317021090019","potions_obtained":[{"floor":5.0,"key":"GhostInAJar"},{"floor":7.0,"key":"Poison Potion"},{"floor":16.0,"key":"GamblersBrew"},{"floor":18.0,"key":"Explosive Potion"},{"floor":21.0,"key":"Fire Potion"},{"floor":25,"key":"LiquidBronze"}],"is_trial":false,"path_per_floor":["M","M","?","M","M","R","E","M","T","R","$","?","?","$","R","B",null,"M","T","?","M","M","R","M","M","T","M","R","$","?","M"],"character_chosen":"THE_SILENT","items_purchased":["Catalyst","Meat on the Bone","Bane","Dash","Noxious Fumes"],"campfire_rested":4,"item_purchase_floors":[11,11,11,11,29],"current_hp_per_floor":[60,59,59,54,16,37,14,11,11,32,32,25,25,25,46,43,63,47,47,34,36,31,53,53,31,31,41,41,41,36,0],"gold":116,"neow_bonus":"RANDOM_COMMON_RELIC","is_prod":false,"is_daily":false,"chose_seed":false,"campfire_upgraded":1,"win_rate":0,"timestamp":1560052275,"path_taken":["M","M","?","M","?","R","E","M","T","R","?","?","?","?","R","BOSS","M","?","?","M","M","R","M","M","T","?","R","?","?","M"],"build_version":"2019-01-23","purchased_purges":1,"victory":false,"max_hp_per_floor":[70,70,70,70,70,70,70,70,70,70,70,70,70,70,70,70,70,70,70,75,75,75,75,75,75,75,75,75,75,75,75],"card_choices":[{"not_picked":["Poisoned Stab","Deflect"],"picked":"Deadly Poison","floor":1.0},{"not_picked":["Quick Slash","Dagger Throw"],"picked":"Dodge and Roll","floor":2.0},{"not_picked":["Predator","Acrobatics","Choke"],"picked":"SKIP","floor":4.0},{"not_picked":["Outmaneuver","Choke"],"picked":"Flying Knee","floor":5.0},{"not_picked":["Underhanded Strike","Predator"],"picked":"Backstab","floor":7.0},{"not_picked":["Phantasmal Killer","Masterful Stab"],"picked":"Poisoned Stab","floor":8.0},{"not_picked":["Grand Finale","Storm of Steel"],"picked":"Adrenaline","floor":16.0},{"not_picked":["Prepared","PiercingWail+1"],"picked":"Flying Knee+1","floor":18.0},{"not_picked":["Quick Slash","Storm of Steel"],"picked":"Footwork","floor":21.0},{"not_picked":["Acrobatics+1","Setup","Cloak And Dagger"],"picked":"SKIP","floor":22.0},{"not_picked":["Skewer","PiercingWail"],"picked":"Backflip+1","floor":24.0},{"not_picked":["Flying Knee","Calculated Gamble","Finisher"],"picked":"SKIP","floor":25},{"not_picked":["Deflect","Prepared"],"picked":"Deadly Poison+1","floor":27}],"player_experience":345446,"relics_obtained":[{"floor":7.0,"key":"The Specimen"},{"floor":9.0,"key":"Orichalcum"},{"floor":19.0,"key":"Matryoshka"},{"floor":26,"key":"Vajra"},{"floor":26,"key":"Anchor"}],"event_choices":[{"damage_healed":0.0,"max_hp_gain":0.0,"max_hp_loss":0.0,"gold_gain":275.0,"event_name":"Golden Shrine","player_choice":"Desecrate","floor":3.0,"gold_loss":0.0,"damage_taken":0.0,"cards_obtained":["Regret"]},{"cards_removed":["Strike_G"],"damage_healed":0.0,"max_hp_gain":0.0,"max_hp_loss":0.0,"gold_gain":0.0,"event_name":"Golden Wing","player_choice":"Card Removal","floor":12.0,"gold_loss":0.0,"damage_taken":7.0},{"damage_healed":0.0,"max_hp_gain":0.0,"max_hp_loss":0.0,"gold_gain":0.0,"event_name":"Living Wall","player_choice":"Grow","floor":13.0,"gold_loss":0.0,"damage_taken":0.0,"cards_upgraded":["Catalyst"]},{"damage_healed":0.0,"max_hp_gain":5.0,"max_hp_loss":0.0,"gold_gain":0.0,"event_name":"Forgotten Altar","player_choice":"Shed Blood","floor":20.0,"gold_loss":0.0,"damage_taken":18.0},{"damage_healed":0,"gold_gain":0,"player_choice":"Fight","damage_taken":0,"max_hp_gain":0,"max_hp_loss":0,"event_name":"Colosseum","floor":30,"gold_loss":0},{"damage_healed":0,"gold_gain":0,"player_choice":"Fled From Nobs","damage_taken":0,"max_hp_gain":0,"max_hp_loss":0,"event_name":"Colosseum","floor":30,"gold_loss":0}],"is_beta":false,"boss_relics":[{"not_picked":["WristBlade","White Beast Statue"],"picked":"Ring of the Serpent"}],"items_purged_floors":[11],"is_endless":false,"potions_floor_spawned":[5,7,16,18,21,25],"killed_by":"Centurion and Healer","ascension_level":8}