{"gold_per_floor":[118,128,148,165,184,184,184,184,260,335,360,360,360,360],"floor_reached":14,"playtime":410,"items_purged":[],"score":104,"play_id":"0e3e22c9-e9b6-4ed8-8396-f549cb8dffc2","local_time":"20190826130917","is_ascension_mode":true,"campfire_choices":[{"data":"Zap","floor":6.0,"key":"SMITH"},{"data":"Dualcast","floor":8.0,"key":"SMITH"},{"data":"Fission","floor":13,"key":"SMITH"}],"neow_cost":"NONE","seed_source_timestamp":952901322709900,"circlet_count":0,"master_deck":["Strike_B","Strike_B","Strike_B","Strike_B","Defend_B","Defend_B+1","Defend_B","Defend_B","Zap+1","Dualcast+1","Hologram","Redo","Fission+1","Steam","Melter","Go for the Eyes+1","Turbo"],"special_seed":0,"relics":["Cracked Core","The Courier","Ice Cream"],"potions_floor_usage":[11],"damage_taken":[{"damage":3.0,"enemies":"2 Louse","floor":1.0,"turns":2.0},{"damage":3.0,"enemies":"Jaw Worm","floor":2.0,"turns":4.0},{"damage":0.0,"enemies":"Cultist","floor":3.0,"turns":3.0},{"damage":5.0,"enemies":"Blue Slaver","floor":4.0,"turns":4.0},{"damage":13.0,"enemies":"Exordium Thugs","floor":5.0,"turns":4.0},{"damage":21,"enemies":"Gremlin Nob","floor":11,"turns":4}],"seed_played":"-7262166403484334804","potions_obtained":[{"floor":3.0,"key":"FocusPotion"},{"floor":4.0,"key":"Energy Potion"}],"is_trial":false,"path_per_floor":["M","M","M","M","M","R","?","R","T","?","E","T","R","?"],"character_chosen":"DEFECT","items_purchased":[],"campfire_rested":0,"item_purchase_floors":[],"current_hp_per_floor":[72,69,69,64,51,51,36,36,36,25,4,4,4,0],"gold":360,"neow_bonus":"THREE_CARDS","is_prod":false,"is_daily":false,"chose_seed":false,"campfire_upgraded":3,"win_rate":0,"timestamp":1566817757,"path_taken":["M","M","M","M","M","R","?","R","T","?","E","?","R","?"],"build_version":"2019-07-17","purchased_purges":0,"victory":false,"max_hp_per_floor":[75,75,75,75,75,75,75,75,75,75,75,75,75,75],"card_choices":[{"not_picked":["Ball Lightning","Stack"],"picked":"Hologram","floor":0.0},{"not_picked":["Cold Snap","Steam"],"picked":"Redo","floor":1.0},{"not_picked":["Loop","Streamline"],"picked":"Fission","floor":2.0},{"not_picked":["Compile Driver","Sweeping Beam"],"picked":"Steam","floor":3.0},{"not_picked":["Sweeping Beam","Barrage"],"picked":"Melter","floor":4.0},{"not_picked":["Compile Driver","Streamline"],"picked":"Go for the Eyes","floor":5.0},{"not_picked":["Barrage","Beam Cell"],"picked":"Turbo","floor":11}],"player_experience":210817,"relics_obtained":[{"floor":9.0,"key":"The Courier"},{"floor":11,"key":"Ice Cream"}],"event_choices":[{"damage_healed":0.0,"max_hp_gain":0.0,"max_hp_loss":0.0,"gold_gain":0.0,"event_name":"Shining Light","player_choice":"Entered Light","floor":7.0,"gold_loss":0.0,"damage_taken":15.0,"cards_upgraded":["Defend_B","Go for the Eyes"]},{"damage_healed":0.0,"max_hp_gain":0.0,"max_hp_loss":0.0,"gold_gain":75.0,"event_name":"World of Goop","player_choice":"Gather Gold","floor":10.0,"gold_loss":0.0,"damage_taken":11.0}],"is_beta":false,"boss_relics":[],"items_purged_floors":[],"is_endless":false,"potions_floor_spawned":[3,4],"ascension_level":3}