{"gold_per_floor":[118,118,134,84,102,102,133,133,185,89,122,122,122,138,138,241,241,255,255,265,283,302,302,320,350,377,393,393,393,428,353,353,448,448,459,559,559,469,487,487,502,529,556,590,601,601,27,43,43,43],"floor_reached":51,"playtime":2119,"items_purged":[],"score":1049,"play_id":"6158cdf9-646c-4a41-bd93-0af6a2dc2be9","local_time":"20190528173458","is_ascension_mode":true,"campfire_choices":[{"data":"Bouncing Flask","floor":6.0,"key":"SMITH"},{"data":"Backstab","floor":8.0,"key":"SMITH"},{"data":"Catalyst","floor":12.0,"key":"SMITH"},{"floor":15.0,"key":"REST"},{"floor":23.0,"key":"REST"},{"floor":29.0,"key":"REST"},{"floor":32.0,"key":"REST"},{"floor":40.0,"key":"REST"},{"floor":46,"key":"REST"},{"floor":49,"key":"REST"}],"neow_cost":"NONE","seed_source_timestamp":1151855240125353,"circlet_count":0,"master_deck":["Defend_G","Defend_G","Defend_G","Defend_G","Defend_G","Strike_G+1","Survivor","Neutralize+1","Bouncing Flask+1","Backstab+1","Catalyst+1","Poisoned Stab+1","Backstab","Adrenaline","Dagger Spray+1","Masterful Stab","Footwork","Backstab","Catalyst","Catalyst+1","Noxious Fumes","PiercingWail","Backstab+1","Bouncing Flask+1","Footwork"],"special_seed":0,"relics":["Ring of the Snake","Vajra","Oddly Smooth Stone","Strawberry","Black Star","Tough Bandages","Darkstone Periapt","Happy Flower","Matryoshka","Bag of Preparation","Empty Cage","Bird Faced Urn","Snake Skull","The Specimen","Letter Opener","Potion Belt","Sundial","PreservedInsect","Bronze Scales","Incense Burner"],"potions_floor_usage":[50,50],"damage_taken":[{"damage":0.0,"enemies":"2 Louse","floor":1.0,"turns":3.0},{"damage":0.0,"enemies":"Cultist","floor":3.0,"turns":4.0},{"damage":0.0,"enemies":"Jaw Worm","floor":5.0,"turns":5.0},{"damage":23.0,"enemies":"Lagavulin","floor":7.0,"turns":6.0},{"damage":5.0,"enemies":"Gremlin Nob","floor":11.0,"turns":3.0},{"damage":0.0,"enemies":"3 Louse","floor":14.0,"turns":2.0},{"damage":12.0,"enemies":"The Guardian","floor":16.0,"turns":7.0},{"damage":13.0,"enemies":"2 Thieves","floor":18.0,"turns":3.0},{"damage":3.0,"enemies":"Chosen","floor":20.0,"turns":2.0},{"damage":21.0,"enemies":"Centurion and Healer","floor":21.0,"turns":5.0},{"damage":12.0,"enemies":"Chosen and Byrds","floor":22.0,"turns":4.0},{"damage":2.0,"enemies":"Snecko","floor":24.0,"turns":5.0},{"damage":31.0,"enemies":"Slavers","floor":25.0,"turns":7.0},{"damage":5.0,"enemies":"Centurion and Healer","floor":27.0,"turns":4.0},{"damage":40.0,"enemies":"Book of Stabbing","floor":30.0,"turns":5.0},{"damage":27.0,"enemies":"Collector","floor":33.0,"turns":4.0},{"damage":33.0,"enemies":"3 Darklings","floor":35.0,"turns":7.0},{"damage":12.0,"enemies":"Mind Bloom Boss Battle","floor":36.0,"turns":6.0},{"damage":0.0,"enemies":"3 Shapes","floor":39.0,"turns":3.0},{"damage":36.0,"enemies":"Spire Growth","floor":41.0,"turns":4.0},{"damage":25.0,"enemies":"Reptomancer","floor":42.0,"turns":4.0},{"damage":3.0,"enemies":"Nemesis","floor":44.0,"turns":3.0},{"damage":16,"enemies":"Maw","floor":45,"turns":4},{"damage":16,"enemies":"3 Darklings","floor":48,"turns":3},{"damage":1,"enemies":"Time Eater","floor":50,"turns":4}],"seed_played":"4135423727719715335","potions_obtained":[{"floor":1.0,"key":"AttackPotion"},{"floor":3.0,"key":"Poison Potion"},{"floor":14.0,"key":"FearPotion"},{"floor":20.0,"key":"SteroidPotion"},{"floor":25.0,"key":"Block Potion"},{"floor":27.0,"key":"EssenceOfSteel"},{"floor":36.0,"key":"Regen Potion"},{"floor":41.0,"key":"Regen Potion"},{"floor":42.0,"key":"FearPotion"},{"floor":44.0,"key":"PowerPotion"}],"is_trial":false,"path_per_floor":["M","?","M","?","M","R","E","R","T","$","E","R","?","M","R","B",null,"M","?","M","M","M","R","M","E","T","M","?","R","E","?","R","B",null,"M","?","?","?","M","R","M","E","T","E","M","R","$","M","R","B",null],"character_chosen":"THE_SILENT","items_purchased":["Catalyst","Poisoned Stab","Bronze Scales","GhostInAJar","Incense Burner","Footwork"],"campfire_rested":7,"item_purchase_floors":[10,10,47,47,47,47],"current_hp_per_floor":[70,70,70,70,70,70,47,47,47,47,49,49,49,49,74,62,79,66,66,63,42,30,55,53,22,22,17,45,70,30,30,55,28,70,37,25,52,52,54,81,49,28,28,54,40,67,67,53,80,81],"gold":43,"neow_bonus":"TEN_PERCENT_HP_BONUS","is_prod":false,"is_daily":false,"chose_seed":false,"campfire_upgraded":3,"win_rate":0,"timestamp":1559079298,"path_taken":["M","?","?","?","M","R","E","R","T","$","E","R","?","M","R","BOSS","M","?","?","M","M","R","M","E","T","M","?","R","E","?","R","BOSS","M","?","?","?","M","R","?","E","T","E","M","R","$","M","R","BOSS"],"build_version":"2019-01-23","purchased_purges":0,"victory":true,"max_hp_per_floor":[77,77,77,77,77,77,77,77,77,77,84,84,84,84,84,84,84,84,84,84,84,84,84,84,84,84,84,84,84,84,84,84,84,84,84,84,90,90,90,90,90,90,90,90,90,90,90,90,90,90],"card_choices":[{"not_picked":["Heel Hook","Acrobatics","Bane"],"picked":"SKIP","floor":1.0},{"not_picked":["Quick Slash","Reflex","Dodge and Roll"],"picked":"SKIP","floor":3.0},{"not_picked":["Riddle With Holes","Poisoned Stab"],"picked":"Bouncing Flask","floor":5.0},{"not_picked":["Burst","Caltrops"],"picked":"Backstab","floor":7.0},{"not_picked":["Calculated Gamble","Quick Slash","Predator"],"picked":"SKIP","floor":11.0},{"not_picked":["Underhanded Strike","Masterful Stab"],"picked":"Backstab","floor":14.0},{"not_picked":["Malaise","Venomology"],"picked":"Adrenaline","floor":16.0},{"not_picked":["Reflex","Acrobatics+1"],"picked":"Dagger Spray+1","floor":18.0},{"not_picked":["Cloak And Dagger","Dodge and Roll"],"picked":"Footwork","floor":20.0},{"not_picked":["Blade Dance","Quick Slash","PiercingWail"],"picked":"SKIP","floor":21.0},{"not_picked":["Caltrops","Dodge and Roll"],"picked":"Backstab","floor":22.0},{"not_picked":["Dash","Underhanded Strike+1","Escape Plan"],"picked":"SKIP","floor":24.0},{"not_picked":["Acrobatics+1","All Out Attack"],"picked":"Catalyst","floor":25.0},{"not_picked":["Caltrops","Dodge and Roll"],"picked":"Catalyst+1","floor":27.0},{"not_picked":["Reflex","Cloak And Dagger","Slice"],"picked":"SKIP","floor":30.0},{"not_picked":["Flying Knee","Quick Slash+1"],"picked":"Noxious Fumes","floor":35.0},{"not_picked":["Underhanded Strike","Dagger Spray+1"],"picked":"PiercingWail","floor":36.0},{"not_picked":["Cloak And Dagger+1","Bane","Poisoned Stab"],"picked":"SKIP","floor":39.0},{"not_picked":["Dodge and Roll","Sucker Punch","Deflect"],"picked":"SKIP","floor":41.0},{"not_picked":["Calculated Gamble","Reflex+1"],"picked":"Backstab+1","floor":42.0},{"not_picked":["Grand Finale","Escape Plan"],"picked":"Bouncing Flask+1","floor":44.0},{"not_picked":["Acrobatics","Quick Slash+1","Dagger Spray+1"],"picked":"SKIP","floor":45},{"not_picked":["Poisoned Stab+1","Dagger Spray","Dagger Throw"],"picked":"SKIP","floor":48}],"player_experience":310889,"relics_obtained":[{"floor":7.0,"key":"Vajra"},{"floor":9.0,"key":"Oddly Smooth Stone"},{"floor":11.0,"key":"Strawberry"},{"floor":25.0,"key":"Tough Bandages"},{"floor":25.0,"key":"Darkstone Periapt"},{"floor":26.0,"key":"Happy Flower"},{"floor":30.0,"key":"Matryoshka"},{"floor":30.0,"key":"Bag of Preparation"},{"floor":36.0,"key":"Bird Faced Urn"},{"floor":42.0,"key":"Snake Skull"},{"floor":42.0,"key":"The Specimen"},{"floor":43.0,"key":"Letter Opener"},{"floor":43.0,"key":"Potion Belt"},{"floor":44.0,"key":"Sundial"},{"floor":44.0,"key":"PreservedInsect"}],"event_choices":[{"damage_healed":0.0,"max_hp_gain":0.0,"max_hp_loss":0.0,"gold_gain":0.0,"event_name":"Upgrade Shrine","player_choice":"Upgraded","floor":2.0,"gold_loss":0.0,"damage_taken":0.0,"cards_upgraded":["Neutralize"]},{"cards_removed":["Strike_G"],"damage_healed":0.0,"max_hp_gain":0.0,"max_hp_loss":0.0,"gold_gain":0.0,"event_name":"The Cleric","player_choice":"Card Removal","floor":4.0,"gold_loss":50.0,"damage_taken":0.0},{"damage_healed":0.0,"max_hp_gain":0.0,"max_hp_loss":0.0,"gold_gain":0.0,"event_name":"Living Wall","player_choice":"Grow","floor":13.0,"gold_loss":0.0,"damage_taken":0.0,"cards_upgraded":["Poisoned Stab"]},{"damage_healed":0.0,"max_hp_gain":0.0,"max_hp_loss":0.0,"gold_gain":0.0,"event_name":"Match and Keep!","player_choice":"1 cards matched","floor":19.0,"gold_loss":0.0,"damage_taken":0.0,"cards_obtained":["Masterful Stab"]},{"damage_healed":28.0,"max_hp_gain":0.0,"max_hp_loss":0.0,"gold_gain":0.0,"event_name":"The Library","player_choice":"Heal","floor":28.0,"gold_loss":0.0,"damage_taken":0.0},{"cards_removed":["Strike_G"],"damage_healed":0.0,"max_hp_gain":0.0,"max_hp_loss":0.0,"gold_gain":0.0,"event_name":"Beggar","player_choice":"Gave Gold","floor":31.0,"gold_loss":75.0,"damage_taken":0.0},{"damage_healed":0.0,"max_hp_gain":0.0,"max_hp_loss":0.0,"gold_gain":0.0,"event_name":"MindBloom","player_choice":"Fight","floor":36.0,"gold_loss":0.0,"damage_taken":0.0},{"damage_healed":21.0,"max_hp_gain":0.0,"max_hp_loss":0.0,"gold_gain":0.0,"event_name":"Winding Halls","player_choice":"Writhe","floor":37.0,"gold_loss":0.0,"damage_taken":0.0,"cards_obtained":["Writhe"]},{"cards_removed":["Writhe"],"damage_healed":0.0,"max_hp_gain":0.0,"max_hp_loss":0.0,"gold_gain":0.0,"event_name":"Designer","player_choice":"Upgrade and Remove","floor":38.0,"gold_loss":90.0,"damage_taken":0.0,"cards_upgraded":["Strike_G"]}],"is_beta":false,"boss_relics":[{"not_picked":["Runic Dome","Philosopher\u0027s Stone"],"picked":"Black Star"},{"not_picked":["Runic Pyramid","Astrolabe"],"picked":"Empty Cage"}],"items_purged_floors":[],"is_endless":false,"potions_floor_spawned":[1,3,14,20,25,27,36,41,42,44],"ascension_level":6}