{"path_per_floor":["M","M","$","M","M","R","E","R","T","?","M","E","M","M","R","B",null,"M","?","?"],"character_chosen":"THE_SILENT","items_purchased":["Backstab"],"gold_per_floor":[114,129,39,54,69,69,99,99,99,99,114,144,159,174,174,274,274,289,289,289],"floor_reached":21,"campfire_rested":1,"playtime":1573,"current_hp_per_floor":[70,70,70,70,70,70,54,54,54,42,40,34,34,34,55,18,18,6,6,6],"items_purged":[],"gold":289,"score":191,"play_id":"256c5518-1891-44ab-930f-917ac9fe754b","local_time":"20180306000910","daily_mods":[{"name":"All Star","description":"Start with 2 colorless cards.","modID":"Allstar","img":{"data":{"file":{"file":{"path":"images\\ui\\run_mods\\all_star.png"},"type":"Internal"},"width":64,"height":64,"format":"RGBA8888","useMipMaps":false,"isPrepared":false},"glTarget":3553,"glHandle":684,"minFilter":"Linear","magFilter":"Linear","uWrap":"ClampToEdge","vWrap":"ClampToEdge"},"positive":true},{"name":"Lethal Enemies","description":"All enemies start with +3 Strength.","modID":"Lethal Enemies","img":{"data":{"file":{"file":{"path":"images\\ui\\run_mods\\lethal_enemies.png"},"type":"Internal"},"width":64,"height":64,"format":"RGBA8888","useMipMaps":false,"isPrepared":false},"glTarget":3553,"glHandle":675,"minFilter":"Linear","magFilter":"Linear","uWrap":"ClampToEdge","vWrap":"ClampToEdge"},"positive":false},{"name":"Restless Journey","description":"You no longer heal when entering new acts.","modID":"Restless Journey","img":{"data":{"file":{"file":{"path":"images\\ui\\run_mods\\restless_journey.png"},"type":"Internal"},"width":64,"height":64,"format":"RGBA8888","useMipMaps":false,"isPrepared":false},"glTarget":3553,"glHandle":676,"minFilter":"Linear","magFilter":"Linear","uWrap":"ClampToEdge","vWrap":"ClampToEdge"},"positive":false},{"name":"Vintage","description":"The Merchant\u0027s prices are increased by 25%.","modID":"Vintage","img":{"data":{"file":{"file":{"path":"images\\ui\\run_mods\\vintage.png"},"type":"Internal"},"width":64,"height":64,"format":"RGBA8888","useMipMaps":false,"isPrepared":false},"glTarget":3553,"glHandle":677,"minFilter":"Linear","magFilter":"Linear","uWrap":"ClampToEdge","vWrap":"ClampToEdge"},"positive":false}],"is_prod":false,"is_daily":true,"is_ascension_mode":false,"campfire_upgraded":2,"timestamp":1520266150,"path_taken":["M","M","$","M","M","R","E","R","T","?","M","E","M","M","R","BOSS","M","?","?","?"],"build_version":"2018-03-01-PROD1","purchased_purges":0,"victory":false,"master_deck":["Defend_G","Defend_G","Strike_G","Strike_G","Strike_G","Strike_G","Survivor","Neutralize","Dramatic Entrance","Trip+1","Dagger Throw","Backstab","Flying Knee","Malaise+1","After Image","Die Die Die","Die Die Die+1","Catalyst+1","Prepared+1","Caltrops+1","Backstab","Bandage Up"],"max_hp_per_floor":[70,70,70,70,70,70,70,70,70,70,70,70,70,70,70,70,70,70,70,70],"relics":["Ring of the Snake","Bag of Marbles","Dodecahedron","Toolbox","Astrolabe"],"card_choices":[{"not_picked":["Sucker Punch","Catalyst"],"picked":"Dagger Throw"},{"not_picked":["Dagger Throw","Deflect"],"picked":"Flying Knee"},{"not_picked":["PiercingWail","Dodge and Roll"],"picked":"Malaise"},{"not_picked":["Prepared","Reflex"],"picked":"After Image"},{"not_picked":["Venomology","Tactician"],"picked":"Die Die Die"},{"not_picked":["Poisoned Stab","Slice"],"picked":"Caltrops"}],"player_experience":432355,"potions_floor_usage":[7,12,12,21,21],"damage_taken":[{"damage":0,"enemies":"Jaw Worm","floor":1,"turns":3},{"damage":0,"enemies":"2 Louse","floor":2,"turns":2},{"damage":0,"enemies":"Cultist","floor":4,"turns":2},{"damage":0,"enemies":"Gremlin Gang","floor":5,"turns":3},{"damage":16,"enemies":"3 Sentries","floor":7,"turns":8},{"damage":2,"enemies":"Exordium Wildlife","floor":11,"turns":2},{"damage":6,"enemies":"Gremlin Nob","floor":12,"turns":3},{"damage":0,"enemies":"Exordium Thugs","floor":13,"turns":4},{"damage":0,"enemies":"3 Louse","floor":14,"turns":2},{"damage":37,"enemies":"The Guardian","floor":16,"turns":19},{"damage":12,"enemies":"3 Byrds","floor":18,"turns":3},{"damage":26,"enemies":"Spheric Guardian","floor":21,"turns":3}],"event_choices":[{"event_name":"Scrap Ooze","player_choice":"success","floor":10,"damage_taken":12},{"event_name":"Transmorgrifier","player_choice":"Transform","floor":19,"damage_taken":0},{"event_name":"Match and Keep!","player_choice":"1 cards matched","floor":20,"damage_taken":0}],"boss_relics":[{"not_picked":["Snecko Eye","Black Star"],"picked":"Astrolabe"}],"potions_floor_spawned":[4,7,11,16,18],"seed_played":"1440800474786276678","killed_by":"Spheric Guardian","ascension_level":0,"is_trial":false}