{"gold_per_floor":[216,226,206,217,234,234,251,251,251,22,37,70,90,123,123,227,227,243,43,43,43,57,57,57],"floor_reached":24,"playtime":841,"items_purged":["Strike_R"],"score":374,"play_id":"2fea1b79-c9c3-4955-9746-d31b48203a8b","local_time":"20190528123004","is_ascension_mode":true,"campfire_choices":[{"data":"Flex","floor":6.0,"key":"SMITH"},{"data":"Heavy Blade","floor":8.0,"key":"SMITH"},{"data":"Demon Form","floor":15.0,"key":"SMITH"},{"floor":23.0,"key":"REST"}],"neow_cost":"NONE","seed_source_timestamp":1134658560632376,"circlet_count":0,"master_deck":["Strike_R+1","Strike_R+1","Strike_R+1","Strike_R+1","Defend_R+1","Defend_R+1","Defend_R+1","Defend_R+1","Bash","Flex+1","Heavy Blade+1","Demon Form+1","Heavy Blade+1","Double Tap","Shrug It Off","Cleave+1"],"special_seed":0,"relics":["Burning Blood","Gremlin Horn","Regal Pillow","Molten Egg 2","Smiling Mask","Black Star","Happy Flower","Meat on the Bone"],"potions_floor_usage":[],"damage_taken":[{"damage":3.0,"enemies":"Jaw Worm","floor":1.0,"turns":5.0},{"damage":1.0,"enemies":"Cultist","floor":2.0,"turns":3.0},{"damage":3.0,"enemies":"2 Louse","floor":4.0,"turns":4.0},{"damage":9.0,"enemies":"Exordium Wildlife","floor":5.0,"turns":5.0},{"damage":0.0,"enemies":"3 Louse","floor":7.0,"turns":1.0},{"damage":7.0,"enemies":"Exordium Thugs","floor":11.0,"turns":4.0},{"damage":32.0,"enemies":"Gremlin Nob","floor":12.0,"turns":4.0},{"damage":11.0,"enemies":"Blue Slaver","floor":13.0,"turns":4.0},{"damage":33.0,"enemies":"Lagavulin","floor":14.0,"turns":5.0},{"damage":0.0,"enemies":"Slime Boss","floor":16.0,"turns":5.0},{"damage":63.0,"enemies":"3 Byrds","floor":18.0,"turns":5.0},{"damage":0.0,"enemies":"Spheric Guardian","floor":22.0,"turns":3.0},{"damage":72,"enemies":"Slavers","floor":24,"turns":3}],"seed_played":"2619652610816105731","potions_obtained":[{"floor":1.0,"key":"PowerPotion"},{"floor":3.0,"key":"SteroidPotion"},{"floor":5.0,"key":"Explosive Potion"},{"floor":7.0,"key":"EssenceOfSteel"},{"floor":11.0,"key":"Strength Potion"}],"is_trial":false,"path_per_floor":["M","M","?","M","M","R","M","R","T","$","M","E","M","E","R","B",null,"M","$","?","?","M","R","E"],"character_chosen":"IRONCLAD","items_purchased":["Demon Form","Regal Pillow","Happy Flower"],"campfire_rested":1,"item_purchase_floors":[10,10,19],"current_hp_per_floor":[75,80,80,80,77,77,80,80,80,80,79,53,48,21,21,27,67,10,10,10,10,28,67,0],"gold":57,"neow_bonus":"HUNDRED_GOLD","is_prod":false,"is_daily":false,"chose_seed":false,"campfire_upgraded":3,"win_rate":0,"timestamp":1559061004,"path_taken":["M","M","?","M","M","R","M","R","T","$","?","E","M","E","R","BOSS","M","$","?","?","M","R","E"],"build_version":"2019-01-23","purchased_purges":1,"victory":false,"max_hp_per_floor":[80,80,80,80,80,80,80,80,80,80,80,80,80,80,80,80,80,80,80,80,80,80,80,80],"card_choices":[{"not_picked":["Thunderclap","Rage"],"picked":"Flex","floor":1.0},{"not_picked":["Blood for Blood","Thunderclap","Ghostly Armor"],"picked":"SKIP","floor":2.0},{"not_picked":["Body Slam","Havoc","Infernal Blade"],"picked":"SKIP","floor":4.0},{"not_picked":["Clash","Iron Wave","Cleave"],"picked":"SKIP","floor":5.0},{"not_picked":["Cleave","Wild Strike"],"picked":"Heavy Blade","floor":7.0},{"not_picked":["Thunderclap","Havoc","Corruption"],"picked":"SKIP","floor":11.0},{"not_picked":["Pommel Strike","Iron Wave","Rage"],"picked":"SKIP","floor":12.0},{"not_picked":["Rampage+1","Disarm"],"picked":"Heavy Blade+1","floor":13.0},{"not_picked":["Rage","Fire Breathing","Sword Boomerang+1"],"picked":"SKIP","floor":14.0},{"not_picked":["Berserk","Exhume"],"picked":"Double Tap","floor":16.0},{"not_picked":["Armaments","Warcry"],"picked":"Shrug It Off","floor":18.0},{"not_picked":["Rampage+1","True Grit"],"picked":"Cleave+1","floor":22.0}],"player_experience":298539,"relics_obtained":[{"floor":9.0,"key":"Gremlin Horn"},{"floor":12.0,"key":"Molten Egg 2"},{"floor":14.0,"key":"Smiling Mask"}],"event_choices":[{"damage_healed":0.0,"max_hp_gain":0.0,"max_hp_loss":0.0,"gold_gain":0.0,"event_name":"The Woman in Blue","player_choice":"Bought 1 Potion","floor":3.0,"gold_loss":0.0,"damage_taken":0.0},{"damage_healed":0.0,"max_hp_gain":0.0,"max_hp_loss":0.0,"gold_gain":0.0,"event_name":"Back to Basics","player_choice":"Simplicity","floor":20.0,"gold_loss":0.0,"damage_taken":0.0,"cards_upgraded":["Strike_R","Strike_R","Strike_R","Strike_R","Defend_R","Defend_R","Defend_R","Defend_R"]},{"damage_healed":0.0,"max_hp_gain":0.0,"max_hp_loss":0.0,"gold_gain":0.0,"event_name":"The Mausoleum","player_choice":"Opened","floor":21.0,"gold_loss":0.0,"damage_taken":0.0,"relics_obtained":["Meat on the Bone"]}],"is_beta":false,"boss_relics":[{"not_picked":["Pandora\u0027s Box","Sozu"],"picked":"Black Star"}],"items_purged_floors":[19],"is_endless":false,"potions_floor_spawned":[1,5,7,11],"killed_by":"Slavers","ascension_level":9}