{"gold_per_floor":[364,439,144,162,162,162,182,21,21,46,46,64,64,64,64,161,191,174,174,185,85,97,97,111,111,111,111,111,210,6,17,17,122,122,138,138,13,13,23,23,23,23,23,23,23,23,70,81,81,81],"floor_reached":51,"playtime":2409,"items_purged":["Pain","Normality","Shame"],"score":689,"play_id":"9604612f-a5e7-4c0d-b58e-3d9ab6b63229","local_time":"20190604153029","is_ascension_mode":false,"campfire_choices":[{"data":"Noxious Fumes","floor":6.0,"key":"SMITH"},{"data":"Catalyst","floor":15.0,"key":"SMITH"},{"floor":23.0,"key":"REST"},{"data":"Footwork","floor":25.0,"key":"SMITH"},{"data":"Footwork","floor":27.0,"key":"SMITH"},{"floor":32.0,"key":"REST"},{"data":"Prepared","floor":40.0,"key":"SMITH"},{"data":"Dodge and Roll","floor":41.0,"key":"SMITH"},{"data":"Flying Knee","floor":44.0,"key":"SMITH"},{"data":"Corpse Explosion","floor":45.0,"key":"SMITH"},{"floor":49.0,"key":"REST"}],"neow_cost":"CURSE","seed_source_timestamp":0,"circlet_count":0,"master_deck":["Defend_G","Defend_G","Defend_G","Defend_G","Defend_G","Strike_G","Strike_G","Strike_G","Survivor","Neutralize","Backflip+1","Underhanded Strike","Acrobatics","Noxious Fumes+1","Flying Knee+1","Footwork+1","Flash of Steel","Catalyst+1","Prepared+1","Die Die Die+1","Writhe","Crippling Poison+1","Footwork+1","Corpse Explosion+1","Bane+1","Escape Plan","Bane+1","Writhe","Dodge and Roll+1","Dash+1","Dash+1"],"special_seed":0,"relics":["Ring of the Snake","Ninja Scroll","The Specimen","Gremlin Horn","Calling Bell","Tiny Chest","Darkstone Periapt","WingedGreaves","Blue Candle","Vajra","ClockworkSouvenir","Sozu","Pantograph","Gambling Chip"],"potions_floor_usage":[50],"damage_taken":[{"damage":4.0,"enemies":"Cultist","floor":1.0,"turns":5.0},{"damage":0.0,"enemies":"2 Louse","floor":4.0,"turns":2.0},{"damage":0.0,"enemies":"Jaw Worm","floor":7.0,"turns":5.0},{"damage":28.0,"enemies":"Gremlin Nob","floor":10.0,"turns":5.0},{"damage":0.0,"enemies":"Lots of Slimes","floor":12.0,"turns":2.0},{"damage":10.0,"enemies":"Slime Boss","floor":16.0,"turns":7.0},{"damage":20.0,"enemies":"2 Thieves","floor":18.0,"turns":4.0},{"damage":10.0,"enemies":"3 Byrds","floor":20.0,"turns":3.0},{"damage":11.0,"enemies":"Centurion and Healer","floor":22.0,"turns":6.0},{"damage":0.0,"enemies":"3 Cultists","floor":24.0,"turns":2.0},{"damage":2.0,"enemies":"Shelled Parasite and Fungi","floor":31.0,"turns":6.0},{"damage":62.0,"enemies":"Champ","floor":33.0,"turns":13.0},{"damage":30.0,"enemies":"3 Darklings","floor":35.0,"turns":3.0},{"damage":0.0,"enemies":"Orb Walker","floor":39.0,"turns":4.0},{"damage":20.0,"enemies":"2 Orb Walkers","floor":47.0,"turns":4.0},{"damage":15.0,"enemies":"3 Darklings","floor":48.0,"turns":2.0},{"damage":37,"enemies":"Donu and Deca","floor":50,"turns":6}],"seed_played":"-3445125565858572919","potions_obtained":[{"floor":4.0,"key":"AttackPotion"},{"floor":10.0,"key":"SkillPotion"},{"floor":18.0,"key":"Weak Potion"},{"floor":24.0,"key":"SpeedPotion"},{"floor":31.0,"key":"Poison Potion"}],"is_trial":false,"path_per_floor":["M","?","$","M","?","R","M","$","T","E","T","M","?","$","R","B",null,"M","?","M","$","M","R","M","R","T","R","T","?","$","M","R","B",null,"M","?","$","?","M","R","R","$","T","R","R","?","?","M","R","B",null],"character_chosen":"THE_SILENT","items_purchased":["Underhanded Strike","Acrobatics","Noxious Fumes","PowerPotion","Footwork","Flash of Steel","ClockworkSouvenir"],"campfire_rested":3,"item_purchase_floors":[3,3,3,3,8,8,30],"current_hp_per_floor":[66,55,55,55,55,55,55,55,55,27,27,27,20,20,20,10,70,50,50,40,40,29,50,50,50,50,50,50,50,50,48,69,7,70,40,40,40,64,64,64,64,64,64,64,64,64,44,29,51,39],"gold":81,"neow_bonus":"TWO_FIFTY_GOLD","is_prod":false,"is_daily":false,"chose_seed":false,"campfire_upgraded":8,"win_rate":0,"timestamp":1559676629,"path_taken":["M","?","$","M","?","R","M","$","T","E","?","?","?","?","R","BOSS","M","?","?","$","?","R","M","R","T","R","?","?","$","M","R","BOSS","M","?","$","?","M","R","R","$","T","R","R","?","?","M","R","BOSS"],"build_version":"2019-01-23","purchased_purges":3,"victory":true,"max_hp_per_floor":[70,70,70,70,70,70,70,70,70,70,70,70,70,70,70,70,70,70,70,70,70,70,70,70,70,70,70,70,70,70,70,70,70,70,70,70,70,76,76,76,76,76,76,76,76,76,76,76,76,76],"card_choices":[{"not_picked":["Flying Knee","Poisoned Stab"],"picked":"Backflip","floor":1.0},{"not_picked":["Finisher","Skewer","PiercingWail"],"picked":"SKIP","floor":4.0},{"not_picked":["Finisher","Skewer","PiercingWail"],"picked":"SKIP","floor":4.0},{"not_picked":["Dagger Throw","Crippling Poison"],"picked":"Flying Knee","floor":7.0},{"not_picked":["Flying Knee","Dagger Throw"],"picked":"Catalyst","floor":10.0},{"not_picked":["Dagger Spray","Eviscerate"],"picked":"Prepared","floor":12.0},{"not_picked":["Venomology","Night Terror"],"picked":"Die Die Die","floor":16.0},{"not_picked":["PiercingWail+1","Backflip"],"picked":"Crippling Poison+1","floor":18.0},{"not_picked":["Prepared","Deflect"],"picked":"Footwork","floor":20.0},{"not_picked":["Poisoned Stab","Concentrate"],"picked":"Corpse Explosion","floor":22.0},{"not_picked":["Deadly Poison","Cloak And Dagger+1"],"picked":"Bane+1","floor":24.0},{"not_picked":["Acrobatics","Cloak And Dagger+1"],"picked":"Escape Plan","floor":31.0},{"not_picked":["Choke+1","Skewer+1"],"picked":"Bane+1","floor":35.0},{"not_picked":["Terror+1","Dagger Throw+1"],"picked":"Dodge and Roll","floor":39.0},{"not_picked":["Acrobatics+1","Cloak And Dagger"],"picked":"Dash+1","floor":47.0},{"not_picked":["Outmaneuver","Quick Slash"],"picked":"Dash+1","floor":48.0}],"player_experience":320723,"relics_obtained":[{"floor":9.0,"key":"Ninja Scroll"},{"floor":10.0,"key":"The Specimen"},{"floor":11.0,"key":"Gremlin Horn"},{"floor":17.0,"key":"Tiny Chest"},{"floor":17.0,"key":"Darkstone Periapt"},{"floor":17.0,"key":"WingedGreaves"},{"floor":26.0,"key":"Blue Candle"},{"floor":28.0,"key":"Vajra"},{"floor":43.0,"key":"Pantograph"},{"floor":47.0,"key":"Gambling Chip"}],"event_choices":[{"damage_healed":0.0,"max_hp_gain":0.0,"max_hp_loss":0.0,"gold_gain":75.0,"event_name":"World of Goop","player_choice":"Gather Gold","floor":2.0,"gold_loss":0.0,"damage_taken":11.0},{"damage_healed":0.0,"max_hp_gain":0.0,"max_hp_loss":0.0,"gold_gain":0.0,"event_name":"Living Wall","player_choice":"Grow","floor":5.0,"gold_loss":0.0,"damage_taken":0.0,"cards_upgraded":["Backflip"]},{"cards_removed":["Strike_G"],"damage_healed":0.0,"max_hp_gain":0.0,"max_hp_loss":0.0,"gold_gain":0.0,"event_name":"Golden Wing","player_choice":"Card Removal","floor":13.0,"gold_loss":0.0,"damage_taken":7.0},{"damage_healed":0.0,"max_hp_gain":0.0,"max_hp_loss":0.0,"gold_gain":0.0,"event_name":"Upgrade Shrine","player_choice":"Upgraded","floor":19.0,"gold_loss":0.0,"damage_taken":0.0,"cards_upgraded":["Die Die Die"]},{"damage_healed":0.0,"max_hp_gain":0.0,"max_hp_loss":0.0,"gold_gain":99.0,"event_name":"Nest","player_choice":"Stole From Cult","floor":29.0,"gold_loss":0.0,"damage_taken":0.0},{"damage_healed":0.0,"max_hp_gain":0.0,"max_hp_loss":0.0,"gold_gain":0.0,"event_name":"SensoryStone","player_choice":"Memory 1","floor":36.0,"gold_loss":0.0,"damage_taken":0.0},{"damage_healed":18.0,"max_hp_gain":0.0,"max_hp_loss":0.0,"gold_gain":0.0,"event_name":"Winding Halls","player_choice":"Writhe","floor":38.0,"gold_loss":0.0,"damage_taken":0.0,"cards_obtained":["Writhe"]},{"cards_removed":["Strike_G"],"damage_healed":0.0,"max_hp_gain":0.0,"max_hp_loss":0.0,"gold_gain":0.0,"event_name":"Falling","player_choice":"Removed Attack","floor":46.0,"gold_loss":0.0,"damage_taken":0.0},{"damage_healed":0.0,"max_hp_gain":0.0,"max_hp_loss":0.0,"gold_gain":0.0,"event_name":"Mysterious Sphere","player_choice":"Fight","floor":47.0,"gold_loss":0.0,"damage_taken":0.0}],"is_beta":false,"boss_relics":[{"not_picked":["Astrolabe","Snecko Eye"],"picked":"Calling Bell"},{"not_picked":["Orrery","Tiny House"],"picked":"Sozu"}],"items_purged_floors":[3,21,37],"is_endless":false,"potions_floor_spawned":[4,10,18,24,31,39],"ascension_level":0}