{"gold_per_floor":[109,123,136,147,147,147,175,175,175,175,123,142,142,153,153,250,250,262,262,70,70,89,89,114,114,114,131,141,56,88,113,113,209,209,219,71,71,86,98,98,114,114,114,128,180,197,197,210,210,210],"floor_reached":51,"playtime":1736,"items_purged":["Regret"],"score":794,"play_id":"b5428506-3a1e-494a-9b42-d52bab4a7951","local_time":"20180902232045","is_ascension_mode":false,"campfire_choices":[{"data":"Pummel","floor":6.0,"key":"SMITH"},{"data":"Pummel","floor":8.0,"key":"SMITH"},{"floor":10.0,"key":"REST"},{"data":"Twin Strike","floor":15.0,"key":"SMITH"},{"floor":23.0,"key":"REST"},{"data":"Immolate","floor":25.0,"key":"SMITH"},{"floor":32.0,"key":"REST"},{"data":"Demon Form","floor":40.0,"key":"SMITH"},{"data":"Heavy Blade","floor":47.0,"key":"SMITH"},{"data":"Heavy Blade","floor":49.0,"key":"SMITH"}],"neow_cost":"NONE","seed_source_timestamp":362209791455579,"circlet_count":0,"master_deck":["Strike_R","Strike_R","Strike_R","Strike_R","Strike_R","Defend_R+1","Defend_R","Defend_R","Bash+1","Pummel","Pummel+1","Clash+1","Pummel+1","Flex","Twin Strike+1","Immolate+1","Injury","Writhe","Limit Break","Writhe","Necronomicurse","Flame Barrier+1","Clash","Flex+1","Spot Weakness","Demon Form+1","Heavy Blade+1","Flex+1","Flex+1","Flex+1","Whirlwind+1","Heavy Blade+1","Clothesline+1","Uppercut+1","Clothesline+1"],"special_seed":0,"relics":["Burning Blood","Ancient Tea Set","Art of War","Calling Bell","Question Card","Regal Pillow","Ginger","Self Forming Clay","Tiny Chest","Necronomicon","Bag of Preparation","Dodecahedron","Dream Catcher","Du-Vu Doll","Red Skull","Sozu","War Paint","Nunchaku","Pantograph","Shovel"],"potions_floor_usage":[50,50],"damage_taken":[{"damage":7.0,"enemies":"Small Slimes","floor":1.0,"turns":5.0},{"damage":5.0,"enemies":"Cultist","floor":2.0,"turns":4.0},{"damage":8.0,"enemies":"Jaw Worm","floor":3.0,"turns":3.0},{"damage":5.0,"enemies":"Large Slime","floor":4.0,"turns":6.0},{"damage":48.0,"enemies":"3 Sentries","floor":7.0,"turns":9.0},{"damage":9.0,"enemies":"2 Fungi Beasts","floor":12.0,"turns":2.0},{"damage":15.0,"enemies":"Exordium Thugs","floor":14.0,"turns":3.0},{"damage":0.0,"enemies":"Slime Boss","floor":16.0,"turns":8.0},{"damage":35.0,"enemies":"Shell Parasite","floor":18.0,"turns":5.0},{"damage":10.0,"enemies":"Spheric Guardian","floor":22.0,"turns":3.0},{"damage":21.0,"enemies":"Snake Plant","floor":27.0,"turns":3.0},{"damage":15.0,"enemies":"Shelled Parasite and Fungi","floor":28.0,"turns":4.0},{"damage":47.0,"enemies":"Gremlin Leader","floor":30.0,"turns":4.0},{"damage":45.0,"enemies":"Collector","floor":33.0,"turns":4.0},{"damage":0.0,"enemies":"3 Shapes","floor":35.0,"turns":1.0},{"damage":0.0,"enemies":"Orb Walker","floor":38.0,"turns":1.0},{"damage":16.0,"enemies":"Transient","floor":39.0,"turns":5.0},{"damage":26.0,"enemies":"Sphere and 2 Shapes","floor":41.0,"turns":4.0},{"damage":0.0,"enemies":"Mind Bloom Boss Battle","floor":42.0,"turns":3.0},{"damage":0.0,"enemies":"3 Darklings","floor":44.0,"turns":1.0},{"damage":10.0,"enemies":"Mysterious Sphere","floor":45.0,"turns":2.0},{"damage":13.0,"enemies":"Reptomancer","floor":46.0,"turns":2.0},{"damage":0.0,"enemies":"Spire Growth","floor":48.0,"turns":2.0},{"damage":61,"enemies":"Awakened One","floor":50,"turns":7}],"seed_played":"-1657231566191555000","potions_obtained":[{"floor":1.0,"key":"AttackPotion"},{"floor":3.0,"key":"Regen Potion"},{"floor":4.0,"key":"Block Potion"},{"floor":27.0,"key":"Energy Potion"},{"floor":28.0,"key":"Regen Potion"}],"is_trial":false,"path_per_floor":["M","M","M","M","?","R","E","R","T","R","$","M","?","M","R","B",null,"M","?","$","?","M","R","T","R","T","M","M","?","E","T","R","B",null,"M","$","?","M","M","R","M","?","T","M","?","M","R","M","R","B"],"character_chosen":"IRONCLAD","items_purchased":["Flex","Tiny Chest","War Paint"],"campfire_rested":3,"item_purchase_floors":[11,20,36],"current_hp_per_floor":[87,88,86,87,87,87,45,45,45,71,71,68,50,41,41,47,88,59,59,59,43,39,80,80,80,80,65,68,68,27,27,68,29,88,88,88,84,84,74,74,54,60,60,66,62,55,55,61,61,43],"gold":210,"neow_bonus":"TEN_PERCENT_HP_BONUS","is_prod":false,"is_daily":false,"chose_seed":false,"campfire_upgraded":7,"win_rate":0,"timestamp":1535944845,"path_taken":["M","M","M","M","?","R","E","R","T","R","$","M","?","M","R","BOSS","M","?","$","?","M","R","?","R","T","M","?","?","E","?","R","BOSS","M","$","?","M","M","R","M","?","T","?","?","M","R","?","R","BOSS"],"build_version":"2018-08-30","purchased_purges":1,"victory":true,"max_hp_per_floor":[88,88,88,88,88,88,88,88,88,88,88,88,88,88,88,88,88,88,88,88,88,88,88,88,88,88,88,88,88,88,88,88,88,88,88,88,84,84,84,84,84,84,84,84,84,84,84,84,84,84],"card_choices":[{"not_picked":["Heavy Blade","Blood for Blood"],"picked":"Pummel","floor":1.0},{"not_picked":["Anger","Entrench"],"picked":"Pummel","floor":2.0},{"not_picked":["Second Wind","Heavy Blade","Anger"],"picked":"SKIP","floor":3.0},{"not_picked":["Armaments","Ghostly Armor"],"picked":"Clash","floor":4.0},{"not_picked":["Clothesline","Brutality"],"picked":"Pummel","floor":7.0},{"not_picked":["Blood for Blood","Armaments"],"picked":"Twin Strike","floor":12.0},{"not_picked":["Metallicize","Heavy Blade","Battle Trance"],"picked":"SKIP","floor":14.0},{"not_picked":["Berserk","Impervious"],"picked":"Immolate","floor":16.0},{"not_picked":["Body Slam","Shrug It Off+1","Disarm"],"picked":"Limit Break","floor":18.0},{"not_picked":["Rupture+1","Reckless Charge","Battle Trance"],"picked":"Flame Barrier+1","floor":22.0},{"not_picked":["Hemokinesis+1","Warcry","Uppercut"],"picked":"Clash","floor":27.0},{"not_picked":["Havoc+1","Battle Trance","Carnage"],"picked":"Flex","floor":28.0},{"not_picked":["Disarm+1","Dropkick+1","Body Slam"],"picked":"Spot Weakness","floor":30.0},{"not_picked":["Juggernaut","Double Tap","Reaper"],"picked":"Demon Form","floor":33.0},{"not_picked":["Pummel+1","Havoc+1","Sword Boomerang+1"],"picked":"Heavy Blade","floor":35.0},{"not_picked":["Perfected Strike+1","Flame Barrier","Inflame+1"],"picked":"Flex+1","floor":38.0},{"not_picked":["Body Slam+1","Second Wind","Berserk"],"picked":"Flex+1","floor":39.0},{"not_picked":["Shrug It Off+1","Anger","Pummel"],"picked":"Flex+1","floor":41.0},{"not_picked":["Flex+1","Thunderclap+1","Evolve"],"picked":"Whirlwind+1","floor":42.0},{"not_picked":["Power Through","Havoc+1","Flex+1"],"picked":"Heavy Blade","floor":44.0},{"not_picked":["Headbutt","Metallicize+1","Ghostly Armor"],"picked":"Clothesline+1","floor":45.0},{"not_picked":["Clothesline","Offering","Anger+1"],"picked":"Uppercut+1","floor":46.0},{"not_picked":["Armaments+1","Anger+1","Headbutt+1"],"picked":"Clothesline+1","floor":48.0}],"player_experience":200439,"relics_obtained":[{"floor":7.0,"key":"Ancient Tea Set"},{"floor":9.0,"key":"Art of War"},{"floor":17.0,"key":"Question Card"},{"floor":17.0,"key":"Regal Pillow"},{"floor":17.0,"key":"Ginger"},{"floor":21.0,"key":"Necronomicon"},{"floor":24.0,"key":"Bag of Preparation"},{"floor":26.0,"key":"Dodecahedron"},{"floor":30.0,"key":"Du-Vu Doll"},{"floor":31.0,"key":"Red Skull"},{"floor":42.0,"key":"Nunchaku"},{"floor":43.0,"key":"Pantograph"},{"floor":45.0,"key":"Shovel"}],"event_choices":[{"event_name":"Bonfire Elementals","player_choice":"BASIC","floor":5.0,"damage_taken":0.0},{"event_name":"Shining Light","player_choice":"Entered Light","floor":13.0,"damage_taken":0.0},{"event_name":"The Mausoleum","player_choice":"Yes","floor":19.0,"damage_taken":0.0},{"event_name":"Cursed Tome","player_choice":"Obtained Book","floor":21.0,"damage_taken":0.0},{"event_name":"Addict","player_choice":"Obtained Relic","floor":29.0,"damage_taken":0.0},{"event_name":"Winding Halls","player_choice":"Max HP","floor":37.0,"damage_taken":0.0},{"event_name":"MindBloom","player_choice":"Fight","floor":42.0,"damage_taken":0.0},{"event_name":"Mysterious Sphere","player_choice":"Fight","floor":45.0,"damage_taken":0.0}],"is_beta":false,"boss_relics":[{"not_picked":["Coffee Dripper","Philosopher\u0027s Stone"],"picked":"Calling Bell"},{"not_picked":["Astrolabe","Runic Dome"],"picked":"Sozu"}],"items_purged_floors":[20],"is_endless":false,"potions_floor_spawned":[1,3,4,27,28,35,39,42,44,48],"ascension_level":0}