{"gold_per_floor":[111,111,111,131,147,147,158,171,198,208,208,8,22,22,22,22],"floor_reached":16,"playtime":1415,"items_purged":[],"score":94,"play_id":"25ee98a3-f015-49d9-ba7f-09fc590edbaa","local_time":"20190812184909","is_ascension_mode":false,"campfire_choices":[{"data":"Backflip","floor":6,"key":"SMITH"},{"data":"Acrobatics","floor":11,"key":"SMITH"},{"floor":15,"key":"REST"}],"neow_cost":"TEN_PERCENT_HP_LOSS","seed_source_timestamp":1124509119602909,"circlet_count":0,"master_deck":["Strike_G","Strike_G","Strike_G","Strike_G","Defend_G","Defend_G","Defend_G","Survivor","Neutralize","Backflip+1","PiercingWail","Crippling Poison","Acrobatics+1","Terror","Predator","Quick Slash"],"relics":["Ring of the Snake","Pen Nib","Frozen Eye","Bag of Preparation"],"potions_floor_usage":[8,16],"damage_taken":[{"damage":0,"enemies":"2 Louse","floor":1,"turns":4},{"damage":0,"enemies":"Small Slimes","floor":4,"turns":3},{"damage":0,"enemies":"Cultist","floor":5,"turns":3},{"damage":1,"enemies":"Exordium Thugs","floor":7,"turns":10},{"damage":2,"enemies":"Large Slime","floor":8,"turns":9},{"damage":0,"enemies":"Exordium Wildlife","floor":10,"turns":5},{"damage":8,"enemies":"2 Fungi Beasts","floor":13,"turns":4},{"damage":65,"enemies":"Slime Boss","floor":16,"turns":14}],"seed_played":"-3882390697506406155","potions_obtained":[{"floor":3,"key":"AttackPotion"},{"floor":3,"key":"Explosive Potion"},{"floor":3,"key":"SneckoOil"},{"floor":13,"key":"SmokeBomb"}],"is_trial":false,"path_per_floor":["M","?","?","M","M","R","M","M","T","M","R","$","M","T","R","B"],"character_chosen":"THE_SILENT","items_purchased":["Frozen Eye"],"campfire_rested":1,"item_purchase_floors":[12],"current_hp_per_floor":[63,56,56,56,56,56,55,53,53,53,53,53,45,45,63,0],"gold":22,"neow_bonus":"REMOVE_TWO","is_prod":false,"is_daily":false,"chose_seed":false,"campfire_upgraded":2,"win_rate":0.0,"timestamp":1565653749,"path_taken":["M","?","?","?","M","R","M","M","T","M","R","$","M","?","R","BOSS"],"build_version":"2019-07-17","purchased_purges":0,"victory":false,"max_hp_per_floor":[63,63,63,63,63,63,63,63,63,63,63,63,63,63,63,63],"card_choices":[{"not_picked":["Outmaneuver","Masterful Stab"],"picked":"Backflip","floor":1},{"not_picked":["Sucker Punch","Flying Knee"],"picked":"PiercingWail","floor":4},{"not_picked":["PiercingWail","Blade Dance"],"picked":"Crippling Poison","floor":5},{"not_picked":["Deadly Poison","Outmaneuver"],"picked":"Acrobatics","floor":7},{"not_picked":["All Out Attack","Prepared"],"picked":"Terror","floor":8},{"not_picked":["Flechettes","Skewer"],"picked":"Predator","floor":10},{"not_picked":["Endless Agony","Cloak And Dagger"],"picked":"Quick Slash","floor":13}],"player_experience":160499,"relics_obtained":[{"floor":9,"key":"Pen Nib"},{"floor":14,"key":"Bag of Preparation"}],"event_choices":[{"cards_removed":["Defend_G"],"damage_healed":0,"gold_gain":0,"player_choice":"Card Removal","damage_taken":7,"max_hp_gain":0,"max_hp_loss":0,"event_name":"Golden Wing","floor":2,"gold_loss":0},{"damage_healed":0,"gold_gain":0,"player_choice":"Got Potions","damage_taken":0,"max_hp_gain":0,"max_hp_loss":0,"event_name":"Lab","floor":3,"gold_loss":0}],"is_beta":false,"boss_relics":[],"items_purged_floors":[],"is_endless":false,"potions_floor_spawned":[4,5,13],"killed_by":"Slime Boss","ascension_level":0}