{"gold_per_floor":[117,22,39,39,39,39,71,42,68,96,96,112,112,174,174,252,252,265,281,296,2,21,55,55,72,96,96,107,107,118,137,137,213,213,213,313,329,343,343,343,370,11,60,76,76,95,0,12,12,12],"floor_reached":50,"playtime":4148,"items_purged":["Perfected Strike"],"score":1103,"play_id":"6e192ff2-f153-41b1-9610-ed14d6b2266c","local_time":"20190904212420","is_ascension_mode":true,"campfire_choices":[{"data":"Reckless Charge","floor":6.0,"key":"SMITH"},{"data":"Havoc","floor":11.0,"key":"SMITH"},{"data":"Twin Strike","floor":13.0,"key":"SMITH"},{"floor":15.0,"key":"REST"},{"data":"Warcry","floor":24.0,"key":"SMITH"},{"data":"True Grit","floor":27.0,"key":"SMITH"},{"floor":32.0,"key":"REST"},{"floor":40.0,"key":"REST"},{"floor":45.0,"key":"REST"},{"floor":49,"key":"REST"}],"neow_cost":"NONE","seed_source_timestamp":2762098160200,"circlet_count":0,"master_deck":["AscendersBane","Bash+1","Thunderclap","Uppercut+1","Reckless Charge+1","Headbutt","Havoc+1","Twin Strike+1","Offering+1","Feed","Hemokinesis","Searing Blow","Warcry","Searing Blow","Power Through","Anger","Demon Form","Impervious","Havoc","Flame Barrier","Inflame","Pummel","Warcry+1","Cleave","True Grit+1","Armaments+1","Fiend Fire","Demon Form","Corruption","Sentinel+1","Sever Soul","Madness+1","Madness","Offering","Evolve","Flame Barrier","Shrug It Off"],"special_seed":0,"relics":["Burning Blood","Incense Burner","Bag of Preparation","Mummified Hand","Pandora\u0027s Box","Vajra","Question Card","Blood Vial","Nloth\u0027s Gift","Mark of Pain","Nunchaku","Art of War","War Paint","Lantern","Red Mask"],"potions_floor_usage":[48,50],"damage_taken":[{"damage":6.0,"enemies":"Cultist","floor":1.0,"turns":3.0},{"damage":6.0,"enemies":"Jaw Worm","floor":3.0,"turns":3.0},{"damage":20.0,"enemies":"Lagavulin","floor":7.0,"turns":6.0},{"damage":32.0,"enemies":"Gremlin Nob","floor":10.0,"turns":4.0},{"damage":2.0,"enemies":"Small Slimes","floor":12.0,"turns":2.0},{"damage":16.0,"enemies":"3 Sentries","floor":14.0,"turns":5.0},{"damage":6.0,"enemies":"Slime Boss","floor":16.0,"turns":5.0},{"damage":8.0,"enemies":"Shell Parasite","floor":18.0,"turns":4.0},{"damage":18.0,"enemies":"3 Byrds","floor":19.0,"turns":4.0},{"damage":24.0,"enemies":"3 Cultists","floor":20.0,"turns":4.0},{"damage":0.0,"enemies":"Snake Plant","floor":22.0,"turns":3.0},{"damage":12.0,"enemies":"Gremlin Leader","floor":23.0,"turns":4.0},{"damage":23.0,"enemies":"Centurion and Healer","floor":25.0,"turns":4.0},{"damage":7.0,"enemies":"Cultist and Chosen","floor":28.0,"turns":5.0},{"damage":8.0,"enemies":"Snecko","floor":30.0,"turns":3.0},{"damage":18.0,"enemies":"Sentry and Sphere","floor":31.0,"turns":5.0},{"damage":43.0,"enemies":"Champ","floor":33.0,"turns":9.0},{"damage":0.0,"enemies":"3 Darklings","floor":35.0,"turns":2.0},{"damage":9.0,"enemies":"Mind Bloom Boss Battle","floor":36.0,"turns":4.0},{"damage":12.0,"enemies":"3 Shapes","floor":37.0,"turns":4.0},{"damage":42.0,"enemies":"Transient","floor":38.0,"turns":6.0},{"damage":82.0,"enemies":"Nemesis","floor":41.0,"turns":7.0},{"damage":10.0,"enemies":"Maw","floor":44.0,"turns":6.0},{"damage":24,"enemies":"Writhing Mass","floor":46,"turns":7},{"damage":27,"enemies":"Spire Growth","floor":48,"turns":5},{"damage":48,"enemies":"Donu and Deca","floor":50,"turns":5}],"seed_played":"3110438174523023755","potions_obtained":[{"floor":1.0,"key":"Explosive Potion"},{"floor":12.0,"key":"FearPotion"},{"floor":16.0,"key":"GamblersBrew"},{"floor":18.0,"key":"AttackPotion"},{"floor":22.0,"key":"LiquidBronze"},{"floor":30.0,"key":"SmokeBomb"},{"floor":36.0,"key":"Block Potion"},{"floor":38.0,"key":"BloodPotion"},{"floor":41.0,"key":"SpeedPotion"}],"is_trial":false,"path_per_floor":["M","$","M","?","?","R","E","$","T","E","R","M","R","?","R","B",null,"M","M","M","$","M","E","R","M","T","R","M","?","M","M","R","B",null,"M","?","M","M","?","R","E","$","T","M","R","M","?","M","R","B"],"character_chosen":"IRONCLAD","items_purchased":["Uppercut","PowerPotion","Havoc","Inflame","Vajra","Pummel","Evolve","Flame Barrier","War Paint"],"campfire_rested":5,"item_purchase_floors":[2,2,8,21,21,21,42,42,42],"current_hp_per_floor":[68,68,68,68,68,68,54,54,54,28,28,32,32,22,44,44,67,65,56,41,41,47,44,44,30,30,30,34,34,38,28,56,21,76,84,86,85,51,33,63,14,14,14,12,42,26,26,7,37,0],"gold":12,"neow_bonus":"UPGRADE_CARD","is_prod":false,"is_daily":false,"chose_seed":false,"campfire_upgraded":5,"win_rate":0,"timestamp":1567657460,"path_taken":["M","$","M","?","?","R","E","?","T","E","R","?","R","?","R","BOSS","M","M","M","$","M","E","R","M","T","R","M","?","?","M","R","BOSS","M","?","M","M","?","R","E","$","T","M","R","M","?","M","R","BOSS"],"build_version":"2019-07-17","purchased_purges":1,"victory":false,"max_hp_per_floor":[75,75,75,75,75,75,75,75,75,75,75,75,75,75,75,75,75,75,78,81,81,81,84,84,87,87,87,90,90,94,94,94,94,94,94,97,100,100,100,100,100,100,100,100,100,100,100,100,100,100],"card_choices":[{"not_picked":["Warcry","Entrench"],"picked":"Thunderclap","floor":1.0},{"not_picked":["Clash","Heavy Blade"],"picked":"Reckless Charge","floor":3.0},{"not_picked":["Seeing Red","Uppercut"],"picked":"Headbutt","floor":7.0},{"not_picked":["Sever Soul","Body Slam"],"picked":"Twin Strike","floor":10.0},{"not_picked":["Pommel Strike","Flex"],"picked":"Offering","floor":12.0},{"not_picked":["Brutality","Double Tap"],"picked":"Feed","floor":16.0},{"not_picked":["Clothesline","Clash","Flex"],"picked":"SKIP","floor":18.0},{"not_picked":["Rage","Flex"],"picked":"Havoc","floor":19.0},{"not_picked":["Wild Strike","Anger"],"picked":"Flame Barrier","floor":20.0},{"not_picked":["Clash","Armaments"],"picked":"Warcry","floor":22.0},{"not_picked":["Pommel Strike","Twin Strike"],"picked":"Cleave","floor":23.0},{"not_picked":["Clash","Limit Break","Twin Strike"],"picked":"True Grit","floor":25.0},{"not_picked":["True Grit","Twin Strike","Anger"],"picked":"Armaments+1","floor":28.0},{"not_picked":["Perfected Strike","Sword Boomerang","Twin Strike","Dropkick+1"],"picked":"SKIP","floor":30.0},{"not_picked":["Ghostly Armor","Flex","Searing Blow"],"picked":"Fiend Fire","floor":31.0},{"not_picked":["Juggernaut","Berserk","Brutality"],"picked":"Demon Form","floor":33.0},{"not_picked":["Uppercut+1","Cleave","Body Slam"],"picked":"Corruption","floor":36.0},{"not_picked":["Dual Wield","Body Slam+1","True Grit"],"picked":"Sentinel+1","floor":37.0},{"not_picked":["Perfected Strike","Clash","Limit Break"],"picked":"Sever Soul","floor":38.0},{"not_picked":["Armaments","Searing Blow","Thunderclap"],"picked":"Offering","floor":41.0},{"not_picked":["Fire Breathing","Inflame","Clash"],"picked":"Shrug It Off","floor":44.0},{"not_picked":["Flex","Havoc+1","Uppercut+1","Intimidate"],"picked":"SKIP","floor":46},{"not_picked":["Entrench","Cleave","Anger","Second Wind"],"picked":"SKIP","floor":48}],"player_experience":813559,"relics_obtained":[{"floor":7.0,"key":"Incense Burner"},{"floor":9.0,"key":"Pen Nib"},{"floor":10.0,"key":"Bag of Preparation"},{"floor":14.0,"key":"Mummified Hand"},{"floor":23.0,"key":"Question Card"},{"floor":26.0,"key":"Blood Vial"},{"floor":36.0,"key":"Nunchaku"},{"floor":41.0,"key":"Art of War"},{"floor":43.0,"key":"Lantern"}],"event_choices":[{"damage_healed":0.0,"max_hp_gain":0.0,"max_hp_loss":0.0,"gold_gain":0.0,"event_name":"The Cleric","player_choice":"Leave","floor":4.0,"gold_loss":0.0,"damage_taken":0.0},{"damage_healed":0.0,"max_hp_gain":0.0,"max_hp_loss":0.0,"gold_gain":0.0,"event_name":"Living Wall","player_choice":"Grow","floor":5.0,"gold_loss":0.0,"damage_taken":0.0,"cards_upgraded":["Uppercut"]},{"damage_healed":0.0,"max_hp_gain":0.0,"max_hp_loss":0.0,"gold_gain":0.0,"event_name":"Dead Adventurer","player_choice":"Searched \u00271\u0027 times","floor":14.0,"gold_loss":0.0,"damage_taken":0.0},{"damage_healed":0.0,"max_hp_gain":0.0,"max_hp_loss":0.0,"gold_gain":0.0,"event_name":"N\u0027loth","player_choice":"Traded Relic","floor":29.0,"relics_lost":["Pen Nib"],"gold_loss":0.0,"damage_taken":0.0,"relics_obtained":["Nloth\u0027s Gift"]},{"damage_healed":0.0,"max_hp_gain":0.0,"max_hp_loss":0.0,"gold_gain":0.0,"event_name":"MindBloom","player_choice":"Fight","floor":36.0,"gold_loss":0.0,"damage_taken":0.0},{"damage_healed":0.0,"max_hp_gain":0.0,"max_hp_loss":0.0,"gold_gain":0.0,"event_name":"Winding Halls","player_choice":"Embrace Madness","floor":39.0,"gold_loss":0.0,"damage_taken":18.0,"cards_obtained":["Madness","Madness"]},{"damage_healed":0,"gold_gain":0,"player_choice":"Paid","damage_taken":0,"relics_obtained":["Red Mask"],"max_hp_gain":0,"max_hp_loss":0,"event_name":"Tomb of Lord Red Mask","floor":47,"gold_loss":95}],"is_beta":false,"boss_relics":[{"not_picked":["Tiny House","Calling Bell"],"picked":"Pandora\u0027s Box"},{"not_picked":["Orrery","Sozu"],"picked":"Mark of Pain"}],"items_purged_floors":[42],"is_endless":false,"potions_floor_spawned":[1,7,12,16,18,22,30,36,38,41],"killed_by":"Donu and Deca","ascension_level":18}