{"gold_per_floor":[362,362,17,31,44,44,76,88,88,88,105,134,144,124,124,226,226,241,259,234,247,260,260,73,85,108,139,139,139,156,191,191,292,292,308,325,425,438,438,438,453,184,207,51,66,86,86,106,106,106,106,106,6,40,40],"floor_reached":55,"playtime":4194,"items_purged":["Fire Breathing","True Grit"],"score":748,"play_id":"2cd73860-2890-4463-83cc-4af8ca97a5cd","local_time":"20190906003024","is_ascension_mode":false,"campfire_choices":[{"data":"Metallicize","floor":6.0,"key":"SMITH"},{"floor":10.0,"key":"REST"},{"floor":15.0,"key":"REST"},{"data":"Juggernaut","floor":23.0,"key":"SMITH"},{"data":"Shockwave","floor":28.0,"key":"SMITH"},{"floor":32.0,"key":"REST"},{"data":"Apotheosis","floor":40.0,"key":"SMITH"},{"floor":47,"key":"RECALL"},{"data":"Demon Form","floor":49,"key":"SMITH"},{"data":"Second Wind","floor":52,"key":"PURGE"}],"neow_cost":"PERCENT_DAMAGE","seed_source_timestamp":1685524605736200,"circlet_count":0,"master_deck":["Bash","Feel No Pain","Intimidate+1","Metallicize+1","Metallicize","Wild Strike","Reckless Charge","Flame Barrier","Impervious","Juggernaut+1","Warcry","Battle Trance+1","Shrug It Off","Shockwave+1","Battle Trance+1","Secret Technique+1","Infernal Blade+1","Burning Pact+1","Reaper","Demon Form+1","Twin Strike","Sword Boomerang","Clothesline","Impervious","Heavy Blade","Seeing Red","Intimidate+1","Seeing Red+1","Shrug It Off+1","Apotheosis+1","Havoc+1","Exhume","Body Slam+1","Pummel+1"],"special_seed":0,"relics":["Burning Blood","Dodecahedron","Medical Kit","Bronze Scales","Lantern","Gremlin Horn","Darkstone Periapt","Philosopher\u0027s Stone","Anchor","Prayer Wheel","Pandora\u0027s Box","Peace Pipe","Strange Spoon","War Paint","Vajra","Strawberry"],"potions_floor_usage":[48,50],"damage_taken":[{"damage":6.0,"enemies":"Jaw Worm","floor":1.0,"turns":3.0},{"damage":12.0,"enemies":"Cultist","floor":4.0,"turns":4.0},{"damage":2.0,"enemies":"Small Slimes","floor":5.0,"turns":4.0},{"damage":40.0,"enemies":"Gremlin Nob","floor":7.0,"turns":5.0},{"damage":14.0,"enemies":"Gremlin Gang","floor":8.0,"turns":8.0},{"damage":0.0,"enemies":"3 Louse","floor":11.0,"turns":4.0},{"damage":22.0,"enemies":"Lagavulin","floor":12.0,"turns":8.0},{"damage":0.0,"enemies":"Large Slime","floor":13.0,"turns":8.0},{"damage":29.0,"enemies":"Slime Boss","floor":16.0,"turns":11.0},{"damage":14.0,"enemies":"Shell Parasite","floor":18.0,"turns":4.0},{"damage":17.0,"enemies":"2 Thieves","floor":19.0,"turns":4.0},{"damage":15.0,"enemies":"Snake Plant","floor":21.0,"turns":3.0},{"damage":0.0,"enemies":"Cultist and Chosen","floor":22.0,"turns":6.0},{"damage":5.0,"enemies":"Shelled Parasite and Fungi","floor":25.0,"turns":5.0},{"damage":0.0,"enemies":"Book of Stabbing","floor":27.0,"turns":5.0},{"damage":9.0,"enemies":"Sentry and Sphere","floor":30.0,"turns":5.0},{"damage":16.0,"enemies":"Gremlin Leader","floor":31.0,"turns":5.0},{"damage":36.0,"enemies":"Automaton","floor":33.0,"turns":11.0},{"damage":0.0,"enemies":"3 Shapes","floor":35.0,"turns":3.0},{"damage":12.0,"enemies":"Orb Walker","floor":36.0,"turns":3.0},{"damage":30.0,"enemies":"Mind Bloom Boss Battle","floor":37.0,"turns":6.0},{"damage":24.0,"enemies":"Writhing Mass","floor":38.0,"turns":8.0},{"damage":36.0,"enemies":"Sphere and 2 Shapes","floor":41.0,"turns":5.0},{"damage":9,"enemies":"Transient","floor":45,"turns":5},{"damage":4,"enemies":"Spire Growth","floor":46,"turns":5},{"damage":0,"enemies":"Jaw Worm Horde","floor":48,"turns":4},{"damage":63,"enemies":"Awakened One","floor":50,"turns":9},{"damage":69,"enemies":"Shield and Spear","floor":54,"turns":10},{"damage":40,"enemies":"The Heart","floor":55,"turns":5}],"seed_played":"1672804861950945693","potions_obtained":[{"floor":1.0,"key":"Regen Potion"},{"floor":8.0,"key":"PowerPotion"},{"floor":11.0,"key":"SmokeBomb"},{"floor":12.0,"key":"EssenceOfSteel"},{"floor":14.0,"key":"AttackPotion"},{"floor":16.0,"key":"Poison Potion"},{"floor":19.0,"key":"Swift Potion"},{"floor":22.0,"key":"Fire Potion"},{"floor":27.0,"key":"AttackPotion"},{"floor":31.0,"key":"Weak Potion"},{"floor":33.0,"key":"Weak Potion"},{"floor":36.0,"key":"Regen Potion"},{"floor":41.0,"key":"SpeedPotion"},{"floor":46,"key":"SneckoOil"}],"is_trial":false,"path_per_floor":["M","?","$","M","M","R","E","M","T","R","M","E","M","?","R","B",null,"M","M","$","M","M","R","$","M","T","E","R","?","M","E","R","B",null,"M","M","?","M","?","R","M","$","T","$","M","M","R","M","R","B",null,"R","$","E","B"],"character_chosen":"IRONCLAD","items_purchased":["Medical Kit","Bronze Scales","Shrug It Off","Secret Technique","Strange Spoon","Vajra"],"campfire_rested":3,"item_purchase_floors":[3,3,20,24,42,44],"current_hp_per_floor":[56,56,56,50,54,54,20,12,12,36,42,26,32,32,56,33,80,72,61,61,52,58,58,58,59,59,65,65,50,47,37,62,32,85,85,79,73,58,58,58,43,43,43,43,49,51,51,66,66,9,85,85,85,40,0],"gold":40,"neow_bonus":"TWO_FIFTY_GOLD","is_prod":false,"is_daily":false,"chose_seed":false,"campfire_upgraded":5,"win_rate":0,"timestamp":1567744224,"path_taken":["M","?","$","M","M","R","E","M","T","R","M","E","?","?","R","BOSS","M","M","$","M","?","R","$","?","T","E","R","?","M","E","R","BOSS","M","M","?","M","?","R","M","$","T","$","M","M","R","M","R","BOSS","R","$","E","BOSS"],"build_version":"2019-07-17","purchased_purges":2,"victory":false,"max_hp_per_floor":[80,80,80,80,80,80,80,80,80,80,80,80,80,80,80,80,80,80,80,80,80,80,80,80,80,80,80,80,85,85,85,85,85,85,85,85,85,85,85,85,85,85,85,85,85,85,85,85,85,85,85,85,85,92,92],"card_choices":[{"not_picked":["Sever Soul","Clash"],"picked":"Feel No Pain","floor":1.0},{"not_picked":["Power Through","Flex"],"picked":"Intimidate","floor":4.0},{"not_picked":["Iron Wave","Carnage"],"picked":"Metallicize","floor":5.0},{"not_picked":["Clash","Warcry"],"picked":"Metallicize","floor":7.0},{"not_picked":["Sword Boomerang","Perfected Strike"],"picked":"Wild Strike","floor":8.0},{"not_picked":["Dropkick","Sword Boomerang"],"picked":"Reckless Charge","floor":11.0},{"not_picked":["Evolve","Cleave"],"picked":"Flame Barrier","floor":12.0},{"not_picked":["Sword Boomerang","Perfected Strike"],"picked":"Impervious","floor":13.0},{"not_picked":["Double Tap","Dark Embrace"],"picked":"Juggernaut","floor":16.0},{"not_picked":["Carnage","Cleave+1"],"picked":"Warcry","floor":18.0},{"not_picked":["Spot Weakness","Infernal Blade"],"picked":"Battle Trance+1","floor":19.0},{"not_picked":["Twin Strike","Clash"],"picked":"Shockwave","floor":21.0},{"not_picked":["Clothesline","Shrug It Off"],"picked":"Battle Trance+1","floor":22.0},{"not_picked":["Heavy Blade","Headbutt+1","Sentinel"],"picked":"SKIP","floor":25.0},{"not_picked":["Thunderclap","Searing Blow","Rupture"],"picked":"SKIP","floor":27.0},{"not_picked":["Uppercut+1","Battle Trance+1"],"picked":"Infernal Blade+1","floor":30.0},{"not_picked":["Thunderclap","Hemokinesis"],"picked":"Burning Pact+1","floor":31.0},{"not_picked":["Feed","Double Tap"],"picked":"Reaper","floor":33.0},{"not_picked":["Rampage+1","Searing Blow"],"picked":"Seeing Red","floor":35.0},{"not_picked":["Warcry+1","Corruption","Armaments+1"],"picked":"SKIP","floor":35.0},{"not_picked":["Hemokinesis+1","Thunderclap"],"picked":"Intimidate+1","floor":36.0},{"not_picked":["Perfected Strike+1","Anger","Dropkick+1"],"picked":"SKIP","floor":36.0},{"not_picked":["Anger+1","Perfected Strike"],"picked":"Seeing Red+1","floor":37.0},{"not_picked":["Thunderclap","Rampage+1"],"picked":"Shrug It Off+1","floor":38.0},{"not_picked":["Fiend Fire","Iron Wave+1","Battle Trance"],"picked":"SKIP","floor":38.0},{"not_picked":["Jack Of All Trades","Metamorphosis"],"picked":"Apotheosis","floor":39.0},{"not_picked":["Rupture","Twin Strike","Dropkick"],"picked":"SKIP","floor":41.0},{"not_picked":["Shockwave+1","Battle Trance+1","Heavy Blade+1"],"picked":"SKIP","floor":41.0},{"not_picked":["Cleave","Perfected Strike"],"picked":"Havoc+1","floor":45},{"not_picked":["Blood for Blood+1","Combust+1","Uppercut"],"picked":"SKIP","floor":45},{"not_picked":["Iron Wave","Headbutt+1"],"picked":"Exhume","floor":46},{"not_picked":["Shockwave","Clothesline","Body Slam+1"],"picked":"SKIP","floor":46},{"not_picked":["Shockwave","Clothesline"],"picked":"Body Slam+1","floor":46},{"not_picked":["Blood for Blood+1","Evolve"],"picked":"Pummel+1","floor":48},{"not_picked":["Armaments","Seeing Red","Heavy Blade"],"picked":"SKIP","floor":48},{"not_picked":["Bloodletting","Offering","Clash+1"],"picked":"SKIP","floor":54}],"player_experience":578527,"relics_obtained":[{"floor":7.0,"key":"Lantern"},{"floor":9.0,"key":"Gremlin Horn"},{"floor":12.0,"key":"Darkstone Periapt"},{"floor":27.0,"key":"Anchor"},{"floor":31.0,"key":"Prayer Wheel"},{"floor":37.0,"key":"Peace Pipe"},{"floor":43.0,"key":"War Paint"},{"floor":54,"key":"Strawberry"}],"event_choices":[{"damage_healed":0.0,"max_hp_gain":0.0,"max_hp_loss":0.0,"gold_gain":0.0,"event_name":"WeMeetAgain","player_choice":"Gave Potion","floor":2.0,"gold_loss":0.0,"damage_taken":0.0,"relics_obtained":["Dodecahedron"]},{"damage_healed":0.0,"max_hp_gain":0.0,"max_hp_loss":0.0,"gold_gain":0.0,"event_name":"The Woman in Blue","player_choice":"Bought 1 Potion","floor":14.0,"gold_loss":0.0,"damage_taken":0.0},{"damage_healed":0.0,"max_hp_gain":5.0,"max_hp_loss":0.0,"gold_gain":0.0,"event_name":"Forgotten Altar","player_choice":"Shed Blood","floor":29.0,"gold_loss":0.0,"damage_taken":20.0},{"damage_healed":0.0,"max_hp_gain":0.0,"max_hp_loss":0.0,"gold_gain":0.0,"event_name":"MindBloom","player_choice":"Fight","floor":37.0,"gold_loss":0.0,"damage_taken":0.0},{"damage_healed":0.0,"max_hp_gain":0.0,"max_hp_loss":0.0,"gold_gain":0.0,"event_name":"SensoryStone","player_choice":"Memory 1","floor":39.0,"gold_loss":0.0,"damage_taken":0.0}],"is_beta":false,"boss_relics":[{"not_picked":["Empty Cage","Tiny House"],"picked":"Philosopher\u0027s Stone"},{"not_picked":["Astrolabe","Runic Pyramid"],"picked":"Pandora\u0027s Box"}],"items_purged_floors":[42,53],"is_endless":false,"potions_floor_spawned":[1,8,11,12,16,19,22,27,31,33,36,41,46],"killed_by":"The Heart","ascension_level":0}