{"gold_per_floor":[113,188,206,156,8,8,67,67,92,92,116,116,160,173,173,303,303,321,345,366,26,44,44,63,83,83,83,116,116,141,154,154,285,285,299,299,6,31,55,55,55,55,55,55],"floor_reached":44,"playtime":1838,"items_purged":["Strike_R","Strike_R"],"score":430,"play_id":"7ebc05c1-eb9e-47ef-9b66-094721d17c17","local_time":"20180808213930","is_ascension_mode":false,"campfire_choices":[{"data":"Bludgeon","floor":6,"key":"SMITH"},{"data":"Flex","floor":8,"key":"SMITH"},{"data":"Flame Barrier","floor":12,"key":"SMITH"},{"floor":15,"key":"REST"},{"floor":23,"key":"REST"},{"floor":27,"key":"REST"},{"floor":29,"key":"REST"},{"floor":32,"key":"REST"},{"floor":40,"key":"REST"},{"data":"Apotheosis","floor":42,"key":"SMITH"}],"neow_cost":"NONE","seed_source_timestamp":175782586554943,"circlet_count":0,"master_deck":["Strike_R","Strike_R","Defend_R","Defend_R","Defend_R","Bash","Iron Wave","Flex","Bludgeon+1","Flex+1","Flame Barrier+1","Headbutt","Feed","Sword Boomerang+1","Headbutt+1","Apotheosis+1","Seeing Red","Twin Strike","Clash","Pommel Strike+1","Seeing Red","Double Tap","Bludgeon","Ghostly Armor+1","Immolate","Flex","Seeing Red+1","Heavy Blade"],"relics":["Burning Blood","Anchor","Oddly Smooth Stone","Golden Idol","Sundial","Lizard Tail","Self Forming Clay","Omamori","Velvet Choker","Blue Candle"],"potions_floor_usage":[16,25,25,28,28,33,33],"damage_taken":[{"damage":8,"enemies":"Jaw Worm","floor":1,"turns":4},{"damage":5,"enemies":"Small Slimes","floor":3,"turns":4},{"damage":30,"enemies":"3 Sentries","floor":7,"turns":9},{"damage":0,"enemies":"Cultist","floor":11,"turns":2},{"damage":18,"enemies":"3 Sentries","floor":13,"turns":6},{"damage":0,"enemies":"Blue Slaver","floor":14,"turns":2},{"damage":54,"enemies":"Hexaghost","floor":16,"turns":9},{"damage":0,"enemies":"Spheric Guardian","floor":18,"turns":3},{"damage":4,"enemies":"2 Thieves","floor":19,"turns":4},{"damage":46,"enemies":"Cultist and Chosen","floor":20,"turns":7},{"damage":17,"enemies":"Snake Plant","floor":22,"turns":3},{"damage":9,"enemies":"Centurion and Healer","floor":24,"turns":5},{"damage":7,"enemies":"Chosen and Byrds","floor":25,"turns":4},{"damage":58,"enemies":"Gremlin Leader","floor":28,"turns":6},{"damage":27,"enemies":"Snecko","floor":30,"turns":4},{"damage":15,"enemies":"Snake Plant","floor":31,"turns":3},{"damage":83,"enemies":"Champ","floor":33,"turns":13},{"damage":26,"enemies":"3 Shapes","floor":35,"turns":5},{"damage":22,"enemies":"Flame Bruiser 1 Orb","floor":38,"turns":3},{"damage":14,"enemies":"Sphere and 2 Shapes","floor":39,"turns":4},{"damage":78,"enemies":"Flame Bruiser 2 Orb","floor":44,"turns":6}],"seed_played":"4657983779962923675","potions_obtained":[{"floor":1,"key":"Strength Potion"},{"floor":3,"key":"GamblersBrew"},{"floor":7,"key":"Weak Potion"},{"floor":11,"key":"Explosive Potion"},{"floor":19,"key":"FearPotion"},{"floor":20,"key":"SkillPotion"},{"floor":25,"key":"Regen Potion"},{"floor":28,"key":"Regen Potion"},{"floor":31,"key":"GamblersBrew"},{"floor":35,"key":"Ancient Potion"},{"floor":38,"key":"Weak Potion"}],"is_trial":false,"path_per_floor":["M","?","M","?","$","R","?","R","T","?","M","R","E","M","R","B",null,"M","M","M","$","M","R","M","M","T","R","E","R","M","M","R","B",null,"M","?","$","M","M","R","?","R","T"],"character_chosen":"IRONCLAD","items_purchased":["Bludgeon","Apotheosis","Seeing Red","Immolate","Flex"],"campfire_rested":6,"item_purchase_floors":[5,21,21,37,37],"current_hp_per_floor":[86,75,76,76,76,76,52,52,52,52,58,58,46,52,76,28,81,81,81,41,41,30,54,51,53,53,78,38,63,42,33,58,48,84,67,67,67,51,46,73,73,73,73,0],"gold":55,"neow_bonus":"TEN_PERCENT_HP_BONUS","is_prod":false,"is_daily":false,"chose_seed":false,"campfire_upgraded":4,"win_rate":0,"timestamp":1533778770,"path_taken":["M","?","M","?","$","R","?","R","T","?","M","R","E","?","R","BOSS","M","M","M","$","M","R","M","M","T","R","E","R","M","M","R","BOSS","M","?","$","?","M","R","?","R","T","?"],"build_version":"2018-08-02","purchased_purges":2,"victory":false,"max_hp_per_floor":[88,88,88,88,88,88,88,88,88,81,81,81,81,81,81,81,81,81,81,81,81,81,81,81,84,84,84,84,84,84,84,84,84,84,87,87,87,87,90,90,90,90,90,90],"card_choices":[{"not_picked":["Blood for Blood","Armaments"],"picked":"Iron Wave","floor":1},{"not_picked":["Shrug It Off","Iron Wave"],"picked":"Flex","floor":3},{"not_picked":["Intimidate","Pummel"],"picked":"Flex","floor":7},{"not_picked":["Headbutt","Clothesline"],"picked":"Flame Barrier","floor":11},{"not_picked":["Havoc","Clothesline"],"picked":"Headbutt","floor":13},{"not_picked":["Flame Barrier","Sword Boomerang","Perfected Strike"],"picked":"SKIP","floor":14},{"not_picked":["Demon Form","Bludgeon"],"picked":"Feed","floor":16},{"not_picked":["Wild Strike","Thunderclap+1","Bloodletting"],"picked":"SKIP","floor":18},{"not_picked":["Havoc+1","Intimidate"],"picked":"Sword Boomerang+1","floor":19},{"not_picked":["Dark Embrace","Dual Wield"],"picked":"Headbutt+1","floor":20},{"not_picked":["Cleave","Fire Breathing"],"picked":"Twin Strike","floor":22},{"not_picked":["Flex","Shrug It Off"],"picked":"Clash","floor":24},{"not_picked":["Clothesline","Sentinel+1"],"picked":"Pommel Strike+1","floor":25},{"not_picked":["Havoc+1","Perfected Strike"],"picked":"Seeing Red","floor":28},{"not_picked":["Wild Strike","Iron Wave","Dual Wield"],"picked":"SKIP","floor":30},{"not_picked":["Wild Strike","Twin Strike"],"picked":"Double Tap","floor":31},{"not_picked":["Barricade","Limit Break"],"picked":"Bludgeon","floor":33},{"not_picked":["Sentinel+1","Shrug It Off"],"picked":"Ghostly Armor+1","floor":35},{"not_picked":["Twin Strike","Pommel Strike+1"],"picked":"Seeing Red+1","floor":38},{"not_picked":["Shrug It Off","Blood for Blood+1"],"picked":"Heavy Blade","floor":39}],"player_experience":111134,"relics_obtained":[{"floor":7,"key":"Anchor"},{"floor":9,"key":"Oddly Smooth Stone"},{"floor":13,"key":"Sundial"},{"floor":26,"key":"Self Forming Clay"},{"floor":28,"key":"Omamori"},{"floor":43,"key":"Blue Candle"}],"event_choices":[{"event_name":"World of Goop","player_choice":"Gather Gold","floor":2,"damage_taken":0},{"event_name":"The Cleric","player_choice":"Card Removal","floor":4,"damage_taken":0},{"event_name":"Dead Adventurer","player_choice":"Searched \u00271\u0027 times","floor":7,"damage_taken":0},{"event_name":"Golden Idol","player_choice":"Lose Max HP","floor":10,"damage_taken":0},{"event_name":"Mysterious Sphere","player_choice":"Ignore","floor":36,"damage_taken":0},{"event_name":"Falling","player_choice":"Removed Attack","floor":41,"damage_taken":0}],"is_beta":false,"boss_relics":[{"not_picked":["Busted Crown","Eternal Feather"],"picked":"Lizard Tail"},{"not_picked":["Astrolabe","Sozu"],"picked":"Velvet Choker"}],"items_purged_floors":[21,37],"is_endless":false,"potions_floor_spawned":[1,3,7,11,14,19,20,25,28,31,35,38],"killed_by":"Flame Bruiser 2 Orb","ascension_level":0}