{"gold_per_floor":[119,194,206,206,220,220,254,254,279,279,5,21,33,48,48,152,152,162,162,179,194,38,53,53],"floor_reached":24,"playtime":1581,"items_purged":["Defend_B"],"score":220,"play_id":"e8c5bee6-1da1-48ee-ba31-52a72bc19717","local_time":"20180715153456","is_ascension_mode":true,"campfire_choices":[{"data":"Streamline","floor":6,"key":"SMITH"},{"floor":8,"key":"REST"},{"data":"Stack","floor":10,"key":"SMITH"},{"data":"Static Discharge","floor":15,"key":"SMITH"}],"neow_cost":"NONE","seed_source_timestamp":228765662358639,"circlet_count":0,"master_deck":["Strike_B","Strike_B","Strike_B","Defend_B","Defend_B","Defend_B","Zap+1","Dualcast","Streamline+1","Stack+1","FTL","Static Discharge+1","Redo","Cold Snap","Beam Cell","Biased Cognition","Self Repair","Sweeping Beam","Double Energy","Seek","Echo Form"],"relics":["Cracked Core","Regal Pillow","Bronze Scales","Art of War","Boot","Nuclear Battery"],"potions_floor_usage":[7,12,23,24],"damage_taken":[{"damage":4,"enemies":"Small Slimes","floor":1,"turns":3},{"damage":4,"enemies":"Jaw Worm","floor":3,"turns":3},{"damage":0,"enemies":"Cultist","floor":5,"turns":2},{"damage":9,"enemies":"3 Sentries","floor":7,"turns":6},{"damage":0,"enemies":"Large Slime","floor":12,"turns":3},{"damage":1,"enemies":"2 Fungi Beasts","floor":13,"turns":2},{"damage":6,"enemies":"Looter","floor":14,"turns":2},{"damage":11,"enemies":"The Guardian","floor":16,"turns":6},{"damage":15,"enemies":"Shell Parasite","floor":18,"turns":3},{"damage":2,"enemies":"Spheric Guardian","floor":20,"turns":3},{"damage":28,"enemies":"Centurion and Healer","floor":21,"turns":5},{"damage":27,"enemies":"Snake Plant","floor":23,"turns":2},{"damage":29,"enemies":"Slavers","floor":24,"turns":1}],"seed_played":"2578081766535551866","potions_obtained":[{"floor":1,"key":"FearPotion"},{"floor":3,"key":"Swift Potion"},{"floor":7,"key":"SteroidPotion"},{"floor":20,"key":"Energy Potion"},{"floor":21,"key":"Fire Potion"}],"is_trial":false,"path_per_floor":["M","?","M","?","M","R","E","R","T","R","$","M","M","M","R","B",null,"M","?","M","M","$","M"],"character_chosen":"DEFECT","items_purchased":["Boot","Redo","Seek"],"campfire_rested":1,"item_purchase_floors":[11,11,22],"current_hp_per_floor":[71,60,56,56,56,56,47,75,75,75,75,75,74,68,68,57,75,60,60,65,44,44,24,0],"gold":53,"neow_bonus":"RANDOM_COMMON_RELIC","is_prod":false,"is_daily":false,"chose_seed":false,"campfire_upgraded":3,"win_rate":0,"timestamp":1531640096,"path_taken":["M","?","?","?","M","R","E","R","T","R","$","M","M","M","R","BOSS","M","?","M","M","$","?","E"],"build_version":"2018-07-12","purchased_purges":1,"victory":false,"max_hp_per_floor":[75,75,75,75,75,75,75,75,75,75,75,75,75,75,75,75,75,75,75,75,75,75,75,75],"card_choices":[{"not_picked":["Skim","Scrape"],"picked":"Streamline","floor":1},{"not_picked":["Compile Driver","Steam"],"picked":"Stack","floor":3},{"not_picked":["Coolheaded","Stack"],"picked":"FTL","floor":5},{"not_picked":["Scrape","Reprogram"],"picked":"Static Discharge","floor":7},{"not_picked":["Stack","Static Discharge"],"picked":"Cold Snap","floor":12},{"not_picked":["Compile Driver","Aggregate","Turbo"],"picked":"SKIP","floor":13},{"not_picked":["Compile Driver","Turbo"],"picked":"Beam Cell","floor":14},{"not_picked":["Meteor Strike","Thunder Strike"],"picked":"Biased Cognition","floor":16},{"not_picked":["Rebound+1","Tempest+1"],"picked":"Self Repair","floor":18},{"not_picked":["Ball Lightning","Coolheaded"],"picked":"Sweeping Beam","floor":20},{"not_picked":["Compile Driver","Coolheaded"],"picked":"Double Energy","floor":21},{"not_picked":["Hello World","Steam"],"picked":"Echo Form","floor":23}],"player_experience":692935,"relics_obtained":[{"floor":7,"key":"Bronze Scales"},{"floor":9,"key":"Art of War"}],"event_choices":[{"event_name":"World of Goop","player_choice":"Gather Gold","floor":2,"damage_taken":0},{"event_name":"Living Wall","player_choice":"Grow","floor":4,"damage_taken":0},{"event_name":"Purifier","player_choice":"One Purge","floor":19,"damage_taken":0}],"boss_relics":[{"not_picked":["Coffee Dripper","Black Star"],"picked":"Nuclear Battery"}],"items_purged_floors":[11],"is_endless":false,"potions_floor_spawned":[1,3,7,20,21],"killed_by":"Slavers","ascension_level":2}