{"gold_per_floor":[13,13,25,54,80,118,130,162,174,117,137,137,149,174,174,174],"floor_reached":16,"playtime":634,"items_purged":[],"score":137,"play_id":"657f6acb-3061-4dd0-921b-37c48b60806a","local_time":"20190528011102","is_ascension_mode":false,"campfire_choices":[{"data":"Whirlwind","floor":7,"key":"SMITH"},{"data":"Inflame","floor":12,"key":"SMITH"},{"data":"Flame Barrier","floor":15,"key":"SMITH"}],"neow_cost":"NO_GOLD","seed_source_timestamp":1094445899598473,"circlet_count":0,"master_deck":["Strike_R","Strike_R","Strike_R","Strike_R","Strike_R","Defend_R","Defend_R","Defend_R","Defend_R","Bash","Feed","Flame Barrier+1","Whirlwind+1","Impervious","Inflame+1"],"relics":["Burning Blood","MawBank","Kunai","Bag of Preparation","Bottled Lightning"],"potions_floor_usage":[6,16],"damage_taken":[{"damage":6,"enemies":"Jaw Worm","floor":1,"turns":4},{"damage":0,"enemies":"Small Slimes","floor":4,"turns":3},{"damage":1,"enemies":"Cultist","floor":5,"turns":4},{"damage":6,"enemies":"Gremlin Nob","floor":6,"turns":3},{"damage":17,"enemies":"Gremlin Gang","floor":8,"turns":3},{"damage":3,"enemies":"2 Fungi Beasts","floor":11,"turns":4},{"damage":2,"enemies":"Large Slime","floor":13,"turns":7},{"damage":36,"enemies":"Lagavulin","floor":14,"turns":5},{"damage":70,"enemies":"Hexaghost","floor":16,"turns":11}],"seed_played":"-1004737377923855476","potions_obtained":[{"floor":1,"key":"AttackPotion"},{"floor":5,"key":"FearPotion"},{"floor":11,"key":"Dexterity Potion"}],"is_trial":false,"path_per_floor":["M","?","?","M","M","E","R","M","T","$","M","R","M","E","R","B"],"character_chosen":"IRONCLAD","items_purchased":["Inflame"],"campfire_rested":0,"item_purchase_floors":[10],"current_hp_per_floor":[83,83,76,85,89,92,92,84,84,84,90,90,97,70,70,0],"gold":174,"neow_bonus":"THREE_RARE_CARDS","is_prod":false,"is_daily":false,"chose_seed":false,"campfire_upgraded":3,"win_rate":0,"timestamp":1559020262,"path_taken":["M","?","?","M","M","E","R","M","T","$","M","R","?","E","R","BOSS"],"build_version":"2019-01-23","purchased_purges":0,"victory":false,"max_hp_per_floor":[83,83,83,86,89,92,92,95,95,95,98,98,101,104,104,104],"card_choices":[{"not_picked":["Barricade","Reaper"],"picked":"Feed","floor":0},{"not_picked":["Rampage","Spot Weakness"],"picked":"Flame Barrier","floor":1},{"not_picked":["Clothesline","Headbutt","Iron Wave"],"picked":"SKIP","floor":4},{"not_picked":["Havoc","Flex"],"picked":"Whirlwind","floor":5},{"not_picked":["Heavy Blade","Shrug It Off"],"picked":"Impervious","floor":6},{"not_picked":["Clash","Body Slam","Pommel Strike"],"picked":"SKIP","floor":8},{"not_picked":["Armaments","Warcry","Anger"],"picked":"SKIP","floor":11},{"not_picked":["Warcry","Wild Strike","Corruption"],"picked":"SKIP","floor":13},{"not_picked":["Anger","Hemokinesis","Rampage"],"picked":"SKIP","floor":14}],"player_experience":293020,"relics_obtained":[{"floor":6,"key":"Kunai"},{"floor":9,"key":"Bag of Preparation"},{"floor":14,"key":"Bottled Lightning"}],"event_choices":[{"damage_healed":0,"gold_gain":0,"player_choice":"Box","damage_taken":0,"relics_obtained":["MawBank"],"max_hp_gain":0,"max_hp_loss":0,"event_name":"Big Fish","floor":2,"gold_loss":0,"cards_obtained":["Regret"]},{"cards_removed":["Regret"],"damage_healed":0,"gold_gain":0,"player_choice":"Card Removal","damage_taken":7,"max_hp_gain":0,"max_hp_loss":0,"event_name":"Golden Wing","floor":3,"gold_loss":0}],"is_beta":false,"boss_relics":[],"items_purged_floors":[],"is_endless":false,"potions_floor_spawned":[1,5,11],"killed_by":"Hexaghost","ascension_level":0}