{"gold_per_floor":[110,60,60,79,99,131,141,141,194,213,213,213,241,261,261,360,360,376,183,197,197,212,212,229,239,315,315,315,326,338,350,350,350],"floor_reached":33,"playtime":1709,"items_purged":["Strike_R"],"score":263,"play_id":"87e307ef-a7b5-428e-9597-9808080ee8a2","local_time":"20180721234809","is_ascension_mode":false,"campfire_choices":[{"data":"Searing Blow","floor":8,"key":"SMITH"},{"data":"Searing Blow+1","floor":12,"key":"SMITH"},{"data":"Searing Blow+2","floor":15,"key":"SMITH"},{"floor":23,"key":"REST"},{"floor":27,"key":"REST"},{"floor":32,"key":"REST"}],"neow_cost":"","seed_source_timestamp":701947654407109,"circlet_count":0,"master_deck":["Strike_R","Strike_R","Strike_R","Strike_R","Bash","Iron Wave","Searing Blow+3","Anger","Seeing Red","Hemokinesis","Pommel Strike","Bludgeon","Cleave","Whirlwind","Pummel","Clash+1","Reaper","Thunderclap+1","Cleave+1"],"relics":["Burning Blood","Ornamental Fan","Anchor","Empty Cage","Nloth\u0027s Gift","Molten Egg 2","CultistMask"],"potions_floor_usage":[13,16,16,31,33,33],"damage_taken":[{"damage":0,"enemies":"Small Slimes","floor":1,"turns":3},{"damage":10,"enemies":"2 Louse","floor":4,"turns":3},{"damage":1,"enemies":"Cultist","floor":5,"turns":3},{"damage":39,"enemies":"Gremlin Nob","floor":6,"turns":5},{"damage":1,"enemies":"Large Slime","floor":7,"turns":5},{"damage":4,"enemies":"2 Fungi Beasts","floor":10,"turns":3},{"damage":15,"enemies":"Lagavulin","floor":13,"turns":5},{"damage":0,"enemies":"Looter","floor":14,"turns":2},{"damage":45,"enemies":"The Guardian","floor":16,"turns":6},{"damage":10,"enemies":"Spheric Guardian","floor":18,"turns":3},{"damage":0,"enemies":"Chosen","floor":20,"turns":3},{"damage":45,"enemies":"Centurion and Healer","floor":22,"turns":5},{"damage":26,"enemies":"Sentry and Sphere","floor":24,"turns":4},{"damage":19,"enemies":"Snecko","floor":25,"turns":4},{"damage":25,"enemies":"Centurion and Healer","floor":29,"turns":4},{"damage":11,"enemies":"3 Cultists","floor":30,"turns":4},{"damage":32,"enemies":"Snake Plant","floor":31,"turns":3},{"damage":81,"enemies":"Automaton","floor":33,"turns":6}],"seed_played":"2799595085166215271","potions_obtained":[{"floor":5,"key":"EssenceOfSteel"},{"floor":7,"key":"SteroidPotion"},{"floor":14,"key":"Fire Potion"},{"floor":22,"key":"FearPotion"},{"floor":25,"key":"SpeedPotion"},{"floor":30,"key":"Fire Potion"}],"is_trial":false,"path_per_floor":["M","?","?","M","M","E","M","R","T","M","?","R","E","M","R","B",null,"M","$","M","?","M","R","M","M","T","R","?","M","M","M","R"],"character_chosen":"IRONCLAD","items_purchased":["Whirlwind","Pummel"],"campfire_rested":3,"item_purchase_floors":[19,19],"current_hp_per_floor":[80,80,80,76,80,47,52,52,52,54,54,54,45,51,51,12,80,76,76,80,80,41,65,45,32,32,56,56,41,48,22,46,0],"gold":350,"neow_bonus":"","is_prod":false,"is_daily":false,"chose_seed":false,"campfire_upgraded":3,"win_rate":0.0,"timestamp":1532231289,"path_taken":["M","?","?","M","M","E","M","R","T","M","?","R","E","M","R","BOSS","M","$","M","?","M","R","M","M","T","R","?","M","?","M","R","BOSS"],"build_version":"2018-07-19v2","purchased_purges":1,"victory":false,"max_hp_per_floor":[80,80,80,80,80,80,80,80,80,80,80,80,80,80,80,80,80,80,80,80,80,80,80,80,80,80,80,80,80,80,80,80,80],"card_choices":[{"not_picked":["Warcry","Disarm","Intimidate"],"picked":"SKIP","floor":1},{"not_picked":["Heavy Blade","Body Slam"],"picked":"Iron Wave","floor":4},{"not_picked":["Burning Pact","Sword Boomerang"],"picked":"Searing Blow","floor":5},{"not_picked":["Perfected Strike","Seeing Red"],"picked":"Anger","floor":6},{"not_picked":["Headbutt","Blood for Blood","Armaments"],"picked":"SKIP","floor":7},{"not_picked":["Infernal Blade","Demon Form"],"picked":"Seeing Red","floor":10},{"not_picked":["Metallicize","Sword Boomerang"],"picked":"Hemokinesis","floor":13},{"not_picked":["Seeing Red","Thunderclap"],"picked":"Pommel Strike","floor":14},{"not_picked":["Barricade","Fiend Fire"],"picked":"Bludgeon","floor":16},{"not_picked":["Whirlwind","Flame Barrier"],"picked":"Cleave","floor":18},{"not_picked":["Thunderclap","Reckless Charge"],"picked":"Clash+1","floor":20},{"not_picked":["Barricade","Battle Trance","Entrench"],"picked":"SKIP","floor":22},{"not_picked":["Searing Blow","Headbutt","Pommel Strike"],"picked":"SKIP","floor":24},{"not_picked":["Intimidate+1","Entrench"],"picked":"Reaper","floor":25},{"not_picked":["Pommel Strike+1","Carnage+1","Metallicize"],"picked":"SKIP","floor":29},{"not_picked":["Clothesline+1","True Grit"],"picked":"Thunderclap+1","floor":30},{"not_picked":["Body Slam+1","Iron Wave+1"],"picked":"Cleave+1","floor":31}],"player_experience":25075,"relics_obtained":[{"floor":6,"key":"Ornamental Fan"},{"floor":9,"key":"Bronze Scales"},{"floor":13,"key":"Anchor"},{"floor":26,"key":"Molten Egg 2"}],"event_choices":[{"event_name":"The Cleric","player_choice":"Card Removal","floor":2,"damage_taken":0},{"event_name":"Living Wall","player_choice":"Forget","floor":3,"damage_taken":0},{"event_name":"Golden Idol","player_choice":"Ignored","floor":11,"damage_taken":0},{"event_name":"N\u0027loth","player_choice":"Traded a Bronze Scales","floor":21,"damage_taken":0},{"event_name":"FaceTrader","player_choice":"Trade","floor":28,"damage_taken":0}],"is_beta":false,"boss_relics":[{"not_picked":["Fusion Hammer","Cursed Key"],"picked":"Empty Cage"}],"items_purged_floors":[19],"is_endless":false,"potions_floor_spawned":[5,7,14,22,25,30],"killed_by":"Automaton","ascension_level":0}