{"gold_per_floor":[215,231,231,252,252,252,267,267,267,287,310,324,324,324,324,324],"floor_reached":16,"playtime":1241,"items_purged":[],"score":103,"play_id":"d7b61d01-520d-4741-bcc5-15888089610a","local_time":"20180715082528","is_ascension_mode":true,"campfire_choices":[{"data":"Zap","floor":6.0,"key":"SMITH"},{"data":"Dualcast","floor":8.0,"key":"SMITH"},{"data":"Self Repair","floor":13.0,"key":"SMITH"},{"floor":15,"key":"REST"}],"neow_cost":"NONE","seed_source_timestamp":0,"circlet_count":0,"master_deck":["Strike_B","Strike_B","Strike_B","Strike_B","Defend_B","Defend_B","Defend_B","Defend_B","Zap+1","Dualcast+1","Self Repair+1","Aggregate","Steam"],"special_seed":0,"relics":["Cracked Core","Golden Idol","Boot","Dodecahedron"],"potions_floor_usage":[16,16,16],"damage_taken":[{"damage":6.0,"enemies":"Jaw Worm","floor":1.0,"turns":4.0},{"damage":6.0,"enemies":"2 Louse","floor":2.0,"turns":2.0},{"damage":10.0,"enemies":"Small Slimes","floor":4.0,"turns":3.0},{"damage":16.0,"enemies":"Blue Slaver","floor":7.0,"turns":3.0},{"damage":16.0,"enemies":"3 Louse","floor":10.0,"turns":3.0},{"damage":20.0,"enemies":"Large Slime","floor":11.0,"turns":6.0},{"damage":15.0,"enemies":"Lots of Slimes","floor":12.0,"turns":4.0},{"damage":53,"enemies":"The Guardian","floor":16,"turns":14}],"seed_played":"-2082736930243460031","potions_obtained":[{"floor":2.0,"key":"PowerPotion"},{"floor":4.0,"key":"Weak Potion"},{"floor":10.0,"key":"EntropicBrew"}],"is_trial":false,"path_per_floor":["M","M","?","M","?","R","M","R","T","M","M","M","R","?","R"],"character_chosen":"DEFECT","items_purchased":[],"campfire_rested":1,"item_purchase_floors":[],"current_hp_per_floor":[69,70,52,49,74,74,65,65,65,56,43,35,35,28,50,0],"gold":324,"neow_bonus":"HUNDRED_GOLD","is_prod":false,"is_daily":false,"chose_seed":false,"campfire_upgraded":3,"win_rate":0,"timestamp":1531614328,"path_taken":["M","M","?","M","?","R","M","R","T","M","M","M","R","?","R","BOSS"],"build_version":"2018-07-12","purchased_purges":0,"victory":false,"max_hp_per_floor":[75,75,75,75,75,75,75,75,75,75,75,75,75,75,75,75],"card_choices":[{"not_picked":["Steam","Reprogram"],"picked":"Self Repair","floor":1.0},{"not_picked":["Barrage","Redo","Go for the Eyes"],"picked":"SKIP","floor":2.0},{"not_picked":["Ball Lightning","Sweeping Beam","Self Repair"],"picked":"SKIP","floor":4.0},{"not_picked":["Conserve Battery","Coolheaded","Go for the Eyes"],"picked":"SKIP","floor":7.0},{"not_picked":["Gash","Sunder"],"picked":"Aggregate","floor":10.0},{"not_picked":["Go for the Eyes","Stack"],"picked":"Steam","floor":11.0},{"not_picked":["Rip and Tear","Ball Lightning","Double Energy"],"picked":"SKIP","floor":12.0}],"player_experience":669214,"relics_obtained":[{"floor":9.0,"key":"Boot"}],"event_choices":[{"event_name":"Golden Idol","player_choice":"Take Damage","floor":3.0,"damage_taken":0.0},{"event_name":"Big Fish","player_choice":"Banana","floor":5.0,"damage_taken":0.0},{"event_name":"Scrap Ooze","player_choice":"success","floor":14.0,"damage_taken":7.0}],"boss_relics":[],"items_purged_floors":[],"is_endless":false,"potions_floor_spawned":[2,4,10,12],"killed_by":"The Guardian","ascension_level":2}