{"gold_per_floor":[112,31,48,63,63,63,155,155,181,213,213,225,225],"floor_reached":13,"playtime":851,"items_purged":[],"score":154,"play_id":"20354419-6d0f-4f84-bef3-770ed97b793f","local_time":"20190818023507","is_ascension_mode":true,"campfire_choices":[{"data":"Bash","floor":6,"key":"SMITH"},{"data":"Power Through","floor":8,"key":"SMITH"},{"data":"Spot Weakness","floor":11,"key":"SMITH"}],"neow_cost":"NONE","seed_source_timestamp":101219161340259,"circlet_count":0,"master_deck":["AscendersBane","Strike_R","Strike_R","Strike_R","Strike_R","Defend_R","Defend_R","Defend_R","Defend_R","Bash+1","Power Through+1","Spot Weakness+1","Headbutt","Second Wind","Shrug It Off"],"relics":["Burning Blood","NeowsBlessing","Tiny Chest","Lantern","Regal Pillow"],"potions_floor_usage":[7,10,13],"damage_taken":[{"damage":0,"enemies":"2 Louse","floor":1,"turns":1},{"damage":0,"enemies":"Jaw Worm","floor":3,"turns":1},{"damage":0,"enemies":"Cultist","floor":4,"turns":1},{"damage":16,"enemies":"Gremlin Nob","floor":7,"turns":4},{"damage":25,"enemies":"3 Sentries","floor":10,"turns":9},{"damage":22,"enemies":"Large Slime","floor":12,"turns":6},{"damage":44,"enemies":"Gremlin Gang","floor":13,"turns":4}],"seed_played":"-6601689547414476461","potions_obtained":[{"floor":1,"key":"SteroidPotion"},{"floor":7,"key":"Regen Potion"},{"floor":12,"key":"Dexterity Potion"}],"is_trial":false,"path_per_floor":["M","$","M","M","?","R","?","R","T","E","R","M","M"],"character_chosen":"IRONCLAD","items_purchased":["Spot Weakness"],"campfire_rested":0,"item_purchase_floors":[2],"current_hp_per_floor":[74,74,75,75,68,68,58,58,58,54,54,38,0],"gold":225,"neow_bonus":"THREE_ENEMY_KILL","is_prod":false,"is_daily":false,"chose_seed":false,"campfire_upgraded":3,"win_rate":0,"timestamp":1566088507,"path_taken":["M","$","M","M","?","R","?","R","T","E","R","M","M"],"build_version":"2019-07-17","purchased_purges":0,"victory":false,"max_hp_per_floor":[75,75,75,75,75,75,75,75,75,75,75,75,75],"card_choices":[{"not_picked":["Metallicize","Warcry"],"picked":"Power Through","floor":1},{"not_picked":["Whirlwind","Disarm"],"picked":"Headbutt","floor":3},{"not_picked":["Clash","Twin Strike","Heavy Blade"],"picked":"SKIP","floor":4},{"not_picked":["Searing Blow","Reckless Charge"],"picked":"Second Wind","floor":7},{"not_picked":["Cleave","Double Tap"],"picked":"Shrug It Off","floor":10},{"not_picked":["Searing Blow","Cleave","Armaments"],"picked":"SKIP","floor":12}],"player_experience":723860,"relics_obtained":[{"floor":7,"key":"Tiny Chest"},{"floor":9,"key":"Lantern"},{"floor":10,"key":"Regal Pillow"}],"event_choices":[{"cards_removed":["Strike_R"],"damage_healed":0,"gold_gain":0,"player_choice":"Card Removal","damage_taken":7,"max_hp_gain":0,"max_hp_loss":0,"event_name":"Golden Wing","floor":5,"gold_loss":0},{"damage_healed":0,"gold_gain":0,"player_choice":"Searched \u00271\u0027 times","damage_taken":0,"max_hp_gain":0,"max_hp_loss":0,"event_name":"Dead Adventurer","floor":7,"gold_loss":0}],"is_beta":false,"boss_relics":[],"items_purged_floors":[],"is_endless":false,"potions_floor_spawned":[1,7,12],"killed_by":"Gremlin Gang","ascension_level":17}