{"gold_per_floor":[368,3,15,34,46,46,81,81,134,3,14,114,114,145,145,242,242,256,266,266,278,289,289,388,388,413,239,7,25,36,56,56,158,158,176,176,50,67,78,107,107,7,56,69,69,69,85,111,111,111],"floor_reached":51,"playtime":8109,"items_purged":["Strike_G","Strike_G","Strike_G","Strike_G","Defend_G","Strike_G"],"score":1087,"play_id":"291e9eee-5bca-493f-9877-af30fbb732c4","local_time":"20181007125832","is_ascension_mode":true,"campfire_choices":[{"data":"Leg Sweep","floor":6.0,"key":"SMITH"},{"floor":13.0,"key":"REST"},{"floor":15.0,"key":"REST"},{"floor":23.0,"key":"REST"},{"floor":25.0,"key":"REST"},{"data":"Bane","floor":32.0,"key":"SMITH"},{"floor":41.0,"key":"REST"},{"floor":49.0,"key":"REST"}],"neow_cost":"PERCENT_DAMAGE","seed_source_timestamp":0,"circlet_count":0,"master_deck":["Defend_G","Defend_G","Defend_G","Survivor+1","Neutralize","AscendersBane","Bouncing Flask","Leg Sweep+1","Backflip+1","Terror","Tools of the Trade+1","Backstab","Well Laid Plans+1","Dash","Escape Plan","Blur","Bullet Time","Acrobatics+1","Backflip","PiercingWail","Noxious Fumes+1","Venomology","Noxious Fumes+1","Bane+1","Flechettes+1","All Out Attack","Die Die Die","Dash+1","Noxious Fumes+1","Bane+1","Footwork+1","Die Die Die","Footwork+1","Flechettes+1","PiercingWail"],"special_seed":0,"relics":["Ring of the Snake","Membership Card","Frozen Egg 2","Bag of Marbles","Bronze Scales","Tiny Chest","Dream Catcher","Philosopher\u0027s Stone","Nilry\u0027s Codex","MawBank","PreservedInsect","Pen Nib","Anchor","White Beast Statue","Peace Pipe","Vajra","War Paint","Molten Egg 2","Letter Opener"],"potions_floor_usage":[50,50,50,50],"damage_taken":[{"damage":0.0,"enemies":"Cultist","floor":1.0,"turns":6.0},{"damage":0.0,"enemies":"Small Slimes","floor":3.0,"turns":6.0},{"damage":0.0,"enemies":"Jaw Worm","floor":4.0,"turns":5.0},{"damage":1.0,"enemies":"Looter","floor":5.0,"turns":4.0},{"damage":15.0,"enemies":"3 Sentries","floor":7.0,"turns":11.0},{"damage":0.0,"enemies":"Blue Slaver","floor":11.0,"turns":4.0},{"damage":1.0,"enemies":"Lagavulin","floor":14.0,"turns":7.0},{"damage":52.0,"enemies":"Slime Boss","floor":16.0,"turns":20.0},{"damage":8.0,"enemies":"Shell Parasite","floor":18.0,"turns":6.0},{"damage":17.0,"enemies":"2 Thieves","floor":19.0,"turns":5.0},{"damage":7.0,"enemies":"Centurion and Healer","floor":21.0,"turns":8.0},{"damage":0.0,"enemies":"Snecko","floor":22.0,"turns":4.0},{"damage":0.0,"enemies":"Cultist and Chosen","floor":29.0,"turns":6.0},{"damage":0.0,"enemies":"3 Cultists","floor":30.0,"turns":5.0},{"damage":0.0,"enemies":"Snake Plant","floor":31.0,"turns":4.0},{"damage":41.0,"enemies":"Collector","floor":33.0,"turns":8.0},{"damage":0.0,"enemies":"3 Shapes","floor":35.0,"turns":4.0},{"damage":0.0,"enemies":"Orb Walker","floor":38.0,"turns":3.0},{"damage":25.0,"enemies":"Spire Growth","floor":39.0,"turns":5.0},{"damage":2.0,"enemies":"Giant Head","floor":40.0,"turns":6.0},{"damage":0.0,"enemies":"Reptomancer","floor":44.0,"turns":5.0},{"damage":0.0,"enemies":"Transient","floor":47.0,"turns":5.0},{"damage":5.0,"enemies":"Nemesis","floor":48.0,"turns":5.0},{"damage":47,"enemies":"Donu and Deca","floor":50,"turns":9}],"seed_played":"4319243141590101719","potions_obtained":[{"floor":3.0,"key":"Weak Potion"},{"floor":4.0,"key":"LiquidBronze"},{"floor":14.0,"key":"GamblersBrew"},{"floor":19.0,"key":"GamblersBrew"},{"floor":22.0,"key":"Regen Potion"},{"floor":29.0,"key":"Block Potion"},{"floor":35.0,"key":"Block Potion"},{"floor":38.0,"key":"Energy Potion"},{"floor":39.0,"key":"Block Potion"},{"floor":40.0,"key":"Poison Potion"},{"floor":44.0,"key":"GhostInAJar"}],"is_trial":false,"path_per_floor":["M","$","M","M","M","R","E","?","T","$","M","?","R","E","R","B",null,"M","M","?","M","M","R","?","R","T","$","$","M","M","M","R","B",null,"M","?","$","M","M","E","R","$","T","M","T","T","M","E","R","B"],"character_chosen":"THE_SILENT","items_purchased":["Membership Card","Frozen Egg 2","FearPotion","Backstab","Well Laid Plans+1","PreservedInsect","Noxious Fumes+1","Bane","Pen Nib","Anchor","Noxious Fumes+1"],"campfire_rested":6,"item_purchase_floors":[2,2,10,10,10,27,27,27,28,28,37],"current_hp_per_floor":[45,45,45,45,44,44,29,29,29,29,29,29,50,49,70,18,57,49,32,16,9,9,30,30,51,51,51,51,66,66,66,66,25,59,59,59,59,59,34,32,53,53,53,53,53,53,53,48,69,22],"gold":111,"neow_bonus":"TWO_FIFTY_GOLD","is_prod":false,"is_daily":false,"chose_seed":false,"campfire_upgraded":2,"win_rate":0,"timestamp":1538909912,"path_taken":["M","$","M","?","M","R","E","?","T","$","M","?","R","E","R","BOSS","M","M","?","M","M","R","?","R","T","$","?","M","M","M","R","BOSS","M","?","?","M","?","E","R","$","T","?","?","?","M","E","R","BOSS"],"build_version":"2018-10-04v2","purchased_purges":6,"victory":true,"max_hp_per_floor":[70,70,70,70,70,70,70,70,70,70,70,70,70,70,70,70,70,70,70,70,70,70,70,70,70,70,70,70,70,70,70,70,70,70,70,70,70,70,70,70,70,70,70,70,70,70,70,70,70,70],"card_choices":[{"not_picked":["Deadly Poison","Reflex"],"picked":"Bouncing Flask","floor":1.0},{"not_picked":["Backflip","Crippling Poison"],"picked":"Leg Sweep","floor":3.0},{"not_picked":["Riddle With Holes","Outmaneuver"],"picked":"Backflip","floor":4.0},{"not_picked":["Flying Knee","Dagger Throw"],"picked":"Terror","floor":5.0},{"not_picked":["Deadly Poison","Venomology"],"picked":"Tools of the Trade+1","floor":7.0},{"not_picked":["Underhanded Strike","Blade Dance"],"picked":"Dash","floor":11.0},{"not_picked":["Bouncing Flask","Deflect"],"picked":"Escape Plan","floor":14.0},{"not_picked":["Blade Dance","Flying Knee"],"picked":"Blur","floor":15.0},{"not_picked":["Tools of the Trade+1","Envenom+1"],"picked":"Bullet Time","floor":16.0},{"not_picked":["Concentrate","Tactician","Eviscerate+1"],"picked":"SKIP","floor":18.0},{"not_picked":["Backstab","Outmaneuver"],"picked":"Acrobatics+1","floor":19.0},{"not_picked":["Choke","Underhanded Strike"],"picked":"Backflip","floor":21.0},{"not_picked":["Blade Dance","Deadly Poison"],"picked":"PiercingWail","floor":22.0},{"not_picked":["Cloak And Dagger+1","Poisoned Stab"],"picked":"Noxious Fumes+1","floor":23.0},{"not_picked":["Tactician","Underhanded Strike"],"picked":"Venomology","floor":25.0},{"not_picked":["Acrobatics","Dagger Throw","Tactician"],"picked":"SKIP","floor":29.0},{"not_picked":["Quick Slash","Outmaneuver"],"picked":"Flechettes+1","floor":30.0},{"not_picked":["Blade Dance","Eviscerate"],"picked":"All Out Attack","floor":31.0},{"not_picked":["Malaise","Glass Knife"],"picked":"Die Die Die","floor":33.0},{"not_picked":["Sucker Punch","Expertise"],"picked":"Dash+1","floor":35.0},{"not_picked":["Underhanded Strike+1","Deflect+1"],"picked":"Bane+1","floor":38.0},{"not_picked":["Quick Slash","Masterful Stab+1"],"picked":"Footwork+1","floor":39.0},{"not_picked":["Sucker Punch+1","PiercingWail"],"picked":"Die Die Die","floor":40.0},{"not_picked":["Poisoned Stab+1","Cloak And Dagger+1"],"picked":"Footwork+1","floor":41.0},{"not_picked":["Acrobatics","Cloak And Dagger","Deadly Poison+1"],"picked":"SKIP","floor":44.0},{"not_picked":["Dash+1","Underhanded Strike+1"],"picked":"Flechettes+1","floor":47.0},{"not_picked":["Concentrate","Dagger Spray+1","Poisoned Stab+1"],"picked":"SKIP","floor":48.0},{"not_picked":["Tactician","Finisher+1"],"picked":"PiercingWail","floor":49.0}],"player_experience":215966,"relics_obtained":[{"floor":7.0,"key":"Bag of Marbles"},{"floor":9.0,"key":"Tiny Chest"},{"floor":14.0,"key":"Dream Catcher"},{"floor":20.0,"key":"Nilry\u0027s Codex"},{"floor":26.0,"key":"MawBank"},{"floor":40.0,"key":"Peace Pipe"},{"floor":43.0,"key":"Vajra"},{"floor":45.0,"key":"War Paint"},{"floor":46.0,"key":"Molten Egg 2"},{"floor":48.0,"key":"Letter Opener"}],"event_choices":[{"event_name":"Dead Adventurer","player_choice":"Searched \u00271\u0027 times","floor":8.0,"damage_taken":0.0},{"event_name":"Golden Shrine","player_choice":"Pray","floor":12.0,"damage_taken":0.0},{"event_name":"Cursed Tome","player_choice":"Obtained Book","floor":20.0,"damage_taken":0.0},{"event_name":"Nest","player_choice":"Stole From Cult","floor":24.0,"damage_taken":0.0},{"event_name":"Falling","player_choice":"Removed Skill","floor":36.0,"damage_taken":0.0}],"is_beta":false,"boss_relics":[{"not_picked":["WristBlade","Tiny House"],"picked":"Philosopher\u0027s Stone"},{"not_picked":["Orrery","Velvet Choker"],"picked":"White Beast Statue"}],"items_purged_floors":[2,10,27,28,37,42],"is_endless":false,"potions_floor_spawned":[3,4,14,19,22,29,31,35,38,39,40,44,47,48],"ascension_level":11}