{"gold_per_floor":[126,153,165,189,215,227,265,352,364,16,16],"floor_reached":11,"playtime":622,"items_purged":[],"score":73,"play_id":"e409c528-1058-44c6-8029-cd15970ad672","local_time":"20190813184308","is_ascension_mode":false,"campfire_choices":[{"data":"Zap","floor":6,"key":"SMITH"}],"neow_cost":"NONE","seed_source_timestamp":354326215348500,"circlet_count":0,"master_deck":["Strike_B","Strike_B","Strike_B","Strike_B","Defend_B","Defend_B","Defend_B","Defend_B","Zap+1","Dualcast","Stack","Skim","Steam","BootSequence","Double Energy","Capacitor"],"relics":["Cracked Core","MawBank","Orichalcum","PreservedInsect","Shovel"],"potions_floor_usage":[],"damage_taken":[{"damage":3,"enemies":"Small Slimes","floor":1,"turns":4},{"damage":0,"enemies":"2 Louse","floor":2,"turns":2},{"damage":6,"enemies":"Cultist","floor":4,"turns":4},{"damage":13,"enemies":"Large Slime","floor":5,"turns":5},{"damage":29,"enemies":"Lagavulin","floor":7,"turns":10}],"seed_played":"1714592632350818208","potions_obtained":[{"floor":2,"key":"SteroidPotion"},{"floor":5,"key":"AttackPotion"},{"floor":7,"key":"SkillPotion"}],"is_trial":false,"path_per_floor":["M","M","?","M","M","R","E","?","T","$","?"],"character_chosen":"DEFECT","items_purchased":["Shovel","Capacitor"],"campfire_rested":0,"item_purchase_floors":[10,10],"current_hp_per_floor":[72,72,72,66,53,53,24,13,13,13,0],"gold":16,"neow_bonus":"RANDOM_COMMON_RELIC","is_prod":false,"is_daily":false,"chose_seed":false,"campfire_upgraded":1,"win_rate":0.0,"timestamp":1565714588,"path_taken":["M","M","?","M","M","R","E","?","T","$","?"],"build_version":"2019-07-17","purchased_purges":0,"victory":false,"max_hp_per_floor":[75,75,75,75,75,75,75,75,75,75,75],"card_choices":[{"not_picked":["Streamline","Fusion"],"picked":"Stack","floor":1},{"not_picked":["Gash","Compile Driver"],"picked":"Skim","floor":2},{"not_picked":["Leap","Glacier"],"picked":"Steam","floor":4},{"not_picked":["Barrage","Darkness"],"picked":"BootSequence","floor":5},{"not_picked":["Rebound","Chaos"],"picked":"Double Energy","floor":7}],"player_experience":51857,"relics_obtained":[{"floor":7,"key":"Orichalcum"},{"floor":9,"key":"PreservedInsect"}],"event_choices":[{"damage_healed":0,"gold_gain":0,"player_choice":"Ignored","damage_taken":0,"max_hp_gain":0,"max_hp_loss":0,"event_name":"Golden Wing","floor":3,"gold_loss":0},{"damage_healed":0,"gold_gain":75,"player_choice":"Gather Gold","damage_taken":11,"max_hp_gain":0,"max_hp_loss":0,"event_name":"World of Goop","floor":8,"gold_loss":0}],"is_beta":false,"boss_relics":[],"items_purged_floors":[],"is_endless":false,"potions_floor_spawned":[2,5,7],"ascension_level":0}