{"gold_per_floor":[114,132,132,156,46,46,64,102,102,102,126,126,145,160,160,160],"floor_reached":16,"playtime":942,"items_purged":["Injury"],"score":172,"play_id":"5aa9e35a-2e46-4a53-b53a-3801e8faa7ad","local_time":"20190613233351","is_ascension_mode":true,"campfire_choices":[{"data":"Inflame","floor":6.0,"key":"SMITH"},{"floor":10.0,"key":"REST"},{"floor":15,"key":"REST"}],"neow_cost":"NONE","seed_source_timestamp":0,"circlet_count":0,"master_deck":["AscendersBane","Strike_R","Strike_R","Strike_R","Strike_R","Strike_R","Defend_R","Defend_R","Defend_R","Defend_R","Bash","Metallicize","Inflame+1","Flame Barrier","Carnage","Battle Trance"],"special_seed":0,"relics":["Burning Blood","Golden Idol","Blood Vial","Potion Belt"],"potions_floor_usage":[16,16],"damage_taken":[{"damage":6.0,"enemies":"Cultist","floor":1.0,"turns":3.0},{"damage":0.0,"enemies":"2 Louse","floor":2.0,"turns":3.0},{"damage":16.0,"enemies":"Jaw Worm","floor":4.0,"turns":4.0},{"damage":34.0,"enemies":"Exordium Thugs","floor":7.0,"turns":8.0},{"damage":43.0,"enemies":"3 Sentries","floor":8.0,"turns":9.0},{"damage":11.0,"enemies":"Looter","floor":11.0,"turns":3.0},{"damage":8.0,"enemies":"Gremlin Gang","floor":13.0,"turns":5.0},{"damage":20,"enemies":"Lots of Slimes","floor":14,"turns":5},{"damage":67,"enemies":"Hexaghost","floor":16,"turns":11}],"seed_played":"-8893013648180108112","potions_obtained":[{"floor":0.0,"key":"SkillPotion"},{"floor":0.0,"key":"Regen Potion"},{"floor":7.0,"key":"Fruit Juice"},{"floor":11.0,"key":"Fire Potion"},{"floor":14,"key":"SteroidPotion"}],"is_trial":false,"path_per_floor":["M","M","?","M","$","R","M","E","T","R","M","$","M","M","R","B"],"character_chosen":"IRONCLAD","items_purchased":["Flame Barrier"],"campfire_rested":2,"item_purchase_floors":[5],"current_hp_per_floor":[72,78,78,68,68,68,40,23,23,48,45,45,45,33,58,0],"gold":160,"neow_bonus":"THREE_SMALL_POTIONS","is_prod":false,"is_daily":false,"chose_seed":false,"campfire_upgraded":1,"win_rate":0,"timestamp":1560483231,"path_taken":["M","?","?","M","$","R","M","E","T","R","M","?","M","M","R","BOSS"],"build_version":"2019-01-23","purchased_purges":1,"victory":false,"max_hp_per_floor":[80,80,80,80,80,80,80,85,85,85,85,85,85,85,85,85],"card_choices":[{"not_picked":["Anger","Fiend Fire","Clash"],"picked":"SKIP","floor":1.0},{"not_picked":["Second Wind","Evolve"],"picked":"Metallicize","floor":2.0},{"not_picked":["Fire Breathing","True Grit"],"picked":"Inflame","floor":4.0},{"not_picked":["Uppercut","Bloodletting"],"picked":"Carnage","floor":7.0},{"not_picked":["Thunderclap","Carnage","Sword Boomerang"],"picked":"SKIP","floor":8.0},{"not_picked":["Fire Breathing","True Grit"],"picked":"Battle Trance","floor":11.0},{"not_picked":["True Grit","Fire Breathing","Sword Boomerang"],"picked":"SKIP","floor":13.0},{"not_picked":["Warcry","Anger","Entrench"],"picked":"SKIP","floor":14}],"player_experience":355418,"relics_obtained":[{"floor":8.0,"key":"Blood Vial"},{"floor":9.0,"key":"Potion Belt"}],"event_choices":[{"damage_healed":0.0,"max_hp_gain":0.0,"max_hp_loss":0.0,"gold_gain":0.0,"event_name":"Golden Idol","player_choice":"Take Wound","floor":3.0,"gold_loss":0.0,"damage_taken":0.0,"relics_obtained":["Golden Idol"],"cards_obtained":["Injury"]}],"is_beta":false,"boss_relics":[],"items_purged_floors":[5],"is_endless":false,"potions_floor_spawned":[4,7,11,14],"killed_by":"Hexaghost","ascension_level":13}