{"gold_per_floor":[117,117,130,140,157,157,174,193,193,224,224,237,237,262,262,361,361,373,53,68,86,86,116,116,147,220,252,268,268,288,306,306,405,405,415,428,441,441,459,489,489,509,509,543,543,555,655,655,655,655,655,655,15,41,41],"floor_reached":55,"playtime":5835,"items_purged":["Storm of Steel"],"score":828,"play_id":"43b31f35-ab4b-402c-bab5-8ac703cdaf44","local_time":"20190828013809","is_ascension_mode":false,"campfire_choices":[{"data":"Deflect","floor":6.0,"key":"SMITH"},{"floor":11.0,"key":"REST"},{"floor":13.0,"key":"REST"},{"data":"Poisoned Stab","floor":15.0,"key":"SMITH"},{"floor":24.0,"key":"REST"},{"floor":29.0,"key":"REST"},{"floor":32.0,"key":"REST"},{"floor":41.0,"key":"RECALL"},{"floor":45,"key":"REST"},{"floor":49,"key":"REST"},{"floor":52,"key":"REST"}],"neow_cost":"NONE","seed_source_timestamp":910372696054100,"circlet_count":0,"master_deck":["Strike_G","Strike_G","Strike_G","Defend_G","Defend_G","Defend_G","Defend_G","Survivor","Neutralize","Deflect+1","Backflip","Backflip","Poisoned Stab+1","Venomology","Catalyst","Riddle With Holes","PiercingWail","Catalyst+1","Crippling Poison","Finisher","Catalyst+1","Backstab","Outmaneuver+1","Doppelganger","Backstab+1","Bane+1","Dash+1","Flying Knee+1","Backflip+1","Dodge and Roll+1","Crippling Poison+1","Footwork","PiercingWail","Well Laid Plans+1"],"special_seed":0,"relics":["Ring of the Snake","Gremlin Horn","Shuriken","Bird Faced Urn","Orrery","Kunai","Ninja Scroll","Matryoshka","Art of War","Bottled Flame","Fusion Hammer","Molten Egg 2","Omamori","Pear","Anchor","Prayer Wheel","Mango","Bag of Preparation","Sundial"],"potions_floor_usage":[46,46,47,50,54,55,55,55],"damage_taken":[{"damage":0.0,"enemies":"Jaw Worm","floor":1.0,"turns":6.0},{"damage":0.0,"enemies":"2 Louse","floor":3.0,"turns":3.0},{"damage":0.0,"enemies":"Small Slimes","floor":4.0,"turns":3.0},{"damage":0.0,"enemies":"3 Louse","floor":5.0,"turns":4.0},{"damage":13.0,"enemies":"Exordium Thugs","floor":7.0,"turns":8.0},{"damage":3.0,"enemies":"Gremlin Gang","floor":8.0,"turns":5.0},{"damage":27.0,"enemies":"3 Sentries","floor":10.0,"turns":18.0},{"damage":6.0,"enemies":"Exordium Wildlife","floor":12.0,"turns":8.0},{"damage":10.0,"enemies":"Lagavulin","floor":14.0,"turns":7.0},{"damage":24.0,"enemies":"Hexaghost","floor":16.0,"turns":9.0},{"damage":3.0,"enemies":"Shell Parasite","floor":18.0,"turns":7.0},{"damage":0.0,"enemies":"3 Byrds","floor":20.0,"turns":5.0},{"damage":12.0,"enemies":"Shelled Parasite and Fungi","floor":21.0,"turns":8.0},{"damage":13.0,"enemies":"Gremlin Leader","floor":23.0,"turns":6.0},{"damage":19.0,"enemies":"Slavers","floor":25.0,"turns":5.0},{"damage":3.0,"enemies":"Book of Stabbing","floor":27.0,"turns":4.0},{"damage":2.0,"enemies":"Centurion and Healer","floor":28.0,"turns":5.0},{"damage":18.0,"enemies":"Sentry and Sphere","floor":30.0,"turns":8.0},{"damage":1.0,"enemies":"3 Cultists","floor":31.0,"turns":6.0},{"damage":12.0,"enemies":"Collector","floor":33.0,"turns":5.0},{"damage":0.0,"enemies":"3 Shapes","floor":35.0,"turns":3.0},{"damage":0.0,"enemies":"Orb Walker","floor":36.0,"turns":2.0},{"damage":0.0,"enemies":"Sphere and 2 Shapes","floor":37.0,"turns":5.0},{"damage":4.0,"enemies":"Maw","floor":39.0,"turns":4.0},{"damage":7.0,"enemies":"Reptomancer","floor":40.0,"turns":7.0},{"damage":5.0,"enemies":"3 Darklings","floor":42.0,"turns":5.0},{"damage":0,"enemies":"Giant Head","floor":44,"turns":6},{"damage":28,"enemies":"Writhing Mass","floor":46,"turns":5},{"damage":6,"enemies":"Mind Bloom Boss Battle","floor":47,"turns":5},{"damage":56,"enemies":"Donu and Deca","floor":50,"turns":12},{"damage":89,"enemies":"Shield and Spear","floor":54,"turns":17},{"damage":26,"enemies":"The Heart","floor":55,"turns":5}],"seed_played":"1318276529311992817","potions_obtained":[{"floor":0.0,"key":"Block Potion"},{"floor":0.0,"key":"Strength Potion"},{"floor":0.0,"key":"Weak Potion"},{"floor":7.0,"key":"Weak Potion"},{"floor":10.0,"key":"SkillPotion"},{"floor":16.0,"key":"PowerPotion"},{"floor":20.0,"key":"Fire Potion"},{"floor":23.0,"key":"LiquidBronze"},{"floor":30.0,"key":"PowerPotion"},{"floor":35.0,"key":"SpeedPotion"},{"floor":42.0,"key":"EssenceOfSteel"},{"floor":46,"key":"GhostInAJar"}],"is_trial":false,"path_per_floor":["M","?","M","M","M","R","M","M","T","E","R","M","R","E","R","B",null,"M","$","M","M","?","E","R","E","T","E","M","R","M","M","R","B",null,"M","M","M","?","M","E","R","M","T","E","R","M","?","?","R","B",null,"R","$","E","B"],"character_chosen":"THE_SILENT","items_purchased":["Kunai","Crippling Poison","Mango","Footwork","Bag of Preparation","PiercingWail"],"campfire_rested":8,"item_purchase_floors":[19,19,53,53,53,53],"current_hp_per_floor":[70,63,63,63,63,63,50,47,47,20,41,35,56,46,46,22,70,67,67,67,55,55,42,63,44,44,41,39,60,42,41,62,50,70,70,70,70,70,66,59,59,54,64,64,80,52,46,46,70,14,80,80,94,7,0],"gold":41,"neow_bonus":"THREE_SMALL_POTIONS","is_prod":false,"is_daily":false,"chose_seed":false,"campfire_upgraded":2,"win_rate":0,"timestamp":1566970689,"path_taken":["M","?","M","M","M","R","M","M","T","E","R","M","R","E","R","BOSS","M","$","M","M","?","E","R","E","T","E","M","R","M","M","R","BOSS","M","M","M","?","M","E","R","?","T","E","R","M","?","?","R","BOSS","R","$","E","BOSS"],"build_version":"2019-07-17","purchased_purges":1,"victory":false,"max_hp_per_floor":[70,70,70,70,70,70,70,70,70,70,70,70,70,70,70,70,70,70,70,70,70,70,70,70,70,70,70,70,70,70,70,70,70,70,70,70,70,70,70,70,70,70,80,80,80,80,80,80,80,80,80,80,94,94,94],"card_choices":[{"not_picked":["Bane","Terror"],"picked":"Deflect","floor":1.0},{"not_picked":["Acrobatics","Cloak And Dagger","Bane"],"picked":"SKIP","floor":3.0},{"not_picked":["Predator","PiercingWail","Cloak And Dagger"],"picked":"SKIP","floor":4.0},{"not_picked":["Masterful Stab","Dash"],"picked":"Backflip","floor":5.0},{"not_picked":["Acrobatics","Malaise"],"picked":"Backflip","floor":7.0},{"not_picked":["Reflex","Outmaneuver","Blade Dance"],"picked":"SKIP","floor":8.0},{"not_picked":["Flechettes","Heel Hook"],"picked":"Poisoned Stab","floor":10.0},{"not_picked":["Backflip","Masterful Stab","Tactician"],"picked":"SKIP","floor":12.0},{"not_picked":["Expertise","Prepared","Skewer"],"picked":"SKIP","floor":14.0},{"not_picked":["Grand Finale","Bullet Time"],"picked":"Venomology","floor":16.0},{"not_picked":["Sucker Punch","Escape Plan"],"picked":"Catalyst","floor":17.0},{"not_picked":["Terror","Calculated Gamble"],"picked":"Riddle With Holes","floor":17.0},{"not_picked":["Backflip","Prepared"],"picked":"PiercingWail","floor":17.0},{"not_picked":["Crippling Poison","Deadly Poison"],"picked":"Catalyst+1","floor":18.0},{"not_picked":["Blade Dance","Prepared","Endless Agony"],"picked":"SKIP","floor":20.0},{"not_picked":["Choke","Riddle With Holes","Storm of Steel"],"picked":"SKIP","floor":21.0},{"not_picked":["Deflect","Leg Sweep"],"picked":"Catalyst+1","floor":23.0},{"not_picked":["Die Die Die","PiercingWail","Prepared"],"picked":"SKIP","floor":25.0},{"not_picked":["Predator","Prepared","Slice"],"picked":"SKIP","floor":27.0},{"not_picked":["Deflect","Dagger Spray"],"picked":"Backstab","floor":28.0},{"not_picked":["Concentrate+1","Well Laid Plans+1"],"picked":"Outmaneuver+1","floor":30.0},{"not_picked":["Sucker Punch","Deflect","Leg Sweep"],"picked":"SKIP","floor":31.0},{"not_picked":["A Thousand Cuts","Grand Finale"],"picked":"Doppelganger","floor":33.0},{"not_picked":["Backflip+1","Quick Slash+1"],"picked":"Backstab+1","floor":35.0},{"not_picked":["Sucker Punch","Outmaneuver+1"],"picked":"Bane+1","floor":36.0},{"not_picked":["Skewer+1","PiercingWail+1"],"picked":"Dash+1","floor":37.0},{"not_picked":["Flying Knee+1","Quick Slash+1","Phantasmal Killer"],"picked":"SKIP","floor":39.0},{"not_picked":["Quick Slash+1","Phantasmal Killer"],"picked":"Flying Knee+1","floor":39.0},{"not_picked":["Blade Dance","Quick Slash","Prepared+1"],"picked":"SKIP","floor":40.0},{"not_picked":["Quick Slash+1","Infinite Blades+1"],"picked":"Backflip+1","floor":42.0},{"not_picked":["Dagger Throw+1","Unload+1"],"picked":"Dodge and Roll+1","floor":44},{"not_picked":["Flying Knee+1","Outmaneuver+1","Cloak And Dagger"],"picked":"SKIP","floor":46},{"not_picked":["Catalyst","Deflect+1"],"picked":"Crippling Poison+1","floor":47},{"not_picked":["Glass Knife+1","Burst"],"picked":"Well Laid Plans+1","floor":54}],"player_experience":560107,"relics_obtained":[{"floor":9.0,"key":"Gremlin Horn"},{"floor":10.0,"key":"Shuriken"},{"floor":14.0,"key":"Bird Faced Urn"},{"floor":23.0,"key":"Ninja Scroll"},{"floor":25.0,"key":"Matryoshka"},{"floor":26.0,"key":"Art of War"},{"floor":27.0,"key":"Bottled Flame"},{"floor":40.0,"key":"Molten Egg 2"},{"floor":43.0,"key":"Omamori"},{"floor":43.0,"key":"Pear"},{"floor":44,"key":"Anchor"},{"floor":47,"key":"Prayer Wheel"},{"floor":54,"key":"Sundial"}],"event_choices":[{"cards_removed":["Defend_G"],"damage_healed":0.0,"max_hp_gain":0.0,"max_hp_loss":0.0,"gold_gain":0.0,"event_name":"Golden Wing","player_choice":"Card Removal","floor":2.0,"gold_loss":0.0,"damage_taken":7.0},{"damage_healed":0.0,"max_hp_gain":0.0,"max_hp_loss":0.0,"gold_gain":0.0,"cards_transformed":["Strike_G","Strike_G"],"event_name":"Drug Dealer","player_choice":"Became Test Subject","floor":22.0,"gold_loss":0.0,"damage_taken":0.0,"cards_obtained":["Finisher","Masterful Stab"]},{"damage_healed":0.0,"max_hp_gain":0.0,"max_hp_loss":0.0,"gold_gain":0.0,"event_name":"SecretPortal","player_choice":"Ignored","floor":38.0,"gold_loss":0.0,"damage_taken":0.0},{"damage_healed":0,"gold_gain":0,"player_choice":"Fight","damage_taken":0,"max_hp_gain":0,"max_hp_loss":0,"event_name":"MindBloom","floor":47,"gold_loss":0},{"damage_healed":0,"gold_gain":0,"cards_transformed":["Masterful Stab"],"player_choice":"Transformed","damage_taken":0,"max_hp_gain":0,"max_hp_loss":0,"event_name":"Transmorgrifier","floor":48,"gold_loss":0,"cards_obtained":["Storm of Steel"]}],"is_beta":false,"boss_relics":[{"not_picked":["Tiny House","Empty Cage"],"picked":"Orrery"},{"not_picked":["Astrolabe","Calling Bell"],"picked":"Fusion Hammer"}],"items_purged_floors":[53],"is_endless":false,"potions_floor_spawned":[7,10,16,20,21,23,30,31,33,35,42,46],"killed_by":"The Heart","ascension_level":0}