{"gold_per_floor":[113,130,130,50,64,91,91,122,149,163,195,195,257,271,271,348,348,366,291,291,49,63,63,162,162,233,233,258,258,283,283,283,283],"floor_reached":33,"playtime":1692,"items_purged":[],"score":460,"play_id":"4dfaee05-e0fd-4862-b635-cf04ba9919af","local_time":"20190629135337","is_ascension_mode":true,"campfire_choices":[{"floor":7,"key":"RECALL"},{"floor":15,"key":"REST"},{"data":"Barricade","floor":23,"key":"SMITH"},{"data":"Heavy Blade","floor":27,"key":"SMITH"},{"data":"Armaments","floor":29,"key":"SMITH"},{"floor":32,"key":"REST"}],"neow_cost":"NONE","seed_source_timestamp":1348056489369611,"circlet_count":0,"master_deck":["AscendersBane","Strike_R+1","Strike_R+1","Strike_R+1","Strike_R+1","Defend_R+1","Defend_R+1","Defend_R+1","Defend_R+1","Bash","Metallicize","Inflame","Inflame","Pummel","Heavy Blade+1","Barricade+1","Battle Trance","Armaments+1","Flame Barrier","Heavy Blade+1"],"special_seed":0,"relics":["Black Blood","Orichalcum","Anchor","Bag of Preparation","Question Card","Molten Egg 2","Sundial","Red Mask","Omamori"],"potions_floor_usage":[8,16,30,30],"damage_taken":[{"damage":2,"enemies":"Small Slimes","floor":1,"turns":4},{"damage":0,"enemies":"Cultist","floor":2,"turns":3},{"damage":4,"enemies":"Jaw Worm","floor":5,"turns":4},{"damage":14,"enemies":"Gremlin Nob","floor":6,"turns":5},{"damage":15,"enemies":"3 Sentries","floor":8,"turns":11},{"damage":3,"enemies":"3 Louse","floor":10,"turns":3},{"damage":21,"enemies":"Gremlin Nob","floor":11,"turns":4},{"damage":22,"enemies":"Lagavulin Event","floor":13,"turns":4},{"damage":4,"enemies":"2 Fungi Beasts","floor":14,"turns":3},{"damage":25,"enemies":"Slime Boss","floor":16,"turns":9},{"damage":35,"enemies":"Spheric Guardian","floor":18,"turns":7},{"damage":2,"enemies":"Chosen","floor":22,"turns":4},{"damage":36,"enemies":"Masked Bandits","floor":28,"turns":5},{"damage":88,"enemies":"Book of Stabbing","floor":30,"turns":7},{"damage":48,"enemies":"Champ","floor":33,"turns":17}],"seed_played":"-6953031541314326680","potions_obtained":[{"floor":1,"key":"LiquidBronze"},{"floor":2,"key":"SpeedPotion"},{"floor":8,"key":"LiquidBronze"},{"floor":13,"key":"Block Potion"},{"floor":16,"key":"Regen Potion"},{"floor":28,"key":"Regen Potion"}],"is_trial":false,"path_per_floor":["M","M","?","$","M","E","R","E","T","M","E","?","?","M","R","B",null,"M","?","?","$","M","R","?","?","T","R","?","R","E","?","R","B"],"character_chosen":"IRONCLAD","items_purchased":["Inflame","Molten Egg 2"],"campfire_rested":2,"item_purchase_floors":[4,21],"current_hp_per_floor":[76,80,80,80,80,72,72,63,63,66,51,35,19,21,45,26,67,42,42,42,42,50,50,50,76,76,76,50,50,17,17,41,0],"gold":283,"neow_bonus":"RANDOM_COMMON_RELIC","is_prod":false,"is_daily":false,"chose_seed":false,"campfire_upgraded":3,"win_rate":0,"timestamp":1561830817,"path_taken":["M","M","?","?","?","E","R","E","T","M","E","?","?","M","R","BOSS","M","?","?","$","M","R","?","?","T","R","?","R","E","?","R","BOSS"],"build_version":"2019-01-23","purchased_purges":0,"victory":false,"max_hp_per_floor":[80,80,80,80,80,80,80,80,80,80,80,80,80,80,80,80,80,80,80,80,80,80,80,80,80,80,80,80,80,80,80,80,80],"card_choices":[{"not_picked":["Entrench","Rupture"],"picked":"Metallicize","floor":1},{"not_picked":["Reckless Charge","Cleave","Pommel Strike"],"picked":"SKIP","floor":2},{"not_picked":["Pommel Strike","Flex","Warcry"],"picked":"SKIP","floor":5},{"not_picked":["Pommel Strike","Flex","Warcry"],"picked":"SKIP","floor":5},{"not_picked":["Havoc","Shrug It Off"],"picked":"Inflame","floor":6},{"not_picked":["Clash","Shrug It Off"],"picked":"Pummel","floor":8},{"not_picked":["Combust","Flex","Havoc"],"picked":"SKIP","floor":10},{"not_picked":["Berserk","Sword Boomerang"],"picked":"Heavy Blade","floor":11},{"not_picked":["Uppercut","Thunderclap","Pommel Strike","Warcry"],"picked":"SKIP","floor":14},{"not_picked":["Double Tap","Dark Embrace","Impervious"],"picked":"Barricade","floor":16},{"not_picked":["Twin Strike","Power Through","Burning Pact","Armaments"],"picked":"SKIP","floor":18},{"not_picked":["Wild Strike+1","Sever Soul+1","Rage"],"picked":"Battle Trance","floor":22},{"not_picked":["True Grit","Rage","Entrench"],"picked":"Armaments","floor":28},{"not_picked":["Juggernaut","Sword Boomerang+1","True Grit"],"picked":"Flame Barrier","floor":30}],"player_experience":426399,"relics_obtained":[{"floor":6,"key":"Anchor"},{"floor":8,"key":"Bag of Preparation"},{"floor":13,"key":"Question Card"},{"floor":26,"key":"Sundial"},{"floor":28,"key":"Red Mask"},{"floor":30,"key":"Omamori"}],"event_choices":[{"damage_healed":0,"gold_gain":0,"cards_transformed":["Strike_R"],"player_choice":"Transformed","damage_taken":0,"max_hp_gain":0,"max_hp_loss":0,"event_name":"Transmorgrifier","floor":3,"gold_loss":0,"cards_obtained":["True Grit"]},{"damage_healed":0,"gold_gain":0,"player_choice":"Entered Light","damage_taken":16,"max_hp_gain":0,"max_hp_loss":0,"event_name":"Shining Light","floor":12,"gold_loss":0,"cards_upgraded":["Strike_R","Defend_R"]},{"damage_healed":0,"gold_gain":0,"player_choice":"Searched \u00271\u0027 times","damage_taken":0,"max_hp_gain":0,"max_hp_loss":0,"event_name":"Dead Adventurer","floor":13,"gold_loss":0},{"cards_removed":["True Grit"],"damage_healed":0,"gold_gain":0,"player_choice":"Gave Gold","damage_taken":0,"max_hp_gain":0,"max_hp_loss":0,"event_name":"Beggar","floor":19,"gold_loss":75},{"damage_healed":0,"gold_gain":0,"player_choice":"Simplicity","damage_taken":0,"max_hp_gain":0,"max_hp_loss":0,"event_name":"Back to Basics","floor":20,"gold_loss":0,"cards_upgraded":["Strike_R","Strike_R","Strike_R","Defend_R","Defend_R","Defend_R"]},{"damage_healed":0,"gold_gain":99,"player_choice":"Stole From Cult","damage_taken":0,"max_hp_gain":0,"max_hp_loss":0,"event_name":"Nest","floor":24,"gold_loss":0},{"damage_healed":26,"gold_gain":0,"player_choice":"Heal","damage_taken":0,"max_hp_gain":0,"max_hp_loss":0,"event_name":"The Library","floor":25,"gold_loss":0},{"damage_healed":0,"gold_gain":0,"player_choice":"Fought Bandits","damage_taken":0,"max_hp_gain":0,"max_hp_loss":0,"event_name":"Masked Bandits","floor":28,"gold_loss":0},{"damage_healed":0,"gold_gain":0,"player_choice":"Copied","damage_taken":0,"max_hp_gain":0,"max_hp_loss":0,"event_name":"Duplicator","floor":31,"gold_loss":0,"cards_obtained":["Heavy Blade"]}],"is_beta":false,"boss_relics":[{"not_picked":["Fusion Hammer","Empty Cage"],"picked":"Black Blood"}],"items_purged_floors":[],"is_endless":false,"potions_floor_spawned":[1,2,8,13,16,28],"killed_by":"Champ","ascension_level":13}