{"gold_per_floor":[117,117,133,29,43,78,78,153,178,178,217,240,240,259,259,358,358,343,343,343,343,284,284,284,284,284,79,79,79,4,4,4,4,4,4,4,4,4,4,4,4,4,4,4,4,4,4,4,4,4],"floor_reached":51,"playtime":4816,"items_purged":["Writhe"],"score":1188,"play_id":"fa542d78-6c9a-419c-b207-83541cdccb90","local_time":"20190818020736","is_ascension_mode":true,"campfire_choices":[{"floor":7.0,"key":"REST"},{"data":"Flex","floor":10.0,"key":"SMITH"},{"floor":13.0,"key":"REST"},{"data":"Bloodletting","floor":15.0,"key":"SMITH"},{"data":"Bash","floor":23.0,"key":"SMITH"},{"data":"Shrug It Off","floor":25.0,"key":"SMITH"},{"data":"Combust","floor":32.0,"key":"SMITH"},{"data":"Armaments","floor":40.0,"key":"SMITH"},{"data":"Corruption","floor":42,"key":"SMITH"},{"floor":44,"key":"REST"},{"floor":49,"key":"REST"}],"neow_cost":"PERCENT_DAMAGE","seed_source_timestamp":95364740276687,"circlet_count":0,"master_deck":["AscendersBane","Strike_R+1","Strike_R+1","Strike_R+1","Defend_R+1","Defend_R+1","Defend_R+1","Defend_R+1","Bash+1","Rupture","Bloodletting+1","Armaments+1","Disarm","Heavy Blade","Flex+1","Reaper","Whirlwind+1","Disarm","Impervious","Shrug It Off","Metallicize+1","Shrug It Off+1","Rampage+1","Combust+1","Feed+1","Entrench+1","Reaper+1","Shockwave","Corruption+1","Body Slam+1","True Grit"],"special_seed":0,"relics":["Burning Blood","Golden Idol","Strawberry","Oddly Smooth Stone","Molten Egg 2","Ectoplasm","Potion Belt","Bottled Lightning","Bronze Scales","Snecko Eye","Gremlin Horn","Omamori"],"potions_floor_usage":[46,48,48,50,50],"damage_taken":[{"damage":7.0,"enemies":"Cultist","floor":1.0,"turns":3.0},{"damage":14.0,"enemies":"Jaw Worm","floor":3.0,"turns":5.0},{"damage":2.0,"enemies":"2 Louse","floor":5.0,"turns":4.0},{"damage":5.0,"enemies":"Gremlin Nob","floor":6.0,"turns":3.0},{"damage":45.0,"enemies":"Lagavulin","floor":11.0,"turns":8.0},{"damage":4.0,"enemies":"2 Fungi Beasts","floor":12.0,"turns":4.0},{"damage":9.0,"enemies":"Exordium Wildlife","floor":14.0,"turns":4.0},{"damage":50.0,"enemies":"Hexaghost","floor":16.0,"turns":11.0},{"damage":14.0,"enemies":"2 Thieves","floor":18.0,"turns":2.0},{"damage":17.0,"enemies":"Spheric Guardian","floor":21.0,"turns":5.0},{"damage":17.0,"enemies":"Shelled Parasite and Fungi","floor":24.0,"turns":13.0},{"damage":9.0,"enemies":"Centurion and Healer","floor":31.0,"turns":9.0},{"damage":44.0,"enemies":"Champ","floor":33.0,"turns":12.0},{"damage":20.0,"enemies":"3 Shapes","floor":35.0,"turns":5.0},{"damage":30.0,"enemies":"Orb Walker","floor":37.0,"turns":5.0},{"damage":19.0,"enemies":"Jaw Worm Horde","floor":39.0,"turns":3.0},{"damage":30,"enemies":"3 Darklings","floor":41,"turns":3},{"damage":24,"enemies":"Nemesis","floor":46,"turns":7},{"damage":34,"enemies":"Spire Growth","floor":47,"turns":5},{"damage":30,"enemies":"Sphere and 2 Shapes","floor":48,"turns":8},{"damage":78,"enemies":"Donu and Deca","floor":50,"turns":9}],"seed_played":"4925730485112589923","potions_obtained":[{"floor":5.0,"key":"SkillPotion"},{"floor":6.0,"key":"LiquidBronze"},{"floor":16.0,"key":"Ancient Potion"},{"floor":24.0,"key":"Regen Potion"},{"floor":35.0,"key":"SneckoOil"},{"floor":39.0,"key":"PowerPotion"},{"floor":41,"key":"AttackPotion"},{"floor":47,"key":"Dexterity Potion"}],"is_trial":false,"path_per_floor":["M","?","M","$","M","E","R","?","T","R","E","M","R","M","R","B",null,"M","?","?","M","$","R","M","R","T","$","T","?","$","M","R","B",null,"M","$","M","?","M","R","M","R","T","R","$","E","M","M","R","B",null],"character_chosen":"IRONCLAD","items_purchased":["Heavy Blade","SteroidPotion","Shrug It Off","Combust","Feed+1"],"campfire_rested":4,"item_purchase_floors":[4,4,22,27,27],"current_hp_per_floor":[49,23,15,15,19,27,51,40,40,40,11,23,47,53,53,16,66,58,58,58,47,47,47,40,40,40,40,40,40,40,77,77,49,77,85,85,62,62,50,50,40,40,40,65,65,65,37,45,70,26],"gold":4,"neow_bonus":"TRANSFORM_TWO_CARDS","is_prod":false,"is_daily":false,"chose_seed":false,"campfire_upgraded":7,"win_rate":0,"timestamp":1566086856,"path_taken":["M","?","M","$","M","E","R","?","T","R","E","M","R","M","R","BOSS","M","?","?","M","$","R","M","R","T","$","?","?","?","M","R","BOSS","M","?","M","?","?","R","M","R","T","R","?","E","M","M","R","BOSS"],"build_version":"2019-07-17","purchased_purges":1,"victory":true,"max_hp_per_floor":[75,75,75,75,75,82,82,82,82,82,82,82,82,82,82,82,82,82,82,82,82,82,82,82,82,82,82,82,82,82,86,86,86,86,86,86,86,86,86,86,86,86,86,86,86,86,86,86,86,86],"card_choices":[{"not_picked":["Havoc","Second Wind"],"picked":"Armaments","floor":1.0},{"not_picked":["Dual Wield","Sever Soul"],"picked":"Disarm","floor":3.0},{"not_picked":["Iron Wave","Rupture"],"picked":"Flex","floor":5.0},{"not_picked":["Perfected Strike","Sentinel"],"picked":"Reaper","floor":6.0},{"not_picked":["Sword Boomerang","Perfected Strike"],"picked":"Whirlwind","floor":11.0},{"not_picked":["Sever Soul+1","Inflame"],"picked":"Disarm","floor":12.0},{"not_picked":["Anger+1","Flex","Bloodletting"],"picked":"SKIP","floor":14.0},{"not_picked":["Reaper+1","Berserk"],"picked":"Impervious","floor":16.0},{"not_picked":["Havoc","Disarm"],"picked":"Shrug It Off","floor":18.0},{"not_picked":["Thunderclap+1","Wild Strike+1"],"picked":"Metallicize+1","floor":21.0},{"not_picked":["Anger+1","Flex"],"picked":"Rampage+1","floor":24.0},{"not_picked":["True Grit+1","Fire Breathing"],"picked":"Entrench+1","floor":31.0},{"not_picked":["Immolate+1","Brutality"],"picked":"Reaper+1","floor":33.0},{"not_picked":["Iron Wave+1","Body Slam+1","Evolve+1"],"picked":"SKIP","floor":35.0},{"not_picked":["Twin Strike+1","Flex"],"picked":"Shockwave","floor":37.0},{"not_picked":["Cleave+1","Flex","Iron Wave+1"],"picked":"SKIP","floor":39.0},{"not_picked":["Wild Strike+1","Entrench+1"],"picked":"Corruption","floor":41},{"not_picked":["Anger+1","Dropkick+1"],"picked":"Body Slam+1","floor":46},{"not_picked":["Havoc","Twin Strike+1","Flex"],"picked":"SKIP","floor":47},{"not_picked":["Heavy Blade+1","Perfected Strike+1"],"picked":"True Grit","floor":48}],"player_experience":719044,"relics_obtained":[{"floor":6.0,"key":"Strawberry"},{"floor":9.0,"key":"Oddly Smooth Stone"},{"floor":11.0,"key":"Molten Egg 2"},{"floor":26.0,"key":"Bottled Lightning"},{"floor":28.0,"key":"Bronze Scales"},{"floor":43,"key":"Gremlin Horn"},{"floor":46,"key":"Omamori"}],"event_choices":[{"damage_healed":0.0,"max_hp_gain":0.0,"max_hp_loss":0.0,"gold_gain":0.0,"event_name":"Golden Idol","player_choice":"Take Damage","floor":2.0,"gold_loss":0.0,"damage_taken":26.0,"relics_obtained":["Golden Idol"]},{"damage_healed":0.0,"max_hp_gain":0.0,"max_hp_loss":0.0,"gold_gain":75.0,"event_name":"World of Goop","player_choice":"Gather Gold","floor":8.0,"gold_loss":0.0,"damage_taken":11.0},{"damage_healed":0.0,"max_hp_gain":0.0,"max_hp_loss":0.0,"gold_gain":0.0,"event_name":"Back to Basics","player_choice":"Simplicity","floor":19.0,"gold_loss":0.0,"damage_taken":0.0,"cards_upgraded":["Strike_R","Strike_R","Strike_R","Defend_R","Defend_R","Defend_R","Defend_R"]},{"damage_healed":0.0,"max_hp_gain":0.0,"max_hp_loss":0.0,"gold_gain":0.0,"event_name":"The Mausoleum","player_choice":"Opened","floor":20.0,"gold_loss":0.0,"damage_taken":0.0,"relics_obtained":["Potion Belt"],"cards_obtained":["Writhe"]},{"damage_healed":0.0,"max_hp_gain":0.0,"max_hp_loss":0.0,"gold_gain":0.0,"event_name":"Ghosts","player_choice":"Ignored","floor":29.0,"gold_loss":0.0,"damage_taken":0.0},{"damage_healed":0.0,"max_hp_gain":0.0,"max_hp_loss":0.0,"gold_gain":0.0,"event_name":"SecretPortal","player_choice":"Ignored","floor":38.0,"gold_loss":0.0,"damage_taken":0.0}],"is_beta":false,"boss_relics":[{"not_picked":["Pandora\u0027s Box","White Beast Statue"],"picked":"Ectoplasm"},{"not_picked":["Calling Bell","Astrolabe"],"picked":"Snecko Eye"}],"items_purged_floors":[30],"is_endless":false,"potions_floor_spawned":[5,6,16,24,35,39,41,47],"ascension_level":16}