{"gold_per_floor":[116,66,81,95,95,95,129,129,156,156,189,211,211,239,239,341,341,357,13,32,32,32,62,62,62,111,145,145,145,145,158,158,260,310,324,338,25,25,44,44,44,44],"floor_reached":42,"playtime":3091,"items_purged":["Strike_G"],"score":625,"play_id":"2e1db1df-cd1c-4b96-95a0-aa33704dfae6","local_time":"20190823205654","is_ascension_mode":true,"campfire_choices":[{"data":"Wraith Form v2","floor":6.0,"key":"SMITH"},{"data":"Caltrops","floor":8.0,"key":"SMITH"},{"floor":13.0,"key":"REST"},{"data":"Blur","floor":15.0,"key":"SMITH"},{"data":"Burst","floor":24.0,"key":"SMITH"},{"data":"Ghostly","floor":28.0,"key":"SMITH"},{"data":"Ghostly","floor":30.0,"key":"SMITH"},{"data":"Ghostly","floor":32.0,"key":"SMITH"},{"data":"Ghostly","floor":40.0,"key":"SMITH"}],"neow_cost":"CURSE","seed_source_timestamp":0,"circlet_count":0,"master_deck":["Strike_G","Strike_G","Strike_G","Strike_G","Defend_G","Defend_G","Defend_G","Defend_G+1","Survivor+1","Neutralize","Wraith Form v2+1","Blur+1","Quick Slash","PiercingWail","Caltrops+1","Dash+1","Prepared","Burst+1","Night Terror","Deflect+1","Discovery","Bouncing Flask","Ghostly+1","Ghostly+1","Ghostly+1","Ghostly+1","Ghostly+1","Calculated Gamble","Caltrops+1","J.A.X.","PiercingWail","Prepared+1","Bullet Time","Cloak And Dagger+1","Bane+1","Distraction+1"],"special_seed":0,"relics":["Ring of the Snake","Orichalcum","Bronze Scales","Centennial Puzzle","War Paint","Odd Mushroom","Art of War","Calling Bell","Omamori","Kunai","Peace Pipe","Blue Candle","WingedGreaves","Bag of Marbles","Gremlin Horn","Tiny House","Mercury Hourglass"],"potions_floor_usage":[],"damage_taken":[{"damage":2.0,"enemies":"Small Slimes","floor":1.0,"turns":3.0},{"damage":2.0,"enemies":"2 Louse","floor":3.0,"turns":3.0},{"damage":1.0,"enemies":"Cultist","floor":4.0,"turns":5.0},{"damage":29.0,"enemies":"Gremlin Nob","floor":7.0,"turns":7.0},{"damage":0.0,"enemies":"Lagavulin","floor":11.0,"turns":8.0},{"damage":6.0,"enemies":"The Mushroom Lair","floor":12.0,"turns":4.0},{"damage":11.0,"enemies":"Gremlin Nob","floor":14.0,"turns":6.0},{"damage":11.0,"enemies":"Hexaghost","floor":16.0,"turns":11.0},{"damage":5.0,"enemies":"Spheric Guardian","floor":18.0,"turns":6.0},{"damage":24.0,"enemies":"Shell Parasite","floor":20.0,"turns":6.0},{"damage":2.0,"enemies":"Slavers","floor":23.0,"turns":8.0},{"damage":3.0,"enemies":"Gremlin Leader","floor":27.0,"turns":8.0},{"damage":4.0,"enemies":"3 Cultists","floor":31.0,"turns":6.0},{"damage":21.0,"enemies":"Automaton","floor":33.0,"turns":18.0},{"damage":15.0,"enemies":"Orb Walker","floor":35.0,"turns":6.0},{"damage":13.0,"enemies":"3 Darklings","floor":36.0,"turns":6.0},{"damage":4.0,"enemies":"Maw","floor":39.0,"turns":9.0},{"damage":11,"enemies":"Reptomancer","floor":42,"turns":2}],"seed_played":"2972121585232015051","potions_obtained":[{"floor":3.0,"key":"PowerPotion"},{"floor":7.0,"key":"PowerPotion"},{"floor":11.0,"key":"Ancient Potion"},{"floor":16.0,"key":"EntropicBrew"},{"floor":27.0,"key":"Explosive Potion"},{"floor":34.0,"key":"Ancient Potion"},{"floor":36.0,"key":"EssenceOfSteel"}],"is_trial":false,"path_per_floor":["M","?","M","M","?","R","E","R","T","?","E","?","R","E","R","B",null,"M","$","M","?","?","E","R","?","T","E","R","?","R","M","R","B",null,"M","M","$","T","M","R","?","E"],"character_chosen":"THE_SILENT","items_purchased":["Blue Candle","Discovery","Mercury Hourglass"],"campfire_rested":1,"item_purchase_floors":[19,19,37],"current_hp_per_floor":[68,68,66,65,65,65,36,36,36,33,33,27,48,37,37,26,70,65,65,41,35,35,33,33,33,33,30,30,30,30,26,26,5,40,25,12,12,12,8,8,8,0],"gold":44,"neow_bonus":"THREE_RARE_CARDS","is_prod":false,"is_daily":false,"chose_seed":false,"campfire_upgraded":8,"win_rate":0,"timestamp":1566586614,"path_taken":["M","?","M","M","?","R","E","R","T","?","E","?","R","E","R","BOSS","M","$","M","?","?","E","R","?","T","E","R","?","R","M","R","BOSS","M","M","?","?","?","R","?","E"],"build_version":"2019-07-17","purchased_purges":1,"victory":false,"max_hp_per_floor":[70,70,70,70,70,70,70,70,70,70,70,70,70,70,70,70,70,70,70,70,35,35,35,35,35,35,35,35,35,35,35,35,35,40,40,40,40,40,40,40,37,37],"card_choices":[{"not_picked":["Glass Knife","Grand Finale"],"picked":"Wraith Form v2","floor":0.0},{"not_picked":["Expertise","Masterful Stab"],"picked":"Blur","floor":1.0},{"not_picked":["Sucker Punch","Acrobatics"],"picked":"Quick Slash","floor":3.0},{"not_picked":["Cloak And Dagger","Prepared"],"picked":"PiercingWail","floor":4.0},{"not_picked":["Acrobatics","Footwork"],"picked":"Caltrops","floor":7.0},{"not_picked":["Quick Slash","Leg Sweep"],"picked":"Dash","floor":11.0},{"not_picked":["Deflect","Backflip"],"picked":"Prepared","floor":12.0},{"not_picked":["All Out Attack","Backstab"],"picked":"Burst","floor":14.0},{"not_picked":["Die Die Die","Glass Knife"],"picked":"Night Terror","floor":16.0},{"not_picked":["Dagger Throw","Quick Slash"],"picked":"Deflect+1","floor":18.0},{"not_picked":["Tactician","Backflip"],"picked":"Bouncing Flask","floor":20.0},{"not_picked":["Flechettes+1","Prepared+1"],"picked":"Caltrops+1","floor":23.0},{"not_picked":["Masterful Stab","Underhanded Strike"],"picked":"PiercingWail","floor":27.0},{"not_picked":["Blur","Riddle With Holes"],"picked":"Prepared+1","floor":31.0},{"not_picked":["Burst","Unload"],"picked":"Bullet Time","floor":33.0},{"not_picked":["Slice","Predator"],"picked":"Cloak And Dagger+1","floor":34.0},{"not_picked":["Dagger Throw","Dagger Spray"],"picked":"Bane+1","floor":35.0},{"not_picked":["Riddle With Holes","Well Laid Plans"],"picked":"Distraction+1","floor":36.0},{"not_picked":["Blade Dance","Backstab+1","Dagger Throw"],"picked":"SKIP","floor":39.0}],"player_experience":163604,"relics_obtained":[{"floor":7.0,"key":"Orichalcum"},{"floor":9.0,"key":"Bronze Scales"},{"floor":11.0,"key":"War Paint"},{"floor":12.0,"key":"Odd Mushroom"},{"floor":14.0,"key":"Art of War"},{"floor":17.0,"key":"Omamori"},{"floor":17.0,"key":"Kunai"},{"floor":17.0,"key":"Peace Pipe"},{"floor":23.0,"key":"WingedGreaves"},{"floor":26.0,"key":"Bag of Marbles"},{"floor":27.0,"key":"Gremlin Horn"}],"event_choices":[{"cards_removed":["Defend_G"],"damage_healed":0.0,"max_hp_gain":0.0,"max_hp_loss":0.0,"gold_gain":0.0,"event_name":"The Cleric","player_choice":"Card Removal","floor":2.0,"gold_loss":50.0,"damage_taken":0.0},{"cards_removed":["Shame"],"damage_healed":0.0,"max_hp_gain":0.0,"max_hp_loss":0.0,"gold_gain":0.0,"event_name":"Living Wall","player_choice":"Forget","floor":5.0,"gold_loss":0.0,"damage_taken":0.0},{"damage_healed":0.0,"max_hp_gain":0.0,"max_hp_loss":0.0,"gold_gain":0.0,"event_name":"Scrap Ooze","player_choice":"Success","floor":10.0,"gold_loss":0.0,"damage_taken":3.0,"relics_obtained":["Centennial Puzzle"]},{"damage_healed":0.0,"max_hp_gain":0.0,"max_hp_loss":0.0,"gold_gain":0.0,"event_name":"Mushrooms","player_choice":"Fought Mushrooms","floor":12.0,"gold_loss":0.0,"damage_taken":0.0},{"damage_healed":0.0,"max_hp_gain":0.0,"max_hp_loss":35.0,"gold_gain":0.0,"event_name":"Ghosts","player_choice":"Became a Ghost","floor":21.0,"gold_loss":0.0,"damage_taken":0.0,"cards_obtained":["Ghostly","Ghostly","Ghostly","Ghostly","Ghostly"]},{"damage_healed":0.0,"max_hp_gain":0.0,"max_hp_loss":0.0,"gold_gain":0.0,"event_name":"The Library","player_choice":"Read","floor":22.0,"gold_loss":0.0,"damage_taken":0.0,"cards_obtained":["Calculated Gamble"]},{"damage_healed":0.0,"max_hp_gain":0.0,"max_hp_loss":0.0,"gold_gain":0.0,"event_name":"Drug Dealer","player_choice":"Obtain J.A.X.","floor":25.0,"gold_loss":0.0,"damage_taken":0.0,"cards_obtained":["J.A.X."]},{"damage_healed":0.0,"max_hp_gain":0.0,"max_hp_loss":0.0,"gold_gain":0.0,"event_name":"Upgrade Shrine","player_choice":"Upgraded","floor":29.0,"gold_loss":0.0,"damage_taken":0.0,"cards_upgraded":["Ghostly"]},{"cards_removed":["Shame","Parasite","Pain"],"damage_healed":0.0,"max_hp_gain":0.0,"max_hp_loss":0.0,"gold_gain":0.0,"event_name":"Fountain of Cleansing","player_choice":"Removed Curses","floor":41.0,"gold_loss":0.0,"damage_taken":0.0}],"is_beta":false,"boss_relics":[{"not_picked":["Orrery","Coffee Dripper"],"picked":"Calling Bell"},{"not_picked":["Snecko Eye","Busted Crown"],"picked":"Tiny House"}],"items_purged_floors":[37],"is_endless":false,"potions_floor_spawned":[3,7,11,16,27,36],"killed_by":"Reptomancer","ascension_level":2}