{"gold_per_floor":[14,24,24,41,216,216,216,216,216,235,235,248,260,39,39,139,139,153,153,170,90,108,108,123,123,194,208,224,224,224,259,259,360,360,371,671,687,707,707],"floor_reached":39,"playtime":1656,"items_purged":["Doubt"],"score":637,"play_id":"e8f26a5c-9333-4294-bd16-973f8fafd976","local_time":"20190608213203","is_ascension_mode":true,"campfire_choices":[{"data":"Bludgeon","floor":6.0,"key":"SMITH"},{"floor":11.0,"key":"REST"},{"data":"Shockwave","floor":15.0,"key":"SMITH"},{"data":"Reaper","floor":23.0,"key":"SMITH"},{"data":"Double Tap","floor":30.0,"key":"SMITH"},{"data":"Barricade","floor":32.0,"key":"SMITH"}],"neow_cost":"NO_GOLD","seed_source_timestamp":18600734535954,"circlet_count":0,"master_deck":["AscendersBane","Strike_R","Strike_R","Strike_R","Strike_R","Strike_R","Defend_R+1","Defend_R","Defend_R","Defend_R+1","Bash","Bludgeon+1","Shockwave+1","Reaper+1","Metallicize","Barricade+1","Flex","Double Tap+1","Dropkick","Rage+1","Heavy Blade+1","Limit Break","Twin Strike+1"],"special_seed":0,"relics":["Burning Blood","Potion Belt","Vajra","Bag of Marbles","Velvet Choker","Self Forming Clay","Paper Frog","Ancient Tea Set","Eternal Feather"],"potions_floor_usage":[],"damage_taken":[{"damage":7.0,"enemies":"2 Louse","floor":1.0,"turns":3.0},{"damage":10.0,"enemies":"Small Slimes","floor":2.0,"turns":3.0},{"damage":12.0,"enemies":"Jaw Worm","floor":4.0,"turns":2.0},{"damage":17.0,"enemies":"Large Slime","floor":10.0,"turns":3.0},{"damage":15.0,"enemies":"Red Slaver","floor":12.0,"turns":3.0},{"damage":1.0,"enemies":"Exordium Thugs","floor":13.0,"turns":4.0},{"damage":26.0,"enemies":"The Guardian","floor":16.0,"turns":10.0},{"damage":27.0,"enemies":"3 Byrds","floor":18.0,"turns":8.0},{"damage":12.0,"enemies":"Chosen","floor":20.0,"turns":4.0},{"damage":11.0,"enemies":"Centurion and Healer","floor":22.0,"turns":5.0},{"damage":7.0,"enemies":"Snecko","floor":24.0,"turns":3.0},{"damage":0.0,"enemies":"Snake Plant","floor":27.0,"turns":1.0},{"damage":25.0,"enemies":"Shelled Parasite and Fungi","floor":28.0,"turns":6.0},{"damage":21.0,"enemies":"Slavers","floor":31.0,"turns":6.0},{"damage":68.0,"enemies":"Automaton","floor":33.0,"turns":13.0},{"damage":27.0,"enemies":"Orb Walker","floor":35.0,"turns":4.0},{"damage":42.0,"enemies":"3 Shapes","floor":37.0,"turns":4.0},{"damage":39.0,"enemies":"Jaw Worm Horde","floor":38.0,"turns":5.0},{"damage":29,"enemies":"4 Shapes","floor":39,"turns":9}],"seed_played":"661808547345068821","potions_obtained":[{"floor":1.0,"key":"Regen Potion"},{"floor":4.0,"key":"Fire Potion"},{"floor":10.0,"key":"Block Potion"},{"floor":12.0,"key":"Block Potion"},{"floor":16.0,"key":"FearPotion"},{"floor":18.0,"key":"Dexterity Potion"},{"floor":24.0,"key":"BloodPotion"},{"floor":27.0,"key":"Energy Potion"},{"floor":29.0,"key":"Energy Potion"},{"floor":31.0,"key":"SkillPotion"},{"floor":33.0,"key":"SpeedPotion"}],"is_trial":false,"path_per_floor":["M","M","?","M","?","R","?","?","T","M","R","M","M","$","R","B",null,"M","T","M","$","M","R","M","?","T","M","M","?","R","E","R","B",null,"M","?","M","M","M"],"character_chosen":"IRONCLAD","items_purchased":["Bag of Marbles","Double Tap"],"campfire_rested":1,"item_purchase_floors":[14,21],"current_hp_per_floor":[71,67,67,61,61,61,45,45,45,34,58,54,59,59,59,59,75,60,60,54,54,49,49,56,56,56,62,71,71,71,77,77,35,69,57,57,60,27,0],"gold":707,"neow_bonus":"THREE_RARE_CARDS","is_prod":false,"is_daily":false,"chose_seed":false,"campfire_upgraded":5,"win_rate":0,"timestamp":1560043923,"path_taken":["M","M","?","M","?","R","?","?","T","M","R","M","M","$","R","BOSS","M","?","M","?","M","R","M","?","T","M","?","?","R","E","R","BOSS","M","?","M","M","M"],"build_version":"2019-01-23","purchased_purges":1,"victory":false,"max_hp_per_floor":[80,80,80,80,80,80,80,80,80,80,80,80,80,80,80,80,80,80,80,80,80,80,80,80,80,80,80,80,80,80,80,80,80,80,80,80,80,80,80],"card_choices":[{"not_picked":["Impervious","Berserk"],"picked":"Bludgeon","floor":0.0},{"not_picked":["Fire Breathing","Iron Wave","Headbutt"],"picked":"SKIP","floor":1.0},{"not_picked":["Corruption","Twin Strike","Reckless Charge"],"picked":"SKIP","floor":2.0},{"not_picked":["Headbutt","Pommel Strike"],"picked":"Shockwave","floor":4.0},{"not_picked":["Flex","Evolve"],"picked":"Reaper","floor":10.0},{"not_picked":["Clash","Whirlwind","Thunderclap"],"picked":"SKIP","floor":12.0},{"not_picked":["Clash","Seeing Red"],"picked":"Metallicize","floor":13.0},{"not_picked":["Juggernaut","Immolate"],"picked":"Barricade","floor":16.0},{"not_picked":["Sever Soul+1","True Grit+1","Iron Wave"],"picked":"SKIP","floor":18.0},{"not_picked":["Heavy Blade+1","True Grit"],"picked":"Flex","floor":20.0},{"not_picked":["Warcry","Ghostly Armor"],"picked":"Dropkick","floor":22.0},{"not_picked":["Carnage","Rupture+1"],"picked":"Rage+1","floor":24.0},{"not_picked":["Thunderclap","Twin Strike"],"picked":"Heavy Blade+1","floor":27.0},{"not_picked":["Sever Soul","Uppercut","Seeing Red"],"picked":"SKIP","floor":28.0},{"not_picked":["Pummel","Havoc+1","Evolve+1"],"picked":"SKIP","floor":31.0},{"not_picked":["Barricade","Immolate"],"picked":"Limit Break","floor":33.0},{"not_picked":["Clash+1","Headbutt","Havoc+1"],"picked":"SKIP","floor":35.0},{"not_picked":["Heavy Blade","Power Through","Thunderclap+1"],"picked":"SKIP","floor":37.0},{"not_picked":["Dual Wield","Wild Strike"],"picked":"Twin Strike+1","floor":38.0}],"player_experience":337819,"relics_obtained":[{"floor":9.0,"key":"Vajra"},{"floor":19.0,"key":"Self Forming Clay"},{"floor":26.0,"key":"Paper Frog"},{"floor":31.0,"key":"Ancient Tea Set"}],"event_choices":[{"damage_healed":0.0,"max_hp_gain":0.0,"max_hp_loss":0.0,"gold_gain":0.0,"event_name":"The Cleric","player_choice":"Leave","floor":3.0,"gold_loss":0.0,"damage_taken":0.0},{"damage_healed":0.0,"max_hp_gain":0.0,"max_hp_loss":0.0,"gold_gain":175.0,"event_name":"Liars Game","player_choice":"AGREE","floor":5.0,"gold_loss":0.0,"damage_taken":0.0,"cards_obtained":["Doubt"]},{"damage_healed":0.0,"max_hp_gain":0.0,"max_hp_loss":0.0,"gold_gain":0.0,"event_name":"Shining Light","player_choice":"Entered Light","floor":7.0,"gold_loss":0.0,"damage_taken":16.0,"cards_upgraded":["Defend_R","Defend_R"]},{"damage_healed":0.0,"max_hp_gain":0.0,"max_hp_loss":0.0,"gold_gain":0.0,"event_name":"WeMeetAgain","player_choice":"Gave Potion","floor":8.0,"gold_loss":0.0,"damage_taken":0.0,"relics_obtained":["Potion Belt"]},{"damage_healed":0.0,"max_hp_gain":0.0,"max_hp_loss":0.0,"gold_gain":0.0,"event_name":"N\u0027loth","player_choice":"Ignored","floor":25.0,"gold_loss":0.0,"damage_taken":0.0},{"damage_healed":0.0,"max_hp_gain":0.0,"max_hp_loss":0.0,"gold_gain":0.0,"event_name":"Lab","player_choice":"Got Potions","floor":29.0,"gold_loss":0.0,"damage_taken":0.0},{"damage_healed":0.0,"max_hp_gain":0.0,"max_hp_loss":0.0,"gold_gain":300.0,"event_name":"Wheel of Change","player_choice":"Gold","floor":36.0,"gold_loss":0.0,"damage_taken":0.0}],"is_beta":false,"boss_relics":[{"not_picked":["Mark of Pain","Ectoplasm"],"picked":"Velvet Choker"},{"not_picked":["Coffee Dripper","Astrolabe"],"picked":"Eternal Feather"}],"items_purged_floors":[14],"is_endless":false,"potions_floor_spawned":[1,4,10,12,16,18,24,27,31,33],"killed_by":"4 Shapes","ascension_level":11}