{"gold_per_floor":[111,61,61,77,97,97,123,123,149,149,149,167,167,187,187,187],"floor_reached":16,"playtime":674,"items_purged":[],"score":100,"play_id":"70171d50-7e96-4731-9f0d-b97fd042e66b","local_time":"20190617221020","is_ascension_mode":false,"campfire_choices":[{"data":"Defend_G","floor":6.0,"key":"PURGE"},{"floor":11.0,"key":"REST"},{"data":"Strike_G","floor":13.0,"key":"PURGE"},{"floor":15.0,"key":"REST"}],"neow_cost":"TEN_PERCENT_HP_LOSS","seed_source_timestamp":341740363453363,"circlet_count":0,"master_deck":["Defend_G+1","Defend_G+1","Defend_G","Defend_G","Strike_G","Strike_G","Strike_G","Survivor","Neutralize","Dagger Throw+1","Tactician"],"special_seed":0,"relics":["Ring of the Snake","Peace Pipe","Omamori","Vajra"],"potions_floor_usage":[16,16],"damage_taken":[{"damage":0.0,"enemies":"Cultist","floor":1.0,"turns":5.0},{"damage":0.0,"enemies":"2 Louse","floor":4.0,"turns":4.0},{"damage":0.0,"enemies":"Small Slimes","floor":5.0,"turns":5.0},{"damage":21.0,"enemies":"Gremlin Nob","floor":7.0,"turns":5.0},{"damage":0.0,"enemies":"3 Louse","floor":12.0,"turns":3.0},{"damage":0.0,"enemies":"Exordium Wildlife","floor":14.0,"turns":5.0},{"damage":66,"enemies":"Hexaghost","floor":16,"turns":12}],"seed_played":"3671842377272808810","potions_obtained":[{"floor":4.0,"key":"Swift Potion"},{"floor":5.0,"key":"PowerPotion"},{"floor":7.0,"key":"FearPotion"}],"is_trial":false,"path_per_floor":["M","?","?","M","M","R","E","$","T","?","R","M","R","M","R","B"],"character_chosen":"THE_SILENT","items_purchased":[],"campfire_rested":2,"item_purchase_floors":[],"current_hp_per_floor":[63,63,50,50,50,50,29,29,29,29,47,47,47,47,63,0],"gold":187,"neow_bonus":"ONE_RARE_RELIC","is_prod":false,"is_daily":false,"chose_seed":false,"campfire_upgraded":0,"win_rate":0,"timestamp":1560823820,"path_taken":["M","?","?","M","M","R","E","$","T","?","R","M","R","M","R","BOSS"],"build_version":"2019-01-23","purchased_purges":0,"victory":false,"max_hp_per_floor":[63,63,63,63,63,63,63,63,63,63,63,63,63,63,63,63],"card_choices":[{"not_picked":["Blade Dance","Footwork"],"picked":"Dagger Throw","floor":1.0},{"not_picked":["Deflect","Flechettes","Masterful Stab"],"picked":"SKIP","floor":4.0},{"not_picked":["Dodge and Roll","Slice","Blur"],"picked":"SKIP","floor":5.0},{"not_picked":["Setup","Leg Sweep"],"picked":"Tactician","floor":7.0},{"not_picked":["Blade Dance","Quick Slash","Setup"],"picked":"SKIP","floor":12.0},{"not_picked":["Outmaneuver","Dagger Throw","Setup"],"picked":"SKIP","floor":14.0}],"player_experience":376256,"relics_obtained":[{"floor":7.0,"key":"Omamori"},{"floor":9.0,"key":"Vajra"}],"event_choices":[{"cards_removed":["Strike_G"],"damage_healed":0.0,"max_hp_gain":0.0,"max_hp_loss":0.0,"gold_gain":0.0,"event_name":"The Cleric","player_choice":"Card Removal","floor":2.0,"gold_loss":50.0,"damage_taken":0.0},{"damage_healed":0.0,"max_hp_gain":0.0,"max_hp_loss":0.0,"gold_gain":0.0,"event_name":"Shining Light","player_choice":"Entered Light","floor":3.0,"gold_loss":0.0,"damage_taken":13.0,"cards_upgraded":["Defend_G","Defend_G"]},{"damage_healed":0.0,"max_hp_gain":0.0,"max_hp_loss":0.0,"gold_gain":0.0,"event_name":"Living Wall","player_choice":"Grow","floor":10.0,"gold_loss":0.0,"damage_taken":0.0,"cards_upgraded":["Dagger Throw"]}],"is_beta":false,"boss_relics":[],"items_purged_floors":[],"is_endless":false,"potions_floor_spawned":[4,5,7],"killed_by":"Hexaghost","ascension_level":0}