{"gold_per_floor":[114,127,127,52,127,157,168,10,36,52,52,80,40,54,54,130,130,144,161,103,103,18,18,30,30,56,76,105,105,139,139,139,210,210,222,222,52,68,85,118,118,147,218,238,23,23,57,74,74,74],"floor_reached":51,"playtime":5572,"items_purged":["Strike_R"],"score":1439,"play_id":"11766673-71ee-48bb-af0d-e8c6c55e3956","local_time":"20190908200242","is_ascension_mode":true,"campfire_choices":[{"data":"Pommel Strike","floor":11.0,"key":"SMITH"},{"data":"Havoc","floor":15.0,"key":"SMITH"},{"data":"Havoc","floor":23.0,"key":"SMITH"},{"data":"Spot Weakness","floor":25.0,"key":"SMITH"},{"data":"Disarm","floor":32.0,"key":"SMITH"},{"data":"Exhume","floor":41,"key":"SMITH"},{"floor":46,"key":"REST"},{"data":"Whirlwind","floor":49,"key":"SMITH"}],"neow_cost":"NONE","seed_source_timestamp":0,"circlet_count":0,"master_deck":["AscendersBane","Strike_R","Strike_R","Defend_R","Defend_R","Defend_R","Defend_R","Bash+1","Cleave","Pommel Strike+1","Clothesline","Havoc+1","Feel No Pain","Battle Trance","Reaper","Spot Weakness+1","Feel No Pain","Havoc+1","Disarm+1","Exhume+1","Whirlwind+1","Bandage Up","Warcry+1","Flame Barrier+1","Ghostly Armor+1","Flame Barrier+1","Pummel"],"special_seed":0,"relics":["Burning Blood","NeowsBlessing","Vajra","Bronze Scales","Boot","PreservedInsect","Velvet Choker","MutagenicStrength","Turnip","Anchor","Centennial Puzzle","Red Mask","Runic Pyramid","Ice Cream","Oddly Smooth Stone","Mercury Hourglass","ClockworkSouvenir","Incense Burner"],"potions_floor_usage":[44,50],"damage_taken":[{"damage":0.0,"enemies":"2 Louse","floor":1.0,"turns":1.0},{"damage":0.0,"enemies":"Jaw Worm","floor":2.0,"turns":1.0},{"damage":0.0,"enemies":"Lagavulin","floor":6.0,"turns":1.0},{"damage":7.0,"enemies":"Small Slimes","floor":7.0,"turns":3.0},{"damage":1.0,"enemies":"2 Fungi Beasts","floor":10.0,"turns":3.0},{"damage":25.0,"enemies":"3 Sentries","floor":12.0,"turns":7.0},{"damage":22.0,"enemies":"Gremlin Gang","floor":14.0,"turns":6.0},{"damage":36.0,"enemies":"Slime Boss","floor":16.0,"turns":9.0},{"damage":14.0,"enemies":"2 Thieves","floor":18.0,"turns":3.0},{"damage":6.0,"enemies":"3 Byrds","floor":19.0,"turns":3.0},{"damage":33.0,"enemies":"Snecko","floor":24.0,"turns":5.0},{"damage":0.0,"enemies":"Centurion and Healer","floor":27.0,"turns":5.0},{"damage":22.0,"enemies":"Book of Stabbing","floor":28.0,"turns":4.0},{"damage":4.0,"enemies":"Masked Bandits","floor":30.0,"turns":3.0},{"damage":77.0,"enemies":"Automaton","floor":33.0,"turns":10.0},{"damage":22.0,"enemies":"3 Darklings","floor":35.0,"turns":7.0},{"damage":11,"enemies":"3 Shapes","floor":38,"turns":7},{"damage":16,"enemies":"3 Darklings","floor":39,"turns":3},{"damage":43,"enemies":"Reptomancer","floor":40,"turns":5},{"damage":36,"enemies":"Giant Head","floor":42,"turns":8},{"damage":34,"enemies":"Transient","floor":44,"turns":6},{"damage":11,"enemies":"Reptomancer","floor":47,"turns":4},{"damage":0,"enemies":"Spire Growth","floor":48,"turns":4},{"damage":64,"enemies":"Donu and Deca","floor":50,"turns":11}],"seed_played":"1008694073820798680","potions_obtained":[{"floor":2.0,"key":"Fruit Juice"},{"floor":7.0,"key":"BloodPotion"},{"floor":10.0,"key":"SkillPotion"},{"floor":14.0,"key":"Poison Potion"},{"floor":16.0,"key":"SpeedPotion"},{"floor":38,"key":"Swift Potion"},{"floor":40,"key":"Block Potion"},{"floor":44,"key":"Block Potion"}],"is_trial":false,"path_per_floor":["M","M","?","?","?","E","M","$","T","M","R","E","$","M","R","B",null,"M","M","$","?","?","R","M","R","T","M","E","$","?","?","R","B",null,"M","?","$","M","M","E","R","E","T","M","$","R","E","M","R","B",null],"character_chosen":"IRONCLAD","items_purchased":["Bronze Scales","Feel No Pain","Havoc","Bandage Up","ClockworkSouvenir"],"campfire_rested":1,"item_purchase_floors":[8,13,20,37,45],"current_hp_per_floor":[74,75,75,75,64,70,69,69,69,79,79,60,60,44,44,14,64,66,76,76,76,76,76,53,53,53,80,64,64,80,80,80,50,73,73,73,73,80,71,74,74,50,50,39,39,63,80,80,80,29],"gold":74,"neow_bonus":"THREE_ENEMY_KILL","is_prod":false,"is_daily":false,"chose_seed":false,"campfire_upgraded":7,"win_rate":0,"timestamp":1567965762,"path_taken":["M","M","?","?","?","E","M","$","T","M","R","E","$","M","R","BOSS","M","M","$","?","?","R","M","R","T","M","E","$","?","?","R","BOSS","M","?","$","?","M","E","R","E","T","M","?","R","E","M","R","BOSS"],"build_version":"2019-07-17","purchased_purges":1,"victory":true,"max_hp_per_floor":[75,75,75,75,75,75,75,75,75,80,80,80,80,80,80,80,80,80,80,80,80,80,80,80,80,80,80,80,80,80,80,80,80,80,80,80,80,80,80,80,80,80,80,80,80,80,80,80,80,80],"card_choices":[{"not_picked":["Sword Boomerang","Wild Strike"],"picked":"Cleave","floor":1.0},{"not_picked":["Wild Strike","Warcry","Flex"],"picked":"SKIP","floor":2.0},{"not_picked":["Dropkick","Body Slam"],"picked":"Pommel Strike","floor":6.0},{"not_picked":["Reckless Charge","Juggernaut"],"picked":"Clothesline","floor":7.0},{"not_picked":["Cleave","Flex","Pommel Strike"],"picked":"SKIP","floor":10.0},{"not_picked":["Sword Boomerang","Dark Embrace"],"picked":"Havoc","floor":12.0},{"not_picked":["Armaments","Havoc"],"picked":"Battle Trance","floor":14.0},{"not_picked":["Immolate","Barricade"],"picked":"Reaper","floor":16.0},{"not_picked":["Cleave","Evolve"],"picked":"Spot Weakness","floor":18.0},{"not_picked":["Burning Pact","Sword Boomerang"],"picked":"Feel No Pain","floor":19.0},{"not_picked":["Perfected Strike","Pommel Strike","Headbutt"],"picked":"SKIP","floor":24.0},{"not_picked":["Cleave","Inflame+1","Clash"],"picked":"SKIP","floor":27.0},{"not_picked":["Second Wind","Clash"],"picked":"Disarm","floor":28.0},{"not_picked":["Juggernaut","Double Tap"],"picked":"Exhume","floor":33.0},{"not_picked":["Carnage","Warcry","Wild Strike"],"picked":"SKIP","floor":35.0},{"not_picked":["Dropkick","Clothesline+1"],"picked":"Warcry+1","floor":38},{"not_picked":["Sever Soul+1","Body Slam","Dual Wield"],"picked":"SKIP","floor":39},{"not_picked":["Reckless Charge","Exhume"],"picked":"Flame Barrier+1","floor":40},{"not_picked":["Pommel Strike+1","Thunderclap"],"picked":"Ghostly Armor+1","floor":42},{"not_picked":["Heavy Blade","Sever Soul"],"picked":"Flame Barrier+1","floor":44},{"not_picked":["Twin Strike+1","Warcry"],"picked":"Pummel","floor":47},{"not_picked":["Perfected Strike","Flex+1","Wild Strike+1"],"picked":"SKIP","floor":48}],"player_experience":785351,"relics_obtained":[{"floor":6.0,"key":"Vajra"},{"floor":9.0,"key":"Boot"},{"floor":12.0,"key":"PreservedInsect"},{"floor":26.0,"key":"Anchor"},{"floor":28.0,"key":"Centennial Puzzle"},{"floor":30.0,"key":"Red Mask"},{"floor":40,"key":"Ice Cream"},{"floor":42,"key":"Oddly Smooth Stone"},{"floor":43,"key":"Mercury Hourglass"},{"floor":47,"key":"Incense Burner"}],"event_choices":[{"damage_healed":0.0,"max_hp_gain":0.0,"max_hp_loss":0.0,"gold_gain":0.0,"event_name":"Living Wall","player_choice":"Grow","floor":3.0,"gold_loss":0.0,"damage_taken":0.0,"cards_upgraded":["Bash"]},{"cards_removed":["Strike_R"],"damage_healed":0.0,"max_hp_gain":0.0,"max_hp_loss":0.0,"gold_gain":0.0,"event_name":"The Cleric","player_choice":"Card Removal","floor":4.0,"gold_loss":75.0,"damage_taken":0.0},{"damage_healed":0.0,"max_hp_gain":0.0,"max_hp_loss":0.0,"gold_gain":75.0,"event_name":"World of Goop","player_choice":"Gather Gold","floor":5.0,"gold_loss":0.0,"damage_taken":11.0},{"damage_healed":0.0,"max_hp_gain":0.0,"max_hp_loss":0.0,"gold_gain":0.0,"event_name":"Drug Dealer","player_choice":"Inject Mutagens","floor":21.0,"gold_loss":0.0,"damage_taken":0.0,"relics_obtained":["MutagenicStrength"]},{"damage_healed":0.0,"max_hp_gain":0.0,"max_hp_loss":0.0,"gold_gain":0.0,"event_name":"Addict","player_choice":"Obtained Relic","floor":22.0,"gold_loss":85.0,"damage_taken":0.0,"relics_obtained":["Turnip"]},{"damage_healed":0.0,"max_hp_gain":0.0,"max_hp_loss":0.0,"gold_gain":0.0,"event_name":"Masked Bandits","player_choice":"Fought Bandits","floor":30.0,"gold_loss":0.0,"damage_taken":0.0},{"damage_healed":0.0,"max_hp_gain":0.0,"max_hp_loss":0.0,"gold_gain":0.0,"event_name":"The Mausoleum","player_choice":"Ignored","floor":31.0,"gold_loss":0.0,"damage_taken":0.0},{"damage_healed":0.0,"max_hp_gain":0.0,"max_hp_loss":0.0,"gold_gain":0.0,"cards_transformed":["Strike_R"],"event_name":"Transmorgrifier","player_choice":"Transformed","floor":36.0,"gold_loss":0.0,"damage_taken":0.0,"cards_obtained":["Whirlwind"]}],"is_beta":false,"boss_relics":[{"not_picked":["Black Blood","Coffee Dripper"],"picked":"Velvet Choker"},{"not_picked":["Empty Cage","Sozu"],"picked":"Runic Pyramid"}],"items_purged_floors":[37],"is_endless":false,"potions_floor_spawned":[2,7,10,14,16,18,27,28,30,38,40,44,47],"ascension_level":19}