{"gold_per_floor":[12,12,12,28,47,79,179,179,179,197,197,212,212,229,229,332,382,400,43,43,43,60,60,72,101,181,181,199,199,226,226,226,226],"floor_reached":33,"playtime":970,"items_purged":[],"score":290,"play_id":"f85e2e89-6f15-40c1-ab08-536210049477","local_time":"20190903233416","is_ascension_mode":false,"campfire_choices":[{"data":"Searing Blow+1","floor":8.0,"key":"SMITH"},{"data":"Bludgeon","floor":11.0,"key":"SMITH"},{"data":"Searing Blow+2","floor":13.0,"key":"SMITH"},{"data":"Armaments","floor":15.0,"key":"SMITH"},{"data":"Flame Barrier","floor":23,"key":"SMITH"},{"data":"Searing Blow+3","floor":27,"key":"SMITH"},{"data":"Searing Blow+4","floor":32,"key":"SMITH"}],"neow_cost":"NO_GOLD","seed_source_timestamp":1512648052940600,"circlet_count":0,"master_deck":["Defend_R","Defend_R","Defend_R","Defend_R+1","Bash","Bludgeon+1","Searing Blow+5","Regret","Seeing Red","Armaments+1","Barricade","Body Slam","Flame Barrier+1","Seeing Red+1","Spot Weakness+1","Bite","Bite","Bite","Bite","Bite"],"special_seed":0,"relics":["Burning Blood","Gambling Chip","Pen Nib","Mango","Tiny House","Anchor","HandDrill","Dream Catcher","Pantograph","Oddly Smooth Stone"],"potions_floor_usage":[28,28],"damage_taken":[{"damage":11.0,"enemies":"Jaw Worm","floor":1.0,"turns":2.0},{"damage":0.0,"enemies":"2 Louse","floor":4.0,"turns":3.0},{"damage":2.0,"enemies":"Small Slimes","floor":5.0,"turns":3.0},{"damage":36.0,"enemies":"3 Sentries","floor":6.0,"turns":7.0},{"damage":5.0,"enemies":"Looter","floor":10.0,"turns":2.0},{"damage":7.0,"enemies":"Blue Slaver","floor":12.0,"turns":2.0},{"damage":2.0,"enemies":"Exordium Thugs","floor":14.0,"turns":3.0},{"damage":16.0,"enemies":"Slime Boss","floor":16.0,"turns":6.0},{"damage":10.0,"enemies":"2 Thieves","floor":18.0,"turns":4.0},{"damage":0,"enemies":"Chosen","floor":22,"turns":3},{"damage":32,"enemies":"Centurion and Healer","floor":24,"turns":5},{"damage":32,"enemies":"Book of Stabbing","floor":25,"turns":6},{"damage":17,"enemies":"Cultist and Chosen","floor":28,"turns":5},{"damage":86,"enemies":"Champ","floor":33,"turns":14}],"seed_played":"-5066714783784861596","potions_obtained":[{"floor":1.0,"key":"Weak Potion"},{"floor":5.0,"key":"SkillPotion"},{"floor":6.0,"key":"Regen Potion"},{"floor":14.0,"key":"Block Potion"},{"floor":17.0,"key":"Poison Potion"},{"floor":28,"key":"Energy Potion"}],"is_trial":false,"path_per_floor":["M","?","?","M","M","E","?","R","T","M","R","M","R","M","R","B",null,"M","$","$","?","M","R","M","E","T","R","M","?","T","$","R","B"],"character_chosen":"IRONCLAD","items_purchased":["Anchor","HandDrill"],"campfire_rested":0,"item_purchase_floors":[19,19],"current_hp_per_floor":[75,75,75,80,80,50,50,50,64,65,65,64,64,68,68,58,99,95,95,95,95,99,99,73,47,47,47,50,50,50,50,50,0],"gold":226,"neow_bonus":"THREE_RARE_CARDS","is_prod":false,"is_daily":false,"chose_seed":false,"campfire_upgraded":7,"win_rate":0,"timestamp":1567568056,"path_taken":["M","?","?","M","M","E","?","R","T","M","R","M","R","M","R","BOSS","M","?","$","?","M","R","M","E","T","R","M","?","?","$","R","BOSS"],"build_version":"2019-07-17","purchased_purges":0,"victory":false,"max_hp_per_floor":[80,80,80,80,80,80,80,80,94,94,94,94,94,94,94,94,99,99,99,99,99,99,99,99,99,99,99,99,69,69,69,69,69],"card_choices":[{"not_picked":["Reaper","Feed"],"picked":"Bludgeon","floor":0.0},{"not_picked":["Pummel","True Grit"],"picked":"Searing Blow","floor":1.0},{"not_picked":["Cleave","Corruption","Clash"],"picked":"SKIP","floor":4.0},{"not_picked":["Hemokinesis","Sword Boomerang"],"picked":"Seeing Red","floor":5.0},{"not_picked":["Wild Strike","Pommel Strike","Armaments"],"picked":"SKIP","floor":6.0},{"not_picked":["Anger","Feel No Pain","Ghostly Armor"],"picked":"SKIP","floor":10.0},{"not_picked":["Havoc","Immolate","Heavy Blade"],"picked":"SKIP","floor":12.0},{"not_picked":["Armaments","Reckless Charge","Body Slam"],"picked":"SKIP","floor":14.0},{"not_picked":["Reckless Charge","Body Slam"],"picked":"Armaments","floor":14.0},{"not_picked":["Berserk","Fiend Fire"],"picked":"Barricade","floor":16.0},{"not_picked":["Cleave","Havoc+1","Thunderclap+1"],"picked":"SKIP","floor":18.0},{"not_picked":["Power Through","Disarm"],"picked":"Flame Barrier","floor":22},{"not_picked":["Shrug It Off","Anger"],"picked":"Seeing Red+1","floor":24},{"not_picked":["Rampage","True Grit+1","Headbutt"],"picked":"SKIP","floor":25},{"not_picked":["Iron Wave+1","Cleave"],"picked":"Spot Weakness+1","floor":28}],"player_experience":577557,"relics_obtained":[{"floor":6.0,"key":"Pen Nib"},{"floor":9.0,"key":"Mango"},{"floor":25,"key":"Dream Catcher"},{"floor":26,"key":"Pantograph"},{"floor":30,"key":"Oddly Smooth Stone"}],"event_choices":[{"damage_healed":0.0,"max_hp_gain":0.0,"max_hp_loss":0.0,"gold_gain":0.0,"event_name":"Living Wall","player_choice":"Grow","floor":2.0,"gold_loss":0.0,"damage_taken":0.0,"cards_upgraded":["Searing Blow"]},{"damage_healed":0.0,"max_hp_gain":0.0,"max_hp_loss":0.0,"gold_gain":0.0,"event_name":"Big Fish","player_choice":"Box","floor":3.0,"gold_loss":0.0,"damage_taken":0.0,"relics_obtained":["Gambling Chip"],"cards_obtained":["Regret"]},{"damage_healed":0.0,"max_hp_gain":0.0,"max_hp_loss":0.0,"gold_gain":100.0,"event_name":"Wheel of Change","player_choice":"Gold","floor":7.0,"gold_loss":0.0,"damage_taken":0.0},{"damage_healed":0.0,"max_hp_gain":0.0,"max_hp_loss":0.0,"gold_gain":0.0,"event_name":"The Library","player_choice":"Read","floor":21.0,"gold_loss":0.0,"damage_taken":0.0,"cards_obtained":["Body Slam"]},{"damage_healed":0,"gold_gain":0,"player_choice":"Became a vampire","damage_taken":0,"max_hp_gain":0,"max_hp_loss":30,"event_name":"Vampires","floor":29,"gold_loss":0,"cards_obtained":["Bite","Bite","Bite","Bite","Bite"]}],"is_beta":false,"boss_relics":[{"not_picked":["Ectoplasm","Astrolabe"],"picked":"Tiny House"}],"items_purged_floors":[],"is_endless":false,"potions_floor_spawned":[1,5,6,14,28],"killed_by":"Champ","ascension_level":0}