{"path_per_floor":["M","$","M","M","M","R","M","R","T","$","R","M","?","M","R","B",null,"M","M","?","M","M","R","$","R","T","E","?"],"character_chosen":"IRONCLAD","items_purchased":["Cleave","Flex","Regen Potion"],"gold_per_floor":[213,115,126,140,160,160,170,170,194,41,41,58,58,75,75,177,177,117,135,50,63,82,82,31,31,54,83,83],"floor_reached":29,"campfire_rested":0,"playtime":7117,"current_hp_per_floor":[65,65,66,72,75,75,71,71,71,71,71,77,77,80,80,10,80,80,60,67,49,30,30,30,30,30,16,16],"items_purged":["Strike_R","Strike_R"],"gold":83,"play_id":"08b08f77-68d3-4a2a-b01b-d13111e32a77","is_prod":false,"is_daily":false,"is_ascension_mode":false,"campfire_upgraded":6,"path_taken":["M","$","M","M","M","R","?","R","T","?","R","M","?","?","R","BOSS","M","M","?","M","M","R","$","R","T","E","?","E"],"build_version":"2018-02-01-PROD3","purchased_purges":2,"victory":false,"master_deck":["Strike_R","Strike_R","Strike_R+1","Defend_R","Defend_R","Defend_R","Defend_R","Bash","Inflame+1","Cleave+1","Shrug It Off+1","Metallicize","Dual Wield+1","Heavy Blade","Flex","Flex","Rampage+1","Berserk+1","Fire Breathing","Flame Barrier+1","Spot Weakness","Anger+1","Spot Weakness+1","Headbutt+1","Decay"],"max_hp_per_floor":[80,80,80,80,80,80,80,80,80,80,80,80,80,80,80,80,80,80,80,87,87,87,87,87,87,87,87,87],"relics":["Burning Blood","Whetstone","Orrery","Strawberry","Lantern","Happy Flower"],"card_choices":[{"not_picked":["Uppercut","Dropkick"],"picked":"Inflame"},{"not_picked":["Sever Soul","Power Through"],"picked":"Shrug It Off"},{"not_picked":["Intimidate","Pummel"],"picked":"Metallicize"},{"not_picked":["Body Slam","Whirlwind"],"picked":"Dual Wield"},{"not_picked":["Pummel","Sentinel"],"picked":"Heavy Blade"},{"not_picked":["True Grit","Anger"],"picked":"Flex"},{"not_picked":["Combust","Pummel"],"picked":"Rampage"},{"not_picked":["Feed","Double Tap"],"picked":"Berserk"},{"not_picked":["Body Slam","True Grit"],"picked":"Fire Breathing"},{"not_picked":["True Grit","Limit Break"],"picked":"Flame Barrier"},{"not_picked":["Thunderclap","Iron Wave"],"picked":"Spot Weakness"},{"not_picked":["Iron Wave","Clash"],"picked":"Anger"},{"not_picked":["Bloodletting","Metallicize"],"picked":"Spot Weakness"},{"not_picked":["Whirlwind","Rupture"],"picked":"Headbutt"}],"player_experience":155599,"potions_floor_usage":[5,7,14,21,27],"damage_taken":[{"damage":21,"enemies":"Blue Slaver","floor":1,"turns":8},{"damage":5,"enemies":"Small Slimes","floor":3,"turns":5},{"damage":0,"enemies":"Cultist","floor":4,"turns":4},{"damage":3,"enemies":"Large Slime","floor":5,"turns":6},{"damage":22,"enemies":"Exordium Wildlife","floor":7,"turns":7},{"damage":0,"enemies":"Exordium Thugs","floor":12,"turns":4},{"damage":0,"enemies":"2 Fungi Beasts","floor":14,"turns":2},{"damage":76,"enemies":"Hexaghost","floor":16,"turns":11},{"damage":5,"enemies":"2 Thieves","floor":18,"turns":4},{"damage":26,"enemies":"Shell Parasite","floor":19,"turns":8},{"damage":39,"enemies":"Centurion and Healer","floor":21,"turns":11},{"damage":25,"enemies":"Sentry and Sphere","floor":22,"turns":9},{"damage":29,"enemies":"Book of Stabbing","floor":27,"turns":4},{"damage":23,"enemies":"Gremlin Leader","floor":29,"turns":4}],"event_choices":[{"event_name":"Liars Game","player_choice":"disagreed","floor":13,"damage_taken":0},{"event_name":"Addict","player_choice":"Obtained Relic","floor":20,"damage_taken":0},{"event_name":"Forgotten Altar","player_choice":"Smashed Altar","floor":28,"damage_taken":0}],"boss_relics":[{"not_picked":["Snecko Eye","Runic Dome"],"picked":"Orrery"}],"potions_floor_spawned":[1,3,12,19,22],"seed_played":"1625790689361299689","killed_by":"Gremlin Leader","ascension_level":0,"is_trial":false}