{"gold_per_floor":[117,117,131,131,155,186,186,212,239,239,67,107,107,107,107,226,226,249,8,22,22,22,22,0,0,23,23,34,46,58,73,73,176,176,192,192,43,43,57,57,70,97,97,110,110,126,126,146,146,146],"floor_reached":51,"playtime":2136,"items_purged":[],"score":735,"play_id":"489396c3-45d2-4b66-a695-3ce9c7bec341","local_time":"20180811232500","is_ascension_mode":false,"campfire_choices":[{"floor":7,"key":"REST"},{"floor":10,"key":"REST"},{"data":"Dropkick","floor":13,"key":"SMITH"},{"data":"Iron Wave","floor":15,"key":"SMITH"},{"data":"Clash","floor":23,"key":"SMITH"},{"data":"Clash","floor":25,"key":"SMITH"},{"data":"Iron Wave","floor":27,"key":"SMITH"},{"data":"Flex","floor":32,"key":"SMITH"},{"data":"Bludgeon","floor":40,"key":"SMITH"},{"data":"Heavy Blade","floor":45,"key":"SMITH"},{"floor":47,"key":"REST"},{"data":"Limit Break","floor":49,"key":"SMITH"}],"neow_cost":"NONE","seed_source_timestamp":440996362501574,"circlet_count":0,"master_deck":["Strike_R+1","Strike_R+1","Strike_R+1","Defend_R+1","Defend_R+1","Defend_R+1","Defend_R+1","Bash","Iron Wave+1","Clash+1","Thunderclap+1","Iron Wave+1","Dropkick+1","Limit Break+1","Heavy Blade+1","Clash+1","Flex+1","Clash+1","Bludgeon+1","Flex","Madness","Madness","Battle Trance+1","Seeing Red","Iron Wave+1","Twin Strike+1","Clash+1","Pommel Strike+1"],"relics":["Burning Blood","Bloody Idol","Happy Flower","Odd Mushroom","Art of War","Pen Nib","Red Skull","Empty Cage","Ornamental Fan","Omamori","Sozu","Vajra","Gremlin Horn","Dodecahedron","Thread and Needle"],"potions_floor_usage":[31,50,50],"damage_taken":[{"damage":5,"enemies":"2 Louse","floor":1,"turns":3},{"damage":1,"enemies":"Cultist","floor":3,"turns":3},{"damage":0,"enemies":"Small Slimes","floor":5,"turns":2},{"damage":52,"enemies":"3 Sentries","floor":6,"turns":11},{"damage":15,"floor":8,"turns":4},{"damage":21,"enemies":"Lagavulin","floor":12,"turns":5},{"damage":38,"enemies":"Slime Boss","floor":16,"turns":9},{"damage":7,"enemies":"Shell Parasite","floor":18,"turns":3},{"damage":17,"enemies":"Spheric Guardian","floor":20,"turns":4},{"damage":23,"enemies":"Centurion and Healer","floor":28,"turns":5},{"damage":12,"enemies":"Cultist and Chosen","floor":29,"turns":6},{"damage":5,"enemies":"3 Cultists","floor":30,"turns":4},{"damage":0,"enemies":"Snecko","floor":31,"turns":3},{"damage":50,"enemies":"Champ","floor":33,"turns":8},{"damage":23,"enemies":"3 Shapes","floor":35,"turns":4},{"damage":14,"enemies":"Orb Walker","floor":39,"turns":3},{"damage":2,"enemies":"Flame Bruiser 2 Orb","floor":41,"turns":4},{"damage":43,"enemies":"Nemesis","floor":42,"turns":5},{"damage":0,"enemies":"Sphere and 2 Shapes","floor":44,"turns":3},{"damage":0,"enemies":"3 Darklings","floor":46,"turns":5},{"damage":11,"enemies":"4 Shapes","floor":48,"turns":6},{"damage":54,"enemies":"Donu and Deca","floor":50,"turns":6}],"seed_played":"7719279639858078385","potions_obtained":[{"floor":1,"key":"AttackPotion"},{"floor":5,"key":"Energy Potion"},{"floor":16,"key":"Ancient Potion"},{"floor":20,"key":"Strength Potion"}],"is_trial":false,"path_per_floor":["M","?","M","?","M","E","R","?","T","R","$","E","R","?","R","B",null,"M","$","M","?","?","R","?","R","T","R","M","M","M","M","R","B",null,"M","?","$","T","M","R","M","E","T","M","R","M","R","M","R","B"],"character_chosen":"IRONCLAD","items_purchased":["Pen Nib","Iron Wave","Ornamental Fan","Vajra"],"campfire_rested":3,"item_purchase_floors":[11,11,19,37],"current_hp_per_floor":[88,66,71,76,82,36,63,54,54,81,81,66,66,66,66,34,93,92,92,81,81,81,81,81,81,86,86,74,73,79,90,90,51,93,81,69,69,69,66,66,75,43,43,54,54,65,92,92,92,44],"gold":146,"neow_bonus":"TEN_PERCENT_HP_BONUS","is_prod":false,"is_daily":false,"chose_seed":false,"campfire_upgraded":9,"win_rate":0,"timestamp":1534044300,"path_taken":["M","?","M","?","M","E","R","?","T","R","$","E","R","?","R","BOSS","M","$","M","?","?","R","?","R","T","R","?","M","M","M","R","BOSS","M","?","$","?","?","R","M","E","T","M","R","M","R","?","R","BOSS"],"build_version":"2018-08-09","purchased_purges":0,"victory":true,"max_hp_per_floor":[88,88,88,93,93,93,93,93,93,93,93,93,93,93,93,93,93,93,93,93,93,93,93,93,93,93,93,93,93,93,93,93,93,93,93,93,93,93,93,93,93,93,93,93,93,93,93,93,93,93],"card_choices":[{"not_picked":["Corruption","Wild Strike"],"picked":"Iron Wave","floor":1},{"not_picked":["Heavy Blade","Shrug It Off"],"picked":"Clash","floor":3},{"not_picked":["Havoc","Headbutt","Perfected Strike"],"picked":"SKIP","floor":5},{"not_picked":["Shrug It Off","Uppercut"],"picked":"Thunderclap","floor":6},{"not_picked":["Rupture","Heavy Blade"],"picked":"Dropkick","floor":12},{"not_picked":["Offering","Fiend Fire"],"picked":"Limit Break","floor":16},{"not_picked":["Warcry","Infernal Blade"],"picked":"Heavy Blade","floor":18},{"not_picked":["Havoc","Armaments"],"picked":"Clash","floor":20},{"not_picked":["True Grit","Metallicize","Armaments"],"picked":"SKIP","floor":28},{"not_picked":["Shockwave+1","Iron Wave","Shrug It Off"],"picked":"SKIP","floor":29},{"not_picked":["Rupture+1","Dropkick"],"picked":"Flex","floor":30},{"not_picked":["Sword Boomerang","Shockwave"],"picked":"Clash+1","floor":31},{"not_picked":["Demon Form","Fiend Fire"],"picked":"Bludgeon","floor":33},{"not_picked":["Feel No Pain","Thunderclap+1"],"picked":"Flex","floor":35},{"not_picked":["Cleave+1","Iron Wave+1"],"picked":"Battle Trance+1","floor":39},{"not_picked":["True Grit+1","Battle Trance+1"],"picked":"Seeing Red","floor":41},{"not_picked":["Corruption","Armaments+1"],"picked":"Iron Wave+1","floor":42},{"not_picked":["Fire Breathing","Exhume"],"picked":"Twin Strike+1","floor":44},{"not_picked":["Armaments","Reckless Charge+1"],"picked":"Clash+1","floor":46},{"not_picked":["Armaments+1","Iron Wave+1"],"picked":"Pommel Strike+1","floor":48}],"player_experience":117709,"relics_obtained":[{"floor":6,"key":"Happy Flower"},{"floor":8,"key":"Odd Mushroom"},{"floor":9,"key":"Art of War"},{"floor":12,"key":"Red Skull"},{"floor":26,"key":"Omamori"},{"floor":38,"key":"Gremlin Horn"},{"floor":42,"key":"Dodecahedron"},{"floor":43,"key":"Thread and Needle"}],"event_choices":[{"event_name":"Golden Idol","player_choice":"Take Damage","floor":2,"damage_taken":0},{"event_name":"Big Fish","player_choice":"Donut","floor":4,"damage_taken":0},{"event_name":"Mushrooms","player_choice":"Fought Mushrooms","floor":8,"damage_taken":0},{"event_name":"Living Wall","player_choice":"Grow","floor":14,"damage_taken":0},{"event_name":"Back to Basics","player_choice":"Simplicity","floor":21,"damage_taken":0},{"event_name":"Forgotten Altar","player_choice":"Gave Idol","floor":22,"damage_taken":0},{"event_name":"Masked Bandits","player_choice":"Paid Fearfully","floor":24,"damage_taken":0},{"event_name":"Winding Halls","player_choice":"Embrace Madness","floor":36,"damage_taken":0}],"is_beta":false,"boss_relics":[{"not_picked":["Calling Bell","Astrolabe"],"picked":"Empty Cage"},{"not_picked":["Velvet Choker","Runic Cube"],"picked":"Sozu"}],"items_purged_floors":[],"is_endless":false,"potions_floor_spawned":[1,5,16,20,29,30,39,44,46],"ascension_level":0}