{"gold_per_floor":[114,133,233,246,259,259,277,54,54,72,86,86,98,111,111,206,206,225,245,245,264,65,65,80,80,80,80,80,80,80,55,55,155,155,166,179,0,0,13,13,28,41,114,114,124,140,140],"floor_reached":47,"playtime":3649,"items_purged":[],"score":425,"play_id":"7b430ad2-30ae-4f0a-8651-1a0519488b1c","local_time":"20180819202923","is_ascension_mode":false,"campfire_choices":[{"data":"Infinite Blades","floor":6.0,"key":"SMITH"},{"data":"Accuracy","floor":12.0,"key":"SMITH"},{"floor":15.0,"key":"REST"},{"floor":23.0,"key":"REST"},{"floor":28.0,"key":"REST"},{"floor":30.0,"key":"REST"},{"floor":32.0,"key":"REST"},{"floor":40,"key":"REST"},{"floor":44,"key":"REST"}],"neow_cost":"NONE","seed_source_timestamp":40624670677933,"circlet_count":0,"master_deck":["Defend_G","Defend_G","Defend_G","Defend_G","Strike_G+1","Strike_G","Strike_G","Strike_G+1","Survivor","Neutralize","Quick Slash","Blade Dance","Cloak And Dagger","Infinite Blades+1","Distraction","Accuracy+1","Blade Dance","Flying Knee","Slice","Finisher","After Image","Flechettes","Accuracy+1","Dagger Spray","Flying Knee","Die Die Die","Footwork+1","A Thousand Cuts","All Out Attack","Flying Knee","Choke+1","Outmaneuver"],"special_seed":0,"relics":["Ring of the Snake","Happy Flower","Bag of Marbles","Question Card","Empty Cage","Whetstone","Bottled Lightning","Letter Opener","Sozu","Red Mask","Singing Bowl"],"potions_floor_usage":[42],"damage_taken":[{"damage":0.0,"enemies":"2 Louse","floor":1.0,"turns":3.0},{"damage":0.0,"enemies":"Cultist","floor":2.0,"turns":4.0},{"damage":0.0,"enemies":"Jaw Worm","floor":4.0,"turns":5.0},{"damage":3.0,"enemies":"Lots of Slimes","floor":5.0,"turns":8.0},{"damage":2.0,"enemies":"2 Fungi Beasts","floor":7.0,"turns":3.0},{"damage":3.0,"enemies":"Red Slaver","floor":10.0,"turns":5.0},{"damage":7.0,"enemies":"Exordium Wildlife","floor":11.0,"turns":4.0},{"damage":3.0,"enemies":"Large Slime","floor":13.0,"turns":4.0},{"damage":10.0,"enemies":"3 Louse","floor":14.0,"turns":3.0},{"damage":50.0,"enemies":"The Guardian","floor":16.0,"turns":11.0},{"damage":22.0,"enemies":"2 Thieves","floor":18.0,"turns":3.0},{"damage":3.0,"enemies":"Spheric Guardian","floor":19.0,"turns":3.0},{"damage":31.0,"enemies":"Snake Plant","floor":21.0,"turns":4.0},{"damage":25.0,"enemies":"Cultist and Chosen","floor":24.0,"turns":5.0},{"damage":46.0,"enemies":"Collector","floor":33.0,"turns":10.0},{"damage":15.0,"enemies":"3 Shapes","floor":35.0,"turns":2.0},{"damage":7.0,"enemies":"3 Darklings","floor":36.0,"turns":4.0},{"damage":28,"enemies":"Flame Bruiser 2 Orb","floor":39,"turns":4},{"damage":23,"enemies":"Transient","floor":41,"turns":5},{"damage":15,"enemies":"3 Darklings","floor":42,"turns":6},{"damage":16,"enemies":"Maw","floor":45,"turns":7},{"damage":2,"enemies":"4 Shapes","floor":46,"turns":9},{"damage":55,"enemies":"Transient","floor":47,"turns":4}],"seed_played":"5703596855205975275","potions_obtained":[{"floor":1.0,"key":"FairyPotion"},{"floor":4.0,"key":"Regen Potion"},{"floor":11.0,"key":"Energy Potion"},{"floor":13.0,"key":"GamblersBrew"},{"floor":16.0,"key":"Regen Potion"},{"floor":18.0,"key":"Swift Potion"},{"floor":33.0,"key":"GhostInAJar"}],"is_trial":false,"path_per_floor":["M","M","?","M","M","R","M","$","T","M","M","R","M","M","R","B",null,"M","M","?","M","$","R","M","?","T","T","R","$","R","$","R","B",null,"M","M","?","?","M","R","M","M","T","R","M","M"],"character_chosen":"THE_SILENT","items_purchased":["Accuracy","Bag of Marbles","Dagger Spray","Whetstone","Flying Knee"],"campfire_rested":7,"item_purchase_floors":[8,8,22,22,31],"current_hp_per_floor":[70,70,70,70,67,67,65,65,65,62,55,55,52,42,63,27,70,48,45,45,19,19,40,15,15,15,15,36,36,57,57,70,24,70,55,48,48,48,20,41,18,3,3,24,8,8,0],"gold":140,"neow_bonus":"RANDOM_COMMON_RELIC","is_prod":false,"is_daily":false,"chose_seed":false,"campfire_upgraded":2,"win_rate":0.0,"timestamp":1534724963,"path_taken":["M","M","?","M","M","R","M","?","T","M","M","R","M","?","R","BOSS","M","M","?","?","$","R","M","?","T","?","R","?","R","?","R","BOSS","M","M","?","?","M","R","?","M","T","R","M","?","M"],"build_version":"2018-08-16","purchased_purges":0,"victory":false,"max_hp_per_floor":[70,70,70,70,70,70,70,70,70,70,70,70,70,70,70,70,70,70,70,70,70,70,70,70,70,70,70,70,70,70,70,70,70,70,70,70,70,70,70,70,70,70,70,70,70,72,72],"card_choices":[{"not_picked":["Reflex","Acrobatics"],"picked":"Quick Slash","floor":1.0},{"not_picked":["Deadly Poison","Dagger Throw"],"picked":"Blade Dance","floor":2.0},{"not_picked":["Bane","Dagger Throw"],"picked":"Cloak And Dagger","floor":4.0},{"not_picked":["Caltrops","Dagger Throw"],"picked":"Infinite Blades","floor":5.0},{"not_picked":["Burst","Crippling Poison"],"picked":"Distraction","floor":7.0},{"not_picked":["Deflect","Quick Slash","PiercingWail"],"picked":"Blade Dance","floor":10.0},{"not_picked":["Caltrops","Prepared","Slice"],"picked":"Flying Knee","floor":11.0},{"not_picked":["Setup","Doppelganger","Sucker Punch"],"picked":"Slice","floor":13.0},{"not_picked":["Skewer","Bane","Endless Agony"],"picked":"Finisher","floor":14.0},{"not_picked":["Venomology","Bullet Time","Die Die Die"],"picked":"After Image","floor":16.0},{"not_picked":["Crippling Poison","Deadly Poison","Terror","Caltrops"],"picked":"SKIP","floor":18.0},{"not_picked":["Dodge and Roll","Quick Slash","Escape Plan"],"picked":"Flechettes","floor":19.0},{"not_picked":["Dash","Deflect","Underhanded Strike+1","Riddle With Holes+1"],"picked":"SKIP","floor":21.0},{"not_picked":["Tactician","Sucker Punch","Expertise","Bane+1"],"picked":"SKIP","floor":24.0},{"not_picked":["Wraith Form v2","Unload","Tools of the Trade"],"picked":"Die Die Die","floor":33.0},{"not_picked":["Cloak And Dagger","Riddle With Holes+1","Quick Slash+1"],"picked":"Footwork+1","floor":35.0},{"not_picked":["Slice","Riddle With Holes","PiercingWail"],"picked":"A Thousand Cuts","floor":36.0},{"not_picked":["Quick Slash","Poisoned Stab+1","Dodge and Roll"],"picked":"All Out Attack","floor":39},{"not_picked":["PiercingWail","Setup","Calculated Gamble+1"],"picked":"Flying Knee","floor":41},{"not_picked":["Underhanded Strike+1","Acrobatics","Slice"],"picked":"Choke+1","floor":42},{"not_picked":["Wraith Form v2","PiercingWail","Acrobatics"],"picked":"Outmaneuver","floor":45},{"not_picked":["Acrobatics","Skewer","Deadly Poison","Setup"],"picked":"Singing Bowl","floor":46}],"player_experience":165843,"relics_obtained":[{"floor":9.0,"key":"Question Card"},{"floor":26.0,"key":"Bottled Lightning"},{"floor":27.0,"key":"Letter Opener"},{"floor":43,"key":"Singing Bowl"}],"event_choices":[{"event_name":"Golden Shrine","player_choice":"Pray","floor":3.0,"damage_taken":0.0},{"event_name":"Duplicator","player_choice":"One dupe","floor":20.0,"damage_taken":0.0},{"event_name":"Addict","player_choice":"Ignored","floor":25.0,"damage_taken":0.0},{"event_name":"Tomb of Lord Red Mask","player_choice":"Paid","floor":37.0,"damage_taken":0.0},{"event_name":"Mysterious Sphere","player_choice":"Ignore","floor":38.0,"damage_taken":0.0}],"is_beta":false,"boss_relics":[{"not_picked":["Calling Bell","Pandora\u0027s Box"],"picked":"Empty Cage"},{"not_picked":["Cursed Key","HoveringKite"],"picked":"Sozu"}],"items_purged_floors":[],"is_endless":false,"potions_floor_spawned":[1,4,11,13,16,18,33,35,39,42],"killed_by":"Transient","ascension_level":0}