{"gold_per_floor":[113,288,288,288,306,306,338,351,351,365,377,377,388,406,406,507,537,556,568,397,397,397,397,397,397,470,484,495,107,122,142,142,244,244,254,266,120,133,133,133,133,153,207,207,61,61,61,77,77,77],"floor_reached":51,"playtime":4314,"items_purged":["Doubt"],"score":931,"play_id":"81321aa1-e703-4c1c-b6d2-851673f0592d","local_time":"20180720064812","is_ascension_mode":true,"campfire_choices":[{"data":"Zap","floor":6,"key":"SMITH"},{"floor":12,"key":"REST"},{"floor":15,"key":"REST"},{"floor":23,"key":"REST"},{"data":"Seek","floor":25,"key":"SMITH"},{"floor":32,"key":"REST"},{"floor":41,"key":"REST"},{"data":"Double Energy","floor":44,"key":"SMITH"},{"data":"Glacier","floor":46,"key":"SMITH"},{"data":"Dualcast","floor":49,"key":"SMITH"}],"neow_cost":"NONE","seed_source_timestamp":626422352164434,"circlet_count":0,"master_deck":["Strike_B+1","Strike_B+1","Strike_B+1","Strike_B+1","Defend_B+1","Defend_B+1","Defend_B+1","Zap+1","Dualcast+1","Streamline","Thunder Strike","Sweeping Beam","Leap","Storm","Beam Cell+1","Double Energy+1","Echo Form","Seek+1","Leap","Self Repair+1","Panacea","Glacier+1","Scrape","Gash","Gash","Tempest+1","Turbo+1","Gash+1","Gash+1","Madness","Madness","Hologram+1","Sunder"],"relics":["Cracked Core","Boot","Ornamental Fan","Centennial Puzzle","Tiny House","Cables","Symbiotic Virus","Unceasing Top","Sozu","Happy Flower","Du-Vu Doll","Regal Pillow","Strawberry"],"potions_floor_usage":[11,13,18,27,33,36],"damage_taken":[{"damage":0,"enemies":"Cultist","floor":1,"turns":4},{"damage":0,"enemies":"Small Slimes","floor":5,"turns":2},{"damage":16,"enemies":"3 Sentries","floor":7,"turns":7},{"damage":0,"enemies":"2 Louse","floor":8,"turns":2},{"damage":7,"enemies":"Blue Slaver","floor":10,"turns":3},{"damage":4,"enemies":"Lots of Slimes","floor":11,"turns":2},{"damage":1,"enemies":"2 Fungi Beasts","floor":13,"turns":2},{"damage":9,"enemies":"Red Slaver","floor":14,"turns":2},{"damage":43,"enemies":"Hexaghost","floor":16,"turns":8},{"damage":28,"enemies":"Shell Parasite","floor":18,"turns":8},{"damage":19,"enemies":"Spheric Guardian","floor":19,"turns":4},{"damage":0,"enemies":"3 Cultists","floor":27,"turns":4},{"damage":11,"enemies":"Snecko","floor":28,"turns":4},{"damage":28,"enemies":"Slaver and Parasite","floor":30,"turns":7},{"damage":26,"enemies":"Centurion and Healer","floor":31,"turns":8},{"damage":55,"enemies":"Collector","floor":33,"turns":10},{"damage":3,"enemies":"Flame Bruiser 1 Orb","floor":35,"turns":5},{"damage":48,"enemies":"3 Darklings","floor":36,"turns":5},{"damage":20,"enemies":"Spire Growth","floor":38,"turns":4},{"damage":1,"floor":39,"turns":6},{"damage":4,"enemies":"Sphere and 2 Shapes","floor":42,"turns":4},{"damage":10,"enemies":"4 Shapes","floor":48,"turns":4},{"damage":62,"enemies":"Donu and Deca","floor":50,"turns":10}],"seed_played":"5023738292251331619","potions_obtained":[{"floor":7,"key":"FocusPotion"},{"floor":11,"key":"Weak Potion"},{"floor":17,"key":"Swift Potion"},{"floor":19,"key":"Explosive Potion"},{"floor":31,"key":"Weak Potion"},{"floor":33,"key":"Regen Potion"}],"is_trial":false,"path_per_floor":["M","?","?","?","M","R","E","M","T","M","M","R","M","M","R","B",null,"M","M","$","T","?","R","?","R","T","M","M","$","M","M","R","B",null,"M","M","$","M","?","?","R","M","T","R","$","R","?","M","R","B"],"character_chosen":"DEFECT","items_purchased":["Panacea","Unceasing Top","Scrape","Gash","Happy Flower","Strawberry"],"campfire_rested":5,"item_purchase_floors":[20,29,29,29,37,45],"current_hp_per_floor":[75,75,75,75,75,75,59,59,59,52,48,70,69,60,75,32,80,52,33,33,33,59,80,80,80,80,80,79,79,71,65,80,25,80,77,51,51,41,60,50,74,70,70,70,77,77,97,97,97,45],"gold":77,"neow_bonus":"RANDOM_COMMON_RELIC","is_prod":false,"is_daily":false,"chose_seed":false,"campfire_upgraded":5,"win_rate":0,"timestamp":1532040492,"path_taken":["M","?","?","?","M","R","E","M","T","M","M","R","M","M","R","BOSS","M","?","$","?","?","R","?","R","T","?","M","$","?","M","R","BOSS","M","M","$","M","?","?","R","M","T","R","$","R","?","M","R","BOSS"],"build_version":"2018-07-12","purchased_purges":1,"victory":true,"max_hp_per_floor":[75,75,75,75,75,75,75,75,75,75,75,75,75,75,75,75,80,80,80,80,80,80,80,80,80,80,80,80,80,80,80,80,80,80,80,80,80,80,80,80,80,80,80,80,87,87,97,97,97,97],"card_choices":[{"not_picked":["Aggregate","Storm"],"picked":"Streamline","floor":1},{"not_picked":["Steam","Coolheaded"],"picked":"Leap","floor":5},{"not_picked":["Reinforced Body","Compile Driver"],"picked":"Storm","floor":7},{"not_picked":["Streamline","Aggregate"],"picked":"Beam Cell","floor":8},{"not_picked":["Sweeping Beam","Force Field","Blizzard"],"picked":"SKIP","floor":10},{"not_picked":["Coolheaded","White Noise"],"picked":"Double Energy","floor":11},{"not_picked":["Reprogram","Compile Driver","Streamline"],"picked":"SKIP","floor":13},{"not_picked":["Coolheaded","Turbo"],"picked":"Echo Form","floor":14},{"not_picked":["Hyperbeam","Machine Learning"],"picked":"Seek","floor":16},{"not_picked":["Reinforced Body","Rebound"],"picked":"Leap","floor":18},{"not_picked":["Leap+1","Double Energy"],"picked":"Self Repair+1","floor":19},{"not_picked":["Steam","Cold Snap"],"picked":"Glacier","floor":27},{"not_picked":["Lockon","Coolheaded+1","Tempest"],"picked":"SKIP","floor":28},{"not_picked":["Streamline","Double Energy"],"picked":"Gash","floor":30},{"not_picked":["Ball Lightning","Capacitor"],"picked":"Tempest+1","floor":31},{"not_picked":["Biased Cognition","Creative AI"],"picked":"Seek","floor":33},{"not_picked":["Ball Lightning","Reprogram"],"picked":"Turbo+1","floor":35},{"not_picked":["Hello World+1","Stack","Hologram"],"picked":"SKIP","floor":36},{"not_picked":["Barrage","Redo"],"picked":"Gash+1","floor":38},{"not_picked":["Beam Cell+1","Storm+1"],"picked":"Gash+1","floor":39},{"not_picked":["Turbo","Leap"],"picked":"Hologram+1","floor":42},{"not_picked":["Capacitor","Hologram"],"picked":"Sunder","floor":48}],"player_experience":776114,"relics_obtained":[{"floor":7,"key":"Ornamental Fan"},{"floor":9,"key":"Centennial Puzzle"},{"floor":21,"key":"Cables"},{"floor":26,"key":"Symbiotic Virus"},{"floor":39,"key":"Du-Vu Doll"},{"floor":43,"key":"Regal Pillow"}],"event_choices":[{"event_name":"Liars Game","player_choice":"agreed","floor":2,"damage_taken":0},{"event_name":"Match and Keep!","player_choice":"1 cards matched","floor":3,"damage_taken":0},{"event_name":"Transmorgrifier","player_choice":"Transform","floor":4,"damage_taken":0},{"event_name":"The Library","player_choice":"Heal","floor":22,"damage_taken":0},{"event_name":"Back to Basics","player_choice":"Simplicity","floor":24,"damage_taken":0},{"event_name":"MindBloom","player_choice":"Fight","floor":39,"damage_taken":0},{"event_name":"Winding Halls","player_choice":"Embrace Madness","floor":40,"damage_taken":0},{"event_name":"Bonfire Elementals","player_choice":"RARE","floor":47,"damage_taken":0}],"boss_relics":[{"not_picked":["Philosopher\u0027s Stone","Busted Crown"],"picked":"Tiny House"},{"not_picked":["Black Star","Cursed Key"],"picked":"Sozu"}],"items_purged_floors":[20],"is_endless":false,"potions_floor_spawned":[7,11,19,31,33,35,38],"ascension_level":2}