{"gold_per_floor":[212,387,398,31,3,3,3,20,44,44,60,77,106,123,123,219,219,233,233,132,143,58,58,77,96,96,112,112],"floor_reached":28,"playtime":1178,"items_purged":["Strike_G"],"score":222,"play_id":"897eba34-bd33-4712-b0c9-2043eeefe5fa","local_time":"20180818234501","is_ascension_mode":false,"campfire_choices":[{"data":"Bane","floor":7,"key":"SMITH"},{"data":"Dagger Spray","floor":10,"key":"SMITH"},{"data":"Bane","floor":15,"key":"SMITH"},{"data":"Glass Knife","floor":23,"key":"SMITH"}],"neow_cost":"NONE","seed_source_timestamp":343447310377873,"circlet_count":0,"master_deck":["Defend_G","Defend_G","Defend_G","Defend_G","Defend_G","Strike_G","Strike_G","Survivor","Neutralize","Poisoned Stab","Doubt","Poisoned Stab","Bane+1","Adrenaline","Dagger Spray+1","Deflect","Bane+1","Backflip","Glass Knife+1","Outmaneuver","Bane"],"relics":["Ring of the Snake","Oddly Smooth Stone","Strawberry","Dodecahedron","Empty Cage","Boot","StoneCalendar"],"potions_floor_usage":[13,16,28,28],"damage_taken":[{"damage":3,"enemies":"Jaw Worm","floor":1,"turns":9},{"damage":2,"enemies":"Small Slimes","floor":3,"turns":5},{"damage":0,"enemies":"Cultist","floor":8,"turns":3},{"damage":1,"enemies":"Red Slaver","floor":11,"turns":3},{"damage":0,"enemies":"Exordium Wildlife","floor":12,"turns":2},{"damage":12,"enemies":"3 Sentries","floor":13,"turns":5},{"damage":3,"enemies":"Exordium Thugs","floor":14,"turns":3},{"damage":44,"enemies":"Hexaghost","floor":16,"turns":11},{"damage":0,"enemies":"Shell Parasite","floor":18,"turns":3},{"damage":16,"enemies":"Spheric Guardian","floor":21,"turns":5},{"damage":15,"enemies":"Snake Plant","floor":24,"turns":3},{"damage":28,"enemies":"Cultist and Chosen","floor":25,"turns":7},{"damage":15,"enemies":"Chosen and Byrds","floor":27,"turns":6},{"damage":10,"enemies":"Snake Plant","floor":28,"turns":2}],"seed_played":"7116980395137444154","potions_obtained":[{"floor":1,"key":"Explosive Potion"},{"floor":14,"key":"Weak Potion"},{"floor":16,"key":"Swift Potion"},{"floor":21,"key":"Energy Potion"},{"floor":27,"key":"SpeedPotion"}],"is_trial":false,"path_per_floor":["M","?","M","$","?","?","R","M","T","R","M","M","E","M","R","B",null,"M","?","$","M","?","R","M","M","T","M"],"character_chosen":"THE_SILENT","items_purchased":["Poisoned Stab","Bane","Adrenaline","Oddly Smooth Stone","Outmaneuver"],"campfire_rested":0,"item_purchase_floors":[4,4,4,4,20],"current_hp_per_floor":[67,67,65,65,65,70,70,70,77,77,76,76,64,61,61,17,82,82,82,82,66,66,66,51,23,23,8,0],"gold":112,"neow_bonus":"HUNDRED_GOLD","is_prod":false,"is_daily":false,"chose_seed":false,"campfire_upgraded":4,"win_rate":0.0,"timestamp":1534650301,"path_taken":["M","?","?","$","?","?","R","M","T","R","M","M","E","M","R","BOSS","M","?","$","M","?","R","M","M","T","M","M"],"build_version":"2018-08-16","purchased_purges":1,"victory":false,"max_hp_per_floor":[70,70,70,70,70,75,75,75,82,82,82,82,82,82,82,82,82,82,82,82,82,82,82,82,82,82,82,82],"card_choices":[{"not_picked":["Deflect","Expertise"],"picked":"Poisoned Stab","floor":1},{"not_picked":["Well Laid Plans","PiercingWail","Underhanded Strike"],"picked":"SKIP","floor":3},{"not_picked":["Terror","PiercingWail"],"picked":"Dagger Spray","floor":8},{"not_picked":["Skewer","Deadly Poison"],"picked":"Deflect","floor":11},{"not_picked":["Calculated Gamble","Poisoned Stab","Dagger Throw"],"picked":"SKIP","floor":12},{"not_picked":["Dagger Spray","Footwork"],"picked":"Bane","floor":13},{"not_picked":["Prepared","A Thousand Cuts"],"picked":"Backflip","floor":14},{"not_picked":["Storm of Steel","Envenom"],"picked":"Glass Knife","floor":16},{"not_picked":["PiercingWail","Predator","Endless Agony"],"picked":"SKIP","floor":18},{"not_picked":["Bane","Dagger Throw","Blade Dance"],"picked":"SKIP","floor":21},{"not_picked":["Outmaneuver","PiercingWail","Bane"],"picked":"SKIP","floor":24},{"not_picked":["Deadly Poison","Poisoned Stab","Bane"],"picked":"SKIP","floor":25},{"not_picked":["Deflect","Masterful Stab"],"picked":"Bane","floor":27}],"player_experience":162892,"relics_obtained":[{"floor":9,"key":"Strawberry"},{"floor":13,"key":"Dodecahedron"},{"floor":26,"key":"StoneCalendar"}],"event_choices":[{"event_name":"Liars Game","player_choice":"agreed","floor":2,"damage_taken":0},{"event_name":"World of Goop","player_choice":"Left","floor":5,"damage_taken":0},{"event_name":"Big Fish","player_choice":"Donut","floor":6,"damage_taken":0},{"event_name":"Vampires","player_choice":"Ignored","floor":19,"damage_taken":0},{"event_name":"Addict","player_choice":"Obtained Relic","floor":22,"damage_taken":0}],"is_beta":false,"boss_relics":[{"not_picked":["Astrolabe","Pandora\u0027s Box"],"picked":"Empty Cage"}],"items_purged_floors":[20],"is_endless":false,"potions_floor_spawned":[1,14,16,21,27],"killed_by":"Snake Plant","ascension_level":0}