{"gold_per_floor":[116,134,151,67,81,81,100,120,120,120,155,44,56,76,76,153,153,171,171,6,19,33,33,58,69,69,69],"floor_reached":27,"playtime":1994,"items_purged":["Strike_G"],"score":502,"play_id":"52a7b2de-8e7a-4b94-aa28-efab8878db01","local_time":"20190915095608","is_ascension_mode":true,"campfire_choices":[{"floor":6.0,"key":"REST"},{"floor":10.0,"key":"REST"},{"floor":15.0,"key":"REST"},{"data":"Well Laid Plans","floor":23.0,"key":"SMITH"}],"neow_cost":"PERCENT_DAMAGE","seed_source_timestamp":42496991838900,"circlet_count":0,"master_deck":["AscendersBane","Strike_G","Strike_G","Strike_G","Strike_G","Defend_G","Defend_G","Defend_G","Defend_G","Defend_G","Survivor","Neutralize","After Image","Predator","Dagger Spray","Poisoned Stab","Noxious Fumes","Slice","Leg Sweep","Corpse Explosion","Prepared","Dagger Throw","Deflect","PiercingWail","Adrenaline","Sucker Punch","Adrenaline","Noxious Fumes","Well Laid Plans+1","Crippling Poison"],"special_seed":0,"relics":["Ring of the Snake","Bottled Lightning","Question Card","Cursed Key","Pantograph"],"potions_floor_usage":[],"damage_taken":[{"damage":3.0,"enemies":"Cultist","floor":1.0,"turns":5.0},{"damage":1.0,"enemies":"Jaw Worm","floor":2.0,"turns":4.0},{"damage":7.0,"enemies":"Small Slimes","floor":3.0,"turns":3.0},{"damage":15.0,"enemies":"Looter","floor":5.0,"turns":4.0},{"damage":0.0,"enemies":"3 Louse","floor":7.0,"turns":3.0},{"damage":11.0,"enemies":"Exordium Thugs","floor":8.0,"turns":8.0},{"damage":16.0,"enemies":"Gremlin Nob","floor":11.0,"turns":5.0},{"damage":10.0,"enemies":"Gremlin Gang","floor":13.0,"turns":2.0},{"damage":1.0,"enemies":"Exordium Wildlife","floor":14.0,"turns":3.0},{"damage":34.0,"enemies":"Slime Boss","floor":16.0,"turns":9.0},{"damage":6.0,"enemies":"Shell Parasite","floor":18.0,"turns":6.0},{"damage":1.0,"enemies":"Spheric Guardian","floor":21.0,"turns":6.0},{"damage":0.0,"enemies":"Chosen and Byrds","floor":22.0,"turns":5.0},{"damage":26.0,"enemies":"Gremlin Leader","floor":24.0,"turns":8.0},{"damage":12.0,"enemies":"Cultist and Chosen","floor":25.0,"turns":5.0},{"damage":5,"enemies":"Colosseum Slavers","floor":27,"turns":1}],"seed_played":"6153255086705468532","potions_obtained":[{"floor":2.0,"key":"SkillPotion"},{"floor":5.0,"key":"GhostInAJar"},{"floor":14.0,"key":"SkillPotion"},{"floor":18.0,"key":"Fire Potion"},{"floor":22.0,"key":"Energy Potion"}],"is_trial":false,"path_per_floor":["M","M","M","$","M","R","M","M","T","R","E","$","M","M","R","B",null,"M","?","$","M","M","R","E","M","T","?"],"character_chosen":"THE_SILENT","items_purchased":["Noxious Fumes","Dagger Throw","PowerPotion","Noxious Fumes","PowerPotion"],"campfire_rested":3,"item_purchase_floors":[4,12,12,20,20],"current_hp_per_floor":[41,40,33,33,18,37,37,26,26,45,29,29,19,18,37,3,50,44,44,44,43,43,43,17,5,5,0],"gold":69,"neow_bonus":"THREE_RARE_CARDS","is_prod":false,"is_daily":false,"chose_seed":false,"campfire_upgraded":1,"win_rate":0,"timestamp":1568566568,"path_taken":["M","M","M","?","M","R","M","M","T","R","E","$","M","M","R","BOSS","M","?","$","M","M","R","E","?","T","?"],"build_version":"2019-07-17","purchased_purges":1,"victory":false,"max_hp_per_floor":[66,66,66,66,66,66,66,66,66,66,66,66,66,66,66,66,66,66,66,66,66,66,66,66,66,66,66],"card_choices":[{"not_picked":["Grand Finale","Wraith Form v2"],"picked":"After Image","floor":0.0},{"not_picked":["Dagger Spray","Expertise"],"picked":"Predator","floor":1.0},{"not_picked":["Acrobatics","Finisher"],"picked":"Dagger Spray","floor":2.0},{"not_picked":["Calculated Gamble","Outmaneuver"],"picked":"Poisoned Stab","floor":3.0},{"not_picked":["Choke","Masterful Stab"],"picked":"Slice","floor":5.0},{"not_picked":["Poisoned Stab","Infinite Blades"],"picked":"Leg Sweep","floor":7.0},{"not_picked":["Riddle With Holes","Dagger Spray"],"picked":"Corpse Explosion","floor":8.0},{"not_picked":["Quick Slash","Tools of the Trade"],"picked":"Prepared","floor":11.0},{"not_picked":["Accuracy","Dodge and Roll","Acrobatics"],"picked":"Deflect","floor":13.0},{"not_picked":["Acrobatics","Reflex","Prepared"],"picked":"PiercingWail","floor":14.0},{"not_picked":["Glass Knife","Burst","Venomology"],"picked":"Adrenaline","floor":16.0},{"not_picked":["Slice","Bane","Deflect"],"picked":"Sucker Punch","floor":18.0},{"not_picked":["Masterful Stab","Backflip","Blade Dance"],"picked":"Well Laid Plans","floor":21.0},{"not_picked":["Dash","Accuracy","Bane","Endless Agony"],"picked":"SKIP","floor":22.0},{"not_picked":["Deadly Poison","A Thousand Cuts","Cloak And Dagger+1"],"picked":"Crippling Poison","floor":24.0},{"not_picked":["Prepared","Blade Dance","Sucker Punch","Masterful Stab"],"picked":"SKIP","floor":25.0}],"player_experience":990654,"relics_obtained":[{"floor":9.0,"key":"Bottled Lightning"},{"floor":11.0,"key":"Question Card"},{"floor":24.0,"key":"Pantograph"}],"event_choices":[{"damage_healed":0.0,"max_hp_gain":0.0,"max_hp_loss":0.0,"gold_gain":0.0,"event_name":"Duplicator","player_choice":"Copied","floor":19.0,"gold_loss":0.0,"damage_taken":0.0,"cards_obtained":["Adrenaline"]},{"damage_healed":0,"gold_gain":0,"player_choice":"Fight","damage_taken":0,"max_hp_gain":0,"max_hp_loss":0,"event_name":"Colosseum","floor":27,"gold_loss":0}],"is_beta":false,"boss_relics":[{"not_picked":["Orrery","Astrolabe"],"picked":"Cursed Key"}],"items_purged_floors":[20],"is_endless":false,"potions_floor_spawned":[2,5,7,14,18,22],"killed_by":"Colosseum Slavers","ascension_level":18}