{"gold_per_floor":[119,135,60,73,91,91,106,106,133,159,175,195,222,222,222,222],"floor_reached":16,"playtime":11610,"items_purged":["Defend_R"],"score":102,"play_id":"825a160c-723e-460a-ba38-9435ea153388","local_time":"20190911152628","is_ascension_mode":false,"campfire_choices":[{"data":"Flex","floor":6,"key":"SMITH"},{"data":"Anger","floor":8,"key":"SMITH"},{"data":"Inflame","floor":15,"key":"SMITH"}],"neow_cost":"NONE","seed_source_timestamp":492510785922200,"circlet_count":0,"master_deck":["Strike_R","Strike_R","Strike_R","Strike_R","Strike_R","Defend_R","Defend_R","Defend_R","Bash","Twin Strike","Flex+1","Anger+1","Inflame+1"],"relics":["Burning Blood","Ancient Tea Set","Bronze Scales","Odd Mushroom","Juzu Bracelet"],"potions_floor_usage":[11,13],"damage_taken":[{"damage":1,"enemies":"Cultist","floor":1,"turns":4},{"damage":2,"enemies":"Small Slimes","floor":2,"turns":3},{"damage":5,"enemies":"2 Louse","floor":4,"turns":3},{"damage":12,"enemies":"2 Fungi Beasts","floor":5,"turns":4},{"damage":4,"enemies":"Gremlin Gang","floor":7,"turns":5},{"damage":0,"enemies":"Large Slime","floor":11,"turns":3},{"damage":19,"enemies":"The Mushroom Lair","floor":12,"turns":3},{"damage":20,"enemies":"3 Sentries","floor":13,"turns":5},{"damage":0,"enemies":"Hexaghost","floor":16,"turns":1}],"seed_played":"3442816375453017905","potions_obtained":[{"floor":1,"key":"Ancient Potion"},{"floor":4,"key":"Dexterity Potion"},{"floor":7,"key":"Fire Potion"},{"floor":13,"key":"Fire Potion"},{"floor":14,"key":"EntropicBrew"},{"floor":14,"key":"SteroidPotion"}],"is_trial":false,"path_per_floor":["M","M","$","M","M","R","M","R","T","T","M","?","E","?","R","B"],"character_chosen":"IRONCLAD","items_purchased":[],"campfire_rested":0,"item_purchase_floors":[],"current_hp_per_floor":[80,80,80,80,74,74,76,76,76,76,80,67,53,53,53,53],"gold":222,"neow_bonus":"THREE_CARDS","is_prod":false,"is_daily":false,"chose_seed":false,"campfire_upgraded":3,"win_rate":0,"timestamp":1568240788,"path_taken":["M","M","$","M","M","R","M","R","T","?","M","?","E","?","R","BOSS"],"build_version":"2019-07-17","purchased_purges":1,"victory":false,"max_hp_per_floor":[80,80,80,80,80,80,80,80,80,80,80,80,80,80,80,80],"card_choices":[{"not_picked":["Iron Wave","Rupture"],"picked":"Twin Strike","floor":0},{"not_picked":["Pummel","Clothesline","Searing Blow"],"picked":"SKIP","floor":1},{"not_picked":["Rupture","Twin Strike","Armaments"],"picked":"SKIP","floor":2},{"not_picked":["Combust","Iron Wave","Flame Barrier"],"picked":"SKIP","floor":4},{"not_picked":["Combust","Thunderclap"],"picked":"Flex","floor":5},{"not_picked":["Blood for Blood","Shrug It Off"],"picked":"Anger","floor":7},{"not_picked":["Sword Boomerang","Evolve"],"picked":"Inflame","floor":11},{"not_picked":["Armaments","Clothesline","Juggernaut"],"picked":"SKIP","floor":13}],"player_experience":905252,"relics_obtained":[{"floor":9,"key":"Ancient Tea Set"},{"floor":10,"key":"Bronze Scales"},{"floor":12,"key":"Odd Mushroom"},{"floor":13,"key":"Juzu Bracelet"}],"event_choices":[{"damage_healed":0,"gold_gain":0,"player_choice":"Fought Mushrooms","damage_taken":0,"max_hp_gain":0,"max_hp_loss":0,"event_name":"Mushrooms","floor":12,"gold_loss":0},{"damage_healed":0,"gold_gain":0,"player_choice":"Got Potions","damage_taken":0,"max_hp_gain":0,"max_hp_loss":0,"event_name":"Lab","floor":14,"gold_loss":0}],"is_beta":false,"boss_relics":[],"items_purged_floors":[3],"is_endless":false,"potions_floor_spawned":[1,4,7,13],"killed_by":"Hexaghost","ascension_level":0}