{"gold_per_floor":[209,209,28,7,23,23,52,52,52,83,99,119,119,129,129,232,282,300,287,377,292,292,292,312,312],"floor_reached":25,"playtime":780,"items_purged":[],"score":222,"play_id":"3062d1d1-3a79-48bb-b952-0b7358b558af","local_time":"20180815221715","is_ascension_mode":true,"campfire_choices":[{"data":"Apotheosis","floor":6.0,"key":"SMITH"},{"floor":13,"key":"REST"},{"data":"Perfected Strike","floor":15,"key":"SMITH"},{"floor":23,"key":"REST"}],"neow_cost":"NONE","seed_source_timestamp":79304145741069,"circlet_count":0,"master_deck":["Strike_R","Strike_R","Strike_R+1","Strike_R","Strike_R","Defend_R","Defend_R","Defend_R","Defend_R","Bash","Pommel Strike","Apotheosis+1","Dropkick","Impervious","Inflame","Iron Wave","Perfected Strike+1","Bludgeon","Flex","Pommel Strike","Anger+1"],"special_seed":0,"relics":["Burning Blood","Art of War","Meat on the Bone","Shuriken","Gremlin Horn","Tiny House","Molten Egg 2","Ornamental Fan"],"potions_floor_usage":[10,16,25],"damage_taken":[{"damage":15.0,"enemies":"2 Louse","floor":1.0,"turns":3.0},{"damage":10.0,"enemies":"Small Slimes","floor":5.0,"turns":4.0},{"damage":32.0,"enemies":"Gremlin Nob","floor":7.0,"turns":4.0},{"damage":13,"enemies":"Lagavulin","floor":10,"turns":5},{"damage":6,"enemies":"Cultist","floor":11,"turns":3},{"damage":12,"enemies":"Blue Slaver","floor":12,"turns":3},{"damage":15,"enemies":"Looter","floor":14,"turns":3},{"damage":54,"enemies":"Hexaghost","floor":16,"turns":6},{"damage":32,"enemies":"Shell Parasite","floor":18,"turns":4},{"damage":15,"enemies":"2 Thieves","floor":19,"turns":4},{"damage":31,"enemies":"Centurion and Healer","floor":24,"turns":5},{"damage":46,"enemies":"Chosen and Byrds","floor":25,"turns":4}],"seed_played":"-6511397906936131850","potions_obtained":[{"floor":7.0,"key":"Weak Potion"},{"floor":12,"key":"Poison Potion"},{"floor":16,"key":"Ancient Potion"},{"floor":17,"key":"EssenceOfSteel"},{"floor":24,"key":"Dexterity Potion"}],"is_trial":false,"path_per_floor":["M","?","$","?","M","R","E","$","T","E","M","M","R","M","R","B",null,"M","M","?","?","T","R","M"],"character_chosen":"IRONCLAD","items_purchased":["Apotheosis"],"campfire_rested":2,"item_purchase_floors":[3],"current_hp_per_floor":[71,64,64,64,60,60,34,34,34,39,51,57,80,71,71,35,85,59,50,34,34,34,59,46,0],"gold":312,"neow_bonus":"HUNDRED_GOLD","is_prod":false,"is_daily":false,"chose_seed":false,"campfire_upgraded":2,"win_rate":0,"timestamp":1534385835,"path_taken":["M","?","$","?","?","R","E","?","T","E","M","M","R","M","R","BOSS","M","M","?","?","?","R","M","M"],"build_version":"2018-08-09","purchased_purges":0,"victory":false,"max_hp_per_floor":[80,80,80,80,80,80,80,80,80,80,80,80,80,80,80,80,85,85,85,85,85,85,85,85,85],"card_choices":[{"not_picked":["Iron Wave","Clothesline"],"picked":"Pommel Strike","floor":1.0},{"not_picked":["Havoc","Body Slam"],"picked":"Dropkick","floor":5.0},{"not_picked":["Bloodletting","Second Wind","Headbutt"],"picked":"SKIP","floor":7.0},{"not_picked":["Rupture","Offering"],"picked":"Impervious","floor":10},{"not_picked":["Clash","Twin Strike"],"picked":"Inflame","floor":11},{"not_picked":["Whirlwind","True Grit"],"picked":"Iron Wave","floor":12},{"not_picked":["Flex","Heavy Blade"],"picked":"Perfected Strike","floor":14},{"not_picked":["Feed","Juggernaut"],"picked":"Bludgeon","floor":16},{"not_picked":["Twin Strike","Sword Boomerang"],"picked":"Flex","floor":17},{"not_picked":["Clothesline+1","Ghostly Armor","Reckless Charge+1"],"picked":"SKIP","floor":18},{"not_picked":["Reckless Charge","Twin Strike"],"picked":"Pommel Strike","floor":19},{"not_picked":["Searing Blow+1","Headbutt+1"],"picked":"Anger+1","floor":24}],"player_experience":135174,"relics_obtained":[{"floor":7.0,"key":"Meat on the Bone"},{"floor":9.0,"key":"Shuriken"},{"floor":10,"key":"Gremlin Horn"},{"floor":22,"key":"Ornamental Fan"}],"event_choices":[{"event_name":"Scrap Ooze","player_choice":"success","floor":2.0,"damage_taken":7.0},{"event_name":"World of Goop","player_choice":"Left","floor":4.0,"damage_taken":0.0},{"event_name":"Knowing Skull","player_choice":"GOLD ","floor":20,"damage_taken":0},{"event_name":"Addict","player_choice":"Obtained Relic","floor":21,"damage_taken":0}],"is_beta":false,"boss_relics":[{"not_picked":["Lizard Tail","Orrery"],"picked":"Tiny House"}],"items_purged_floors":[],"is_endless":false,"potions_floor_spawned":[7,12,16,24],"killed_by":"Chosen and Byrds","ascension_level":1}