{"gold_per_floor":[115,115,135,145,158,158,176,202,202,5,34,34,34,52,52,52],"floor_reached":16,"playtime":684,"items_purged":[],"score":129,"play_id":"c6636a1e-6c2d-447c-8fe5-c747bfc80314","local_time":"20180820213832","is_ascension_mode":true,"campfire_choices":[{"data":"Infernal Blade","floor":6.0,"key":"SMITH"},{"floor":13,"key":"REST"},{"data":"Perfected Strike","floor":15,"key":"SMITH"}],"neow_cost":"NONE","seed_source_timestamp":134033169178083,"circlet_count":0,"master_deck":["Strike_R","Strike_R","Strike_R","Strike_R","Strike_R","Defend_R","Defend_R","Defend_R","Defend_R","Bash","Cleave","Clash","Infernal Blade+1","Pommel Strike","Whirlwind","Battle Trance","Feed","Injury","Perfected Strike+1"],"special_seed":0,"relics":["Burning Blood","NeowsBlessing","Bottled Lightning","Bottled Flame","MealTicket","Ancient Tea Set","Golden Idol"],"potions_floor_usage":[11,11,11,11,16],"damage_taken":[{"damage":0.0,"enemies":"2 Louse","floor":1.0,"turns":1.0},{"damage":0.0,"enemies":"Small Slimes","floor":3.0,"turns":1.0},{"damage":0.0,"enemies":"Cultist","floor":4.0,"turns":1.0},{"damage":6.0,"enemies":"Blue Slaver","floor":5.0,"turns":3.0},{"damage":15.0,"enemies":"Exordium Wildlife","floor":7.0,"turns":4.0},{"damage":25.0,"enemies":"3 Sentries","floor":8.0,"turns":5.0},{"damage":25,"enemies":"Lagavulin","floor":11,"turns":5},{"damage":0,"enemies":"2 Fungi Beasts","floor":14,"turns":2},{"damage":63,"enemies":"The Guardian","floor":16,"turns":7}],"seed_played":"-336918786856517891","potions_obtained":[{"floor":3.0,"key":"PowerPotion"},{"floor":7.0,"key":"EntropicBrew"},{"floor":8.0,"key":"Ancient Potion"},{"floor":11,"key":"EssenceOfSteel"}],"is_trial":false,"path_per_floor":["M","?","M","M","M","R","M","E","T","$","E","?","R","M","R"],"character_chosen":"IRONCLAD","items_purchased":["MealTicket"],"campfire_rested":1,"item_purchase_floors":[10],"current_hp_per_floor":[80,80,80,80,80,80,71,52,52,52,33,33,57,63,63,0],"gold":52,"neow_bonus":"THREE_ENEMY_KILL","is_prod":false,"is_daily":false,"chose_seed":false,"campfire_upgraded":2,"win_rate":0,"timestamp":1534815512,"path_taken":["M","?","M","M","?","R","M","E","T","$","E","?","R","M","R","BOSS"],"build_version":"2018-08-16","purchased_purges":0,"victory":false,"max_hp_per_floor":[80,80,80,80,80,80,80,80,80,80,80,80,80,80,80,80],"card_choices":[{"not_picked":["Armaments","Pommel Strike"],"picked":"Cleave","floor":1.0},{"not_picked":["Rupture","Shrug It Off"],"picked":"Clash","floor":3.0},{"not_picked":["Wild Strike","Battle Trance"],"picked":"Infernal Blade","floor":4.0},{"not_picked":["Infernal Blade","Evolve"],"picked":"Pommel Strike","floor":5.0},{"not_picked":["Twin Strike","Warcry"],"picked":"Whirlwind","floor":7.0},{"not_picked":["Juggernaut","Wild Strike"],"picked":"Battle Trance","floor":8.0},{"not_picked":["Havoc","Perfected Strike"],"picked":"Feed","floor":11},{"not_picked":["Body Slam","Armaments"],"picked":"Perfected Strike","floor":14}],"player_experience":174832,"relics_obtained":[{"floor":8.0,"key":"Bottled Lightning"},{"floor":9.0,"key":"Bottled Flame"},{"floor":11,"key":"Ancient Tea Set"}],"event_choices":[{"event_name":"Liars Game","player_choice":"disagreed","floor":2.0,"damage_taken":0.0},{"event_name":"Golden Idol","player_choice":"Take Wound","floor":12,"damage_taken":0}],"is_beta":false,"boss_relics":[],"items_purged_floors":[],"is_endless":false,"potions_floor_spawned":[3,7,8,11],"killed_by":"The Guardian","ascension_level":3}