{"gold_per_floor":[115,115,131,131,131,131,144,75,75,100,100,100,275,286,286,384,384,399,55,71,71,21,21,34,50,75,75],"floor_reached":27,"playtime":1435,"items_purged":["Doubt"],"score":342,"play_id":"0f51c5b3-f918-40ad-9359-ad126fba091f","local_time":"20190602224315","is_ascension_mode":true,"campfire_choices":[{"data":"Inflame","floor":6.0,"key":"SMITH"},{"data":"Feed","floor":11.0,"key":"SMITH"},{"data":"Metallicize","floor":15.0,"key":"SMITH"},{"floor":23.0,"key":"REST"}],"neow_cost":"NONE","seed_source_timestamp":260943411475086,"circlet_count":0,"master_deck":["AscendersBane","Strike_R","Strike_R","Strike_R","Strike_R","Defend_R","Defend_R","Defend_R","Bash","Inflame+1","Flex","Feed+1","Metallicize+1","Inflame","Demon Form","Armaments","Flex+1","RitualDagger+1","Intimidate","Flame Barrier"],"special_seed":0,"relics":["Burning Blood","PreservedInsect","Meat on the Bone","Ancient Tea Set","Fusion Hammer","Molten Egg 2","Dream Catcher"],"potions_floor_usage":[27],"damage_taken":[{"damage":6.0,"enemies":"Cultist","floor":1.0,"turns":4.0},{"damage":6.0,"enemies":"Small Slimes","floor":3.0,"turns":5.0},{"damage":7.0,"enemies":"Jaw Worm","floor":7.0,"turns":3.0},{"damage":8.0,"enemies":"Gremlin Nob","floor":10.0,"turns":3.0},{"damage":12.0,"enemies":"Red Slaver","floor":14.0,"turns":3.0},{"damage":19.0,"enemies":"Slime Boss","floor":16.0,"turns":10.0},{"damage":30.0,"enemies":"3 Byrds","floor":18.0,"turns":7.0},{"damage":19.0,"enemies":"Chosen","floor":20.0,"turns":4.0},{"damage":51.0,"enemies":"Shelled Parasite and Fungi","floor":24.0,"turns":5.0},{"damage":45.0,"enemies":"Snecko","floor":25.0,"turns":6.0},{"damage":23,"enemies":"Book of Stabbing","floor":27,"turns":2}],"seed_played":"4089616863318553537","potions_obtained":[{"floor":7.0,"key":"Swift Potion"},{"floor":10.0,"key":"Strength Potion"},{"floor":14.0,"key":"Fire Potion"},{"floor":16.0,"key":"PowerPotion"},{"floor":18.0,"key":"Fire Potion"}],"is_trial":false,"path_per_floor":["M","?","M","$","?","R","M","$","T","E","R","$","?","M","R","B",null,"M","$","M","?","?","R","M","M","T","E"],"character_chosen":"IRONCLAD","items_purchased":["Feed","Molten Egg 2","Armaments"],"campfire_rested":1,"item_purchase_floors":[8,19,19],"current_hp_per_floor":[72,72,72,72,65,65,64,64,64,62,62,62,62,60,60,51,79,59,59,58,52,52,79,50,23,23,0],"gold":75,"neow_bonus":"RANDOM_COMMON_RELIC","is_prod":false,"is_daily":false,"chose_seed":false,"campfire_upgraded":3,"win_rate":0,"timestamp":1559529795,"path_taken":["M","?","M","$","?","R","?","$","T","E","R","?","?","M","R","BOSS","M","$","M","?","?","R","M","?","T","E"],"build_version":"2019-01-23","purchased_purges":1,"victory":false,"max_hp_per_floor":[80,80,80,80,80,80,80,80,80,80,80,80,80,84,84,88,88,92,92,92,92,92,92,96,96,96,96],"card_choices":[{"not_picked":["Twin Strike","Headbutt","Armaments"],"picked":"SKIP","floor":1.0},{"not_picked":["Power Through","True Grit"],"picked":"Inflame","floor":3.0},{"not_picked":["Clash","Havoc"],"picked":"Flex","floor":7.0},{"not_picked":["Carnage","Sever Soul"],"picked":"Metallicize","floor":10.0},{"not_picked":["Uppercut","Perfected Strike"],"picked":"Inflame","floor":14.0},{"not_picked":["Barricade","Dark Embrace"],"picked":"Demon Form","floor":16.0},{"not_picked":["Iron Wave","Clothesline+1","True Grit+1"],"picked":"SKIP","floor":18.0},{"not_picked":["Headbutt+1","Clothesline+1"],"picked":"Flex+1","floor":20.0},{"not_picked":["Hemokinesis+1","Headbutt+1"],"picked":"Intimidate","floor":24.0},{"not_picked":["Reckless Charge+1","True Grit"],"picked":"Flame Barrier","floor":25.0}],"player_experience":315153,"relics_obtained":[{"floor":9.0,"key":"Meat on the Bone"},{"floor":10.0,"key":"Ancient Tea Set"},{"floor":26.0,"key":"Dream Catcher"}],"event_choices":[{"cards_removed":["Strike_R"],"damage_healed":0.0,"max_hp_gain":0.0,"max_hp_loss":0.0,"gold_gain":0.0,"event_name":"Living Wall","player_choice":"Forget","floor":2.0,"gold_loss":0.0,"damage_taken":0.0},{"cards_removed":["Defend_R"],"damage_healed":0.0,"max_hp_gain":0.0,"max_hp_loss":0.0,"gold_gain":0.0,"event_name":"Golden Wing","player_choice":"Card Removal","floor":5.0,"gold_loss":0.0,"damage_taken":7.0},{"damage_healed":0.0,"max_hp_gain":0.0,"max_hp_loss":0.0,"gold_gain":175.0,"event_name":"Liars Game","player_choice":"AGREE","floor":13.0,"gold_loss":0.0,"damage_taken":0.0,"cards_obtained":["Doubt"]},{"damage_healed":0.0,"max_hp_gain":0.0,"max_hp_loss":0.0,"gold_gain":0.0,"event_name":"Nest","player_choice":"Joined the Cult","floor":21.0,"gold_loss":0.0,"damage_taken":6.0,"cards_obtained":["RitualDagger"]},{"damage_healed":0.0,"max_hp_gain":0.0,"max_hp_loss":0.0,"gold_gain":0.0,"event_name":"The Joust","player_choice":"Bet on Murderer","floor":22.0,"gold_loss":50.0,"damage_taken":0.0}],"is_beta":false,"boss_relics":[{"not_picked":["Busted Crown","Philosopher\u0027s Stone"],"picked":"Fusion Hammer"}],"items_purged_floors":[19],"is_endless":false,"potions_floor_spawned":[7,10,14,16,18],"killed_by":"Book of Stabbing","ascension_level":10}