{"gold_per_floor":[115,135,135,16,16,47,47,75,101,101,171,206,219,233,233,307,307,317,329,329,343,41,41,69,69,148,148,63,97,97,97,97,97],"floor_reached":33,"playtime":1350,"items_purged":["Regret","Strike_R"],"score":729,"play_id":"fd1f8ac8-4da3-4ec9-ac37-ca8a64a4cabf","local_time":"20190909170335","is_ascension_mode":true,"campfire_choices":[{"data":"True Grit","floor":7,"key":"SMITH"},{"floor":10,"key":"REST"},{"data":"Whirlwind","floor":15,"key":"SMITH"},{"data":"Inflame","floor":23,"key":"SMITH"},{"data":"Fiend Fire","floor":25,"key":"SMITH"},{"data":"Disarm","floor":27,"key":"SMITH"},{"floor":32,"key":"REST"}],"neow_cost":"NONE","seed_source_timestamp":335826265128500,"circlet_count":0,"master_deck":["AscendersBane","Strike_R","Strike_R","Strike_R","Defend_R","Defend_R","Defend_R","Defend_R","Bash","Spot Weakness","True Grit+1","Whirlwind+1","Carnage","Bludgeon","Shrug It Off","Anger","Fiend Fire+1","Inflame+1","Disarm+1","Sword Boomerang+1","Evolve+1"],"relics":["Burning Blood","NeowsBlessing","Bronze Scales","Blood Vial","Du-Vu Doll","Potion Belt","Kunai","Omamori","Runic Cube","The Courier","Bottled Tornado","Frozen Egg 2","Pear","Dream Catcher","Oddly Smooth Stone","WarpedTongs"],"potions_floor_usage":[8,16,19,24,24,29,29,29],"damage_taken":[{"damage":0,"enemies":"Jaw Worm","floor":1,"turns":1},{"damage":0,"enemies":"Small Slimes","floor":2,"turns":1},{"damage":0,"enemies":"3 Sentries","floor":6,"turns":1},{"damage":39,"enemies":"Gremlin Nob","floor":8,"turns":4},{"damage":27,"enemies":"3 Sentries","floor":12,"turns":6},{"damage":6,"enemies":"Cultist","floor":13,"turns":3},{"damage":4,"enemies":"Blue Slaver","floor":14,"turns":2},{"damage":0,"enemies":"Slime Boss","floor":16,"turns":6},{"damage":27,"enemies":"Shell Parasite","floor":18,"turns":4},{"damage":0,"enemies":"Spheric Guardian","floor":19,"turns":3},{"damage":13,"enemies":"Chosen and Byrds","floor":21,"turns":4},{"damage":30,"enemies":"Slavers","floor":24,"turns":5},{"damage":24,"enemies":"Book of Stabbing","floor":29,"turns":5},{"damage":77,"enemies":"Automaton","floor":33,"turns":8}],"seed_played":"-3190390689677210023","potions_obtained":[{"floor":1,"key":"Dexterity Potion"},{"floor":2,"key":"GamblersBrew"},{"floor":12,"key":"BloodPotion"},{"floor":13,"key":"GamblersBrew"},{"floor":14,"key":"Energy Potion"},{"floor":18,"key":"Energy Potion"},{"floor":21,"key":"AttackPotion"},{"floor":24,"key":"Weak Potion"}],"is_trial":false,"path_per_floor":["M","M","?","$","?","E","R","E","T","R","T","E","M","M","R","B",null,"M","M","T","M","$","R","E","R","T","R","?","E","?","?","R","B"],"character_chosen":"IRONCLAD","items_purchased":["Whirlwind","Bottled Tornado"],"campfire_rested":2,"item_purchase_floors":[4,22],"current_hp_per_floor":[74,75,75,75,68,74,74,42,42,64,64,45,47,51,51,59,71,52,60,60,55,55,55,51,51,61,61,61,45,45,45,70,0],"gold":97,"neow_bonus":"THREE_ENEMY_KILL","is_prod":false,"is_daily":false,"chose_seed":false,"campfire_upgraded":5,"win_rate":0,"timestamp":1568073815,"path_taken":["M","M","?","$","?","E","R","E","T","R","?","E","M","M","R","BOSS","M","M","?","M","$","R","E","R","T","R","?","E","?","?","R","BOSS"],"build_version":"2019-07-17","purchased_purges":2,"victory":false,"max_hp_per_floor":[75,75,75,75,75,75,75,75,75,75,75,75,75,75,75,75,75,75,75,75,75,75,75,75,75,85,85,85,85,85,85,85,85],"card_choices":[{"not_picked":["Wild Strike","Rupture"],"picked":"Spot Weakness","floor":1},{"not_picked":["Shrug It Off","Clothesline"],"picked":"True Grit","floor":2},{"not_picked":["Thunderclap","Sword Boomerang"],"picked":"Carnage","floor":6},{"not_picked":["Anger","Havoc"],"picked":"Bludgeon","floor":8},{"not_picked":["Anger","Sentinel"],"picked":"Shrug It Off","floor":12},{"not_picked":["Body Slam","Dropkick","Iron Wave"],"picked":"SKIP","floor":13},{"not_picked":["Wild Strike","Warcry"],"picked":"Anger","floor":14},{"not_picked":["Dark Embrace","Bludgeon"],"picked":"Fiend Fire","floor":16},{"not_picked":["Shrug It Off","Warcry"],"picked":"Inflame","floor":18},{"not_picked":["Warcry","Rupture"],"picked":"Disarm","floor":19},{"not_picked":["Blood for Blood","Sword Boomerang","Iron Wave"],"picked":"SKIP","floor":21},{"not_picked":["Wild Strike","Bludgeon"],"picked":"Sword Boomerang+1","floor":24},{"not_picked":["Rupture+1","Anger","Warcry"],"picked":"SKIP","floor":29},{"not_picked":["Spot Weakness","Body Slam"],"picked":"Evolve+1","floor":32}],"player_experience":847131,"relics_obtained":[{"floor":6,"key":"Blood Vial"},{"floor":8,"key":"Du-Vu Doll"},{"floor":9,"key":"Potion Belt"},{"floor":11,"key":"Kunai"},{"floor":12,"key":"Omamori"},{"floor":20,"key":"The Courier"},{"floor":24,"key":"Frozen Egg 2"},{"floor":26,"key":"Pear"},{"floor":29,"key":"Oddly Smooth Stone"}],"event_choices":[{"damage_healed":0,"gold_gain":0,"player_choice":"Box","damage_taken":0,"relics_obtained":["Bronze Scales"],"max_hp_gain":0,"max_hp_loss":0,"event_name":"Big Fish","floor":3,"gold_loss":0,"cards_obtained":["Regret"]},{"cards_removed":["Strike_R"],"damage_healed":0,"gold_gain":0,"player_choice":"Card Removal","damage_taken":7,"max_hp_gain":0,"max_hp_loss":0,"event_name":"Golden Wing","floor":5,"gold_loss":0},{"damage_healed":0,"gold_gain":0,"player_choice":"Obtained Relic","damage_taken":0,"relics_obtained":["Dream Catcher"],"max_hp_gain":0,"max_hp_loss":0,"event_name":"Addict","floor":28,"gold_loss":85},{"damage_healed":0,"gold_gain":0,"player_choice":"Ignored","damage_taken":0,"max_hp_gain":0,"max_hp_loss":0,"event_name":"Ghosts","floor":30,"gold_loss":0},{"damage_healed":0,"gold_gain":0,"player_choice":"Rummage","damage_taken":0,"relics_obtained":["WarpedTongs"],"max_hp_gain":0,"max_hp_loss":0,"event_name":"Accursed Blacksmith","floor":31,"gold_loss":0,"cards_obtained":["Pain"]}],"is_beta":false,"boss_relics":[{"not_picked":["Orrery","Black Blood"],"picked":"Runic Cube"}],"items_purged_floors":[4,22],"is_endless":false,"potions_floor_spawned":[1,2,12,13,14,18,21,24],"killed_by":"Automaton","ascension_level":19}