{"gold_per_floor":[110,128,128,403,422,422,441,451,478,490,490,503,513,4,4,81,81,93,104,104,9,22,22],"floor_reached":23,"playtime":1309,"items_purged":["Regret"],"score":390,"play_id":"07d485a1-b085-4193-9ecc-36ed6f570a47","local_time":"20190909193809","is_ascension_mode":true,"campfire_choices":[{"data":"Inflame","floor":6.0,"key":"SMITH"},{"floor":11.0,"key":"REST"},{"floor":15.0,"key":"REST"}],"neow_cost":"TEN_PERCENT_HP_LOSS","seed_source_timestamp":345115995943300,"circlet_count":0,"master_deck":["AscendersBane","Bash","Inflame+1","Feel No Pain","Power Through","Heavy Blade","Evolve","Wild Strike","Armaments","Havoc","Demon Form","Shockwave","Impervious","Feed","Feel No Pain","Rampage","Rampage","Hemokinesis","Flex","Sever Soul","Thunderclap","Reckless Charge","Reckless Charge","Warcry","Uppercut","Bite","Bite","Bite","Bite","Bite","True Grit","Ghostly Armor"],"special_seed":0,"relics":["Burning Blood","Mango","Boot","Bronze Scales","Membership Card","Bag of Preparation","Pandora\u0027s Box","Blood Vial"],"potions_floor_usage":[22,23,23],"damage_taken":[{"damage":7.0,"enemies":"Jaw Worm","floor":1.0,"turns":5.0},{"damage":14.0,"enemies":"Small Slimes","floor":2.0,"turns":5.0},{"damage":10.0,"enemies":"Cultist","floor":5.0,"turns":4.0},{"damage":3.0,"enemies":"Blue Slaver","floor":7.0,"turns":4.0},{"damage":16.0,"enemies":"3 Louse","floor":8.0,"turns":5.0},{"damage":36.0,"enemies":"Exordium Wildlife","floor":10.0,"turns":6.0},{"damage":13.0,"enemies":"2 Fungi Beasts","floor":12.0,"turns":4.0},{"damage":6.0,"enemies":"Looter","floor":13.0,"turns":2.0},{"damage":51.0,"enemies":"Slime Boss","floor":16.0,"turns":9.0},{"damage":31,"enemies":"Shell Parasite","floor":18,"turns":6},{"damage":17,"enemies":"2 Thieves","floor":19,"turns":3},{"damage":17,"enemies":"Cultist and Chosen","floor":22,"turns":7},{"damage":58,"enemies":"Slavers","floor":23,"turns":3}],"seed_played":"-5074247118549102302","potions_obtained":[{"floor":1.0,"key":"Regen Potion"},{"floor":5.0,"key":"Block Potion"},{"floor":10.0,"key":"Dexterity Potion"},{"floor":12.0,"key":"SteroidPotion"},{"floor":13.0,"key":"Explosive Potion"},{"floor":19,"key":"SkillPotion"},{"floor":22,"key":"Regen Potion"}],"is_trial":false,"path_per_floor":["M","M","?","?","M","R","M","M","T","M","R","M","M","$","R","B",null,"M","M","?","$","M","E"],"character_chosen":"IRONCLAD","items_purchased":["Membership Card","Demon Form","Shockwave","Impervious","Bag of Preparation","Blood Vial","True Grit"],"campfire_rested":2,"item_purchase_floors":[14,14,14,14,14,21,21],"current_hp_per_floor":[81,73,55,55,51,51,66,56,56,26,50,43,43,43,67,22,67,42,31,31,31,30,0],"gold":22,"neow_bonus":"ONE_RARE_RELIC","is_prod":false,"is_daily":false,"chose_seed":false,"campfire_upgraded":1,"win_rate":0,"timestamp":1568083089,"path_taken":["M","M","?","?","M","R","M","?","T","M","R","M","M","$","R","BOSS","M","M","?","$","M","E"],"build_version":"2019-07-17","purchased_purges":1,"victory":false,"max_hp_per_floor":[82,82,82,82,82,82,82,82,82,82,82,82,82,82,82,82,82,82,82,57,57,57,57],"card_choices":[{"not_picked":["Thunderclap","Evolve"],"picked":"Inflame","floor":1.0},{"not_picked":["Warcry","True Grit"],"picked":"Feel No Pain","floor":2.0},{"not_picked":["Entrench","Dropkick"],"picked":"Power Through","floor":5.0},{"not_picked":["Headbutt","Wild Strike"],"picked":"Heavy Blade","floor":7.0},{"not_picked":["Heavy Blade","Twin Strike"],"picked":"Evolve","floor":8.0},{"not_picked":["Corruption","Dropkick"],"picked":"Wild Strike","floor":10.0},{"not_picked":["Evolve","Bloodletting"],"picked":"Armaments","floor":12.0},{"not_picked":["Fire Breathing","Hemokinesis"],"picked":"Havoc","floor":13.0},{"not_picked":["Exhume","Double Tap"],"picked":"Feed","floor":16.0},{"not_picked":["Sword Boomerang","Heavy Blade"],"picked":"Warcry","floor":18},{"not_picked":["Fire Breathing","Flex"],"picked":"Uppercut","floor":19},{"not_picked":["Headbutt","Armaments"],"picked":"Ghostly Armor","floor":22}],"player_experience":852565,"relics_obtained":[{"floor":9.0,"key":"Bronze Scales"}],"event_choices":[{"damage_healed":0.0,"max_hp_gain":0.0,"max_hp_loss":0.0,"gold_gain":0.0,"event_name":"Scrap Ooze","player_choice":"Success","floor":3.0,"gold_loss":0.0,"damage_taken":18.0,"relics_obtained":["Boot"]},{"damage_healed":0.0,"max_hp_gain":0.0,"max_hp_loss":0.0,"gold_gain":275.0,"event_name":"Golden Shrine","player_choice":"Desecrate","floor":4.0,"gold_loss":0.0,"damage_taken":0.0,"cards_obtained":["Regret"]},{"damage_healed":0,"gold_gain":0,"player_choice":"Became a vampire","damage_taken":0,"max_hp_gain":0,"max_hp_loss":25,"event_name":"Vampires","floor":20,"gold_loss":0,"cards_obtained":["Bite","Bite","Bite","Bite","Bite"]}],"is_beta":false,"boss_relics":[{"not_picked":["Runic Dome","Black Blood"],"picked":"Pandora\u0027s Box"}],"items_purged_floors":[14],"is_endless":false,"potions_floor_spawned":[1,5,10,12,13,19,22],"killed_by":"Slavers","ascension_level":19}