{"gold_per_floor":[112,112,129,94,105,134,134,165,165,177,177,177,177,187,187,290,290,303,303,303,62,62],"floor_reached":22,"playtime":980,"items_purged":[],"score":217,"play_id":"cad5877f-9fdc-427a-b64c-8cab6637121a","local_time":"20180826005002","is_ascension_mode":false,"campfire_choices":[{"floor":7,"key":"REST"},{"floor":12,"key":"REST"},{"floor":15,"key":"REST"}],"neow_cost":"NONE","seed_source_timestamp":577402509659154,"circlet_count":0,"master_deck":["Strike_B","Strike_B","Strike_B","Strike_B","Defend_B","Defend_B","Defend_B","Defend_B","Zap","Dualcast","Fusion","Compile Driver","White Noise","Tempest","Chill","Multi-Cast","Streamline","Sweeping Beam","Electrodynamics","Reprogram","Ghostly","Ghostly","Ghostly","Ghostly","Ghostly"],"relics":["Cracked Core","Shuriken","Mercury Hourglass","Letter Opener","NlothsMask","Eternal Feather","Gremlin Horn"],"potions_floor_usage":[16,16],"damage_taken":[{"damage":1,"enemies":"Jaw Worm","floor":1,"turns":3},{"damage":1,"enemies":"Cultist","floor":3,"turns":3},{"damage":5,"enemies":"2 Louse","floor":5,"turns":2},{"damage":43,"enemies":"3 Sentries","floor":6,"turns":9},{"damage":31,"enemies":"Gremlin Nob","floor":8,"turns":5},{"damage":10,"enemies":"Lots of Slimes","floor":10,"turns":2},{"damage":5,"enemies":"2 Fungi Beasts","floor":14,"turns":3},{"damage":77,"enemies":"Hexaghost","floor":16,"turns":11},{"damage":62,"enemies":"Shell Parasite","floor":18,"turns":7},{"damage":5,"enemies":"Chosen","floor":22,"turns":3}],"seed_played":"3327627756427886980","potions_obtained":[{"floor":1,"key":"Dexterity Potion"},{"floor":5,"key":"SteroidPotion"},{"floor":14,"key":"GamblersBrew"}],"is_trial":false,"path_per_floor":["M","?","M","$","M","E","R","E","T","M","?","R","?","M","R","B",null,"M","?","?","$"],"character_chosen":"DEFECT","items_purchased":["White Noise","Gremlin Horn"],"campfire_rested":3,"item_purchase_floors":[4,21],"current_hp_per_floor":[81,81,80,80,75,32,56,25,25,15,15,39,66,61,82,5,82,20,4,4,4,0],"gold":62,"neow_bonus":"TEN_PERCENT_HP_BONUS","is_prod":false,"is_daily":false,"chose_seed":false,"campfire_upgraded":0,"win_rate":0.0,"timestamp":1535259002,"path_taken":["M","?","M","$","M","E","R","E","T","M","?","R","?","M","R","BOSS","M","?","?","$","?"],"build_version":"2018-08-23v2","purchased_purges":0,"victory":false,"max_hp_per_floor":[82,82,82,82,82,82,82,82,82,82,82,82,82,82,82,82,82,82,87,43,43,43],"card_choices":[{"not_picked":["Redo","Gash"],"picked":"Fusion","floor":1},{"not_picked":["Blizzard","Defragment"],"picked":"Compile Driver","floor":3},{"not_picked":["Leap","Cold Snap"],"picked":"Tempest","floor":5},{"not_picked":["FTL","Aggregate"],"picked":"Chill","floor":6},{"not_picked":["Rebound","Self Repair"],"picked":"Multi-Cast","floor":8},{"not_picked":["Coolheaded","Tempest"],"picked":"Streamline","floor":10},{"not_picked":["Barrage","Steam"],"picked":"Sweeping Beam","floor":14},{"not_picked":["Rainbow","All For One"],"picked":"Electrodynamics","floor":16},{"not_picked":["Darkness","Stack"],"picked":"Reprogram","floor":18}],"player_experience":188118,"relics_obtained":[{"floor":6,"key":"Shuriken"},{"floor":8,"key":"Mercury Hourglass"},{"floor":9,"key":"Letter Opener"}],"event_choices":[{"event_name":"The Woman in Blue","player_choice":"Bought 0 Potions","floor":2,"damage_taken":0},{"event_name":"FaceTrader","player_choice":"Trade","floor":11,"damage_taken":0},{"event_name":"Big Fish","player_choice":"Banana","floor":13,"damage_taken":0},{"event_name":"Forgotten Altar","player_choice":"Shed Blood","floor":19,"damage_taken":0},{"event_name":"Ghosts","player_choice":"Became a Ghost","floor":20,"damage_taken":0}],"is_beta":false,"boss_relics":[{"not_picked":["Busted Crown","Ectoplasm"],"picked":"Eternal Feather"}],"items_purged_floors":[],"is_endless":false,"potions_floor_spawned":[1,5,8,14],"killed_by":"Chosen","ascension_level":0}