{"gold_per_floor":[118,118,166,38,38,38,82,82,82,100,100,130,130,154,154,282,282,300,300,200,223,223,223,241,241,266,266,299,315,315,225,225,353,353,369,388,245,304,359,399,431,461,473,500,556,568,605,271,271,271],"floor_reached":51,"playtime":1275,"items_purged":["Injury","Parasite"],"score":746,"play_id":"08c5c9af-c725-4cbf-81f4-2184e678a209","local_time":"20180825145804","is_ascension_mode":false,"campfire_choices":[{"data":"Cleave","floor":6.0,"key":"SMITH"},{"data":"Twin Strike","floor":8.0,"key":"SMITH"},{"data":"Clash","floor":11.0,"key":"SMITH"},{"data":"Perfected Strike","floor":15.0,"key":"SMITH"},{"data":"Perfected Strike","floor":23.0,"key":"SMITH"},{"data":"Immolate","floor":25.0,"key":"SMITH"},{"data":"Flex","floor":27.0,"key":"SMITH"},{"data":"Flex","floor":32.0,"key":"SMITH"},{"floor":46.0,"key":"REST"},{"data":"Double Tap","floor":49.0,"key":"SMITH"}],"neow_cost":"CURSE","seed_source_timestamp":541362216657694,"circlet_count":0,"master_deck":["Strike_R+1","Strike_R","Strike_R","Strike_R+1","Strike_R","Defend_R","Defend_R+1","Defend_R","Bash","Cleave+1","Clash+1","Twin Strike+1","Perfected Strike+1","Flex+1","Immolate+1","Flex+1","Perfected Strike+1","Pommel Strike+1","Twin Strike","Twin Strike","Rampage+1","Clash+1","Double Tap+1","Perfected Strike+1","Perfected Strike+1","Pummel+1","Inflame+1","Heavy Blade+1","Clash"],"special_seed":0,"relics":["Burning Blood","Incense Burner","Golden Idol","Happy Flower","Omamori","Blood Vial","Odd Mushroom","Orrery","Blue Candle","Regal Pillow","Orichalcum","Velvet Choker","Whetstone","Ginger","Tiny Chest","MawBank","Potion Belt","Anchor","Centennial Puzzle"],"potions_floor_usage":[50,50,50],"damage_taken":[{"damage":6.0,"enemies":"Small Slimes","floor":1.0,"turns":4.0},{"damage":15.0,"enemies":"Gremlin Nob","floor":7.0,"turns":4.0},{"damage":2.0,"enemies":"2 Louse","floor":10.0,"turns":2.0},{"damage":1.0,"enemies":"The Mushroom Lair","floor":12.0,"turns":3.0},{"damage":6.0,"enemies":"Jaw Worm","floor":14.0,"turns":2.0},{"damage":29.0,"enemies":"Slime Boss","floor":16.0,"turns":8.0},{"damage":2.0,"enemies":"Chosen","floor":18.0,"turns":3.0},{"damage":10.0,"enemies":"Spheric Guardian","floor":21.0,"turns":3.0},{"damage":0.0,"enemies":"Snake Plant","floor":24.0,"turns":2.0},{"damage":27.0,"enemies":"Slavers","floor":28.0,"turns":3.0},{"damage":0.0,"enemies":"Sentry and Sphere","floor":29.0,"turns":2.0},{"damage":41.0,"enemies":"Collector","floor":33.0,"turns":7.0},{"damage":9.0,"enemies":"Orb Walker","floor":35.0,"turns":2.0},{"damage":0.0,"enemies":"Flame Bruiser 1 Orb","floor":36.0,"turns":2.0},{"damage":0.0,"enemies":"Mysterious Sphere","floor":38.0,"turns":3.0},{"damage":6.0,"enemies":"Nemesis","floor":40.0,"turns":5.0},{"damage":26.0,"enemies":"Maw","floor":41.0,"turns":4.0},{"damage":10.0,"enemies":"Spire Growth","floor":42.0,"turns":3.0},{"damage":15.0,"enemies":"Sphere and 2 Shapes","floor":44.0,"turns":2.0},{"damage":9.0,"enemies":"2 Orb Walkers","floor":45.0,"turns":2.0},{"damage":10.0,"enemies":"3 Darklings","floor":47.0,"turns":3.0},{"damage":43,"enemies":"Time Eater","floor":50,"turns":6}],"seed_played":"-5599532852463111918","potions_obtained":[{"floor":10.0,"key":"Weak Potion"},{"floor":14.0,"key":"GamblersBrew"},{"floor":16.0,"key":"SkillPotion"},{"floor":28.0,"key":"GamblersBrew"},{"floor":33.0,"key":"Weak Potion"},{"floor":36.0,"key":"GamblersBrew"},{"floor":40.0,"key":"Fire Potion"}],"is_trial":false,"path_per_floor":["M","?","T","$","$","R","E","R","T","M","R","?","?","M","R","B",null,"M","?","$","M","$","R","M","R","T","R","E","M","?","?","R","B",null,"M","M","$","?","T","E","M","M","T","M","E","R","M","$","R","B"],"character_chosen":"IRONCLAD","items_purchased":["Clash","Whetstone","Clash","Centennial Puzzle","FearPotion","FearPotion","SpeedPotion"],"campfire_rested":1,"item_purchase_floors":[4,37,48,48,48,48,48],"current_hp_per_floor":[80,80,80,80,80,80,71,71,71,77,77,80,64,66,66,45,80,80,80,77,73,73,73,77,77,77,77,56,64,64,64,64,31,77,74,77,77,77,77,77,57,55,55,48,47,77,73,73,73,38],"gold":271,"neow_bonus":"ONE_RARE_RELIC","is_prod":false,"is_daily":false,"chose_seed":false,"campfire_upgraded":9,"win_rate":0,"timestamp":1535223484,"path_taken":["M","?","?","?","$","R","E","R","T","?","R","?","?","M","R","BOSS","M","?","$","?","$","R","M","R","T","R","E","M","?","?","R","BOSS","M","M","$","?","?","E","?","M","T","M","E","R","M","$","R","BOSS"],"build_version":"2018-08-23v2","purchased_purges":2,"victory":true,"max_hp_per_floor":[80,80,80,80,80,80,80,80,80,80,80,80,80,80,80,80,80,80,80,77,77,77,77,77,77,77,77,77,77,77,77,77,77,77,77,77,77,77,77,77,77,77,77,77,77,77,77,77,77,77],"card_choices":[{"not_picked":["Fire Breathing","Headbutt"],"picked":"Cleave","floor":1.0},{"not_picked":["Ghostly Armor","Cleave"],"picked":"Twin Strike","floor":7.0},{"not_picked":["Corruption","Armaments","Uppercut"],"picked":"SKIP","floor":10.0},{"not_picked":["Warcry","Heavy Blade"],"picked":"Perfected Strike","floor":12.0},{"not_picked":["Warcry","Heavy Blade"],"picked":"Flex","floor":14.0},{"not_picked":["Reaper","Limit Break"],"picked":"Immolate","floor":16.0},{"not_picked":["Warcry","Whirlwind"],"picked":"Flex","floor":17.0},{"not_picked":["Heavy Blade","Anger"],"picked":"Perfected Strike","floor":17.0},{"not_picked":["Corruption","Shockwave"],"picked":"Pommel Strike","floor":17.0},{"not_picked":["Body Slam","Dark Embrace"],"picked":"Twin Strike","floor":17.0},{"not_picked":["Reckless Charge","Sentinel"],"picked":"Twin Strike","floor":17.0},{"not_picked":["Ghostly Armor","Wild Strike"],"picked":"Rampage+1","floor":18.0},{"not_picked":["Twin Strike","Wild Strike","Pommel Strike"],"picked":"SKIP","floor":21.0},{"not_picked":["Body Slam","Armaments+1"],"picked":"Clash+1","floor":24.0},{"not_picked":["Reckless Charge","Rage+1"],"picked":"True Grit","floor":28.0},{"not_picked":["Impervious","Armaments","Wild Strike"],"picked":"SKIP","floor":29.0},{"not_picked":["Impervious","Barricade"],"picked":"Double Tap","floor":33.0},{"not_picked":["Armaments+1","Clothesline+1"],"picked":"Perfected Strike","floor":35.0},{"not_picked":["Infernal Blade","Corruption+1","True Grit"],"picked":"SKIP","floor":36.0},{"not_picked":["Carnage","Anger"],"picked":"Perfected Strike+1","floor":40.0},{"not_picked":["Cleave+1","Disarm"],"picked":"Pummel+1","floor":41.0},{"not_picked":["Clash","Perfected Strike"],"picked":"Inflame+1","floor":42.0},{"not_picked":["Wild Strike","Combust+1","Fiend Fire"],"picked":"SKIP","floor":44.0},{"not_picked":["Headbutt","Sword Boomerang+1"],"picked":"Heavy Blade+1","floor":45.0},{"not_picked":["Thunderclap","Iron Wave+1","Reckless Charge"],"picked":"SKIP","floor":47.0}],"player_experience":184650,"relics_obtained":[{"floor":3.0,"key":"Happy Flower"},{"floor":7.0,"key":"Omamori"},{"floor":9.0,"key":"Blood Vial"},{"floor":12.0,"key":"Odd Mushroom"},{"floor":26.0,"key":"Regal Pillow"},{"floor":28.0,"key":"Orichalcum"},{"floor":38.0,"key":"Ginger"},{"floor":39.0,"key":"Tiny Chest"},{"floor":40.0,"key":"MawBank"},{"floor":43.0,"key":"Potion Belt"},{"floor":45.0,"key":"Anchor"}],"event_choices":[{"event_name":"Golden Idol","player_choice":"Take Wound","floor":2.0,"damage_taken":0.0},{"event_name":"Mushrooms","player_choice":"Fought Mushrooms","floor":12.0,"damage_taken":0.0},{"event_name":"Shining Light","player_choice":"Entered Light","floor":13.0,"damage_taken":0.0},{"event_name":"The Mausoleum","player_choice":"Yes","floor":19.0,"damage_taken":0.0},{"event_name":"Back to Basics","player_choice":"Elegance","floor":30.0,"damage_taken":0.0},{"event_name":"Designer","player_choice":"Full Service","floor":31.0,"damage_taken":0.0},{"event_name":"Mysterious Sphere","player_choice":"Fight","floor":38.0,"damage_taken":0.0}],"is_beta":false,"boss_relics":[{"not_picked":["Lizard Tail","Coffee Dripper"],"picked":"Orrery"},{"not_picked":["Astrolabe","Black Star"],"picked":"Velvet Choker"}],"items_purged_floors":[4,20],"is_endless":false,"potions_floor_spawned":[10,14,16,28,29,33,36,40,42],"ascension_level":0}