{"gold_per_floor":[116,66,76,90,110,110,144,155,155,155,191,15,30,44,44,44],"floor_reached":16,"playtime":1339,"items_purged":[],"score":154,"play_id":"784e88eb-f8c7-4f58-b21b-d0a3eb89b852","local_time":"20190608164227","is_ascension_mode":true,"campfire_choices":[{"data":"Leg Sweep","floor":6,"key":"SMITH"},{"floor":15,"key":"REST"}],"neow_cost":"NONE","seed_source_timestamp":2174631322234,"circlet_count":0,"master_deck":["Defend_G","Defend_G","Defend_G","Defend_G","Strike_G","Strike_G","Strike_G","Strike_G","Strike_G","Survivor","Neutralize","Leg Sweep+1","Backstab","Backflip","Heel Hook","Quick Slash","Backstab","Injury","Flying Knee+1","Prepared","Dodge and Roll"],"special_seed":0,"relics":["Lizard Tail","Oddly Smooth Stone","Molten Egg 2","Golden Idol","PreservedInsect","Happy Flower"],"potions_floor_usage":[5,5,16],"damage_taken":[{"damage":0.0,"enemies":"Cultist","floor":1.0,"turns":5.0},{"damage":0.0,"enemies":"Small Slimes","floor":3.0,"turns":5.0},{"damage":0.0,"enemies":"Jaw Worm","floor":4.0,"turns":6.0},{"damage":6,"enemies":"Exordium Wildlife","floor":5,"turns":7},{"damage":30,"enemies":"3 Sentries","floor":7,"turns":15},{"damage":0,"enemies":"Gremlin Gang","floor":8,"turns":10},{"damage":23,"enemies":"Lagavulin","floor":11,"turns":10},{"damage":0,"enemies":"2 Fungi Beasts","floor":13,"turns":2},{"damage":2,"enemies":"Looter","floor":14,"turns":3},{"damage":62,"enemies":"Hexaghost","floor":16,"turns":21}],"seed_played":"2800222063846851531","potions_obtained":[{"floor":3.0,"key":"LiquidBronze"},{"floor":4.0,"key":"Block Potion"},{"floor":8,"key":"SneckoOil"},{"floor":11,"key":"EssenceOfSteel"}],"is_trial":false,"path_per_floor":["M","?","M","M","M","R","E","M","T","?","E","$","M","M","R","B"],"character_chosen":"THE_SILENT","items_purchased":["Prepared","Happy Flower"],"campfire_rested":1,"item_purchase_floors":[12,12],"current_hp_per_floor":[63,63,63,63,57,57,27,27,27,27,4,4,4,2,23,0],"gold":44,"neow_bonus":"BOSS_RELIC","is_prod":false,"is_daily":false,"chose_seed":false,"campfire_upgraded":1,"win_rate":0,"timestamp":1560026547,"path_taken":["M","?","M","M","M","R","E","M","T","?","E","$","?","M","R","BOSS"],"build_version":"2019-01-23","purchased_purges":0,"victory":false,"max_hp_per_floor":[70,70,70,70,70,70,70,70,70,70,70,70,70,70,70,70],"card_choices":[{"not_picked":["Bane","Quick Slash"],"picked":"Leg Sweep","floor":1.0},{"not_picked":["Endless Agony","Deadly Poison"],"picked":"Backstab","floor":3.0},{"not_picked":["Dagger Throw","A Thousand Cuts"],"picked":"Backflip","floor":4.0},{"not_picked":["Prepared","Acrobatics"],"picked":"Heel Hook","floor":5},{"not_picked":["Accuracy","Acrobatics"],"picked":"Quick Slash","floor":7},{"not_picked":["Noxious Fumes","Deflect"],"picked":"Backstab","floor":8},{"not_picked":["Cloak And Dagger","Expertise"],"picked":"Flying Knee+1","floor":11},{"not_picked":["Concentrate","Escape Plan"],"picked":"Dodge and Roll","floor":13},{"not_picked":["Well Laid Plans","Malaise","Dodge and Roll"],"picked":"SKIP","floor":14}],"player_experience":328267,"relics_obtained":[{"floor":7,"key":"Oddly Smooth Stone"},{"floor":9,"key":"Molten Egg 2"},{"floor":11,"key":"PreservedInsect"}],"event_choices":[{"cards_removed":["Defend_G"],"damage_healed":0.0,"max_hp_gain":0.0,"max_hp_loss":0.0,"gold_gain":0.0,"event_name":"The Cleric","player_choice":"Card Removal","floor":2.0,"gold_loss":50.0,"damage_taken":0.0},{"damage_healed":0,"gold_gain":0,"player_choice":"Take Wound","damage_taken":0,"relics_obtained":["Golden Idol"],"max_hp_gain":0,"max_hp_loss":0,"event_name":"Golden Idol","floor":10,"gold_loss":0,"cards_obtained":["Injury"]}],"is_beta":false,"boss_relics":[],"items_purged_floors":[],"is_endless":false,"potions_floor_spawned":[3,4,8,11],"killed_by":"Hexaghost","ascension_level":7}