{"path_per_floor":["M","$","M","?","M","$","?","R","T","M","R","M","R","M","R","B",null,"M","?","?","?","M","E","R","M","T","R","M","R","M","M","R"],"character_chosen":"IRONCLAD","items_purchased":[],"gold_per_floor":[113,38,58,58,68,68,18,18,18,34,34,46,46,56,56,151,151,167,167,167,167,186,219,219,229,229,229,249,249,266,282,282],"floor_reached":33,"campfire_rested":0,"playtime":5100,"current_hp_per_floor":[70,70,72,69,74,74,74,74,74,76,76,78,78,80,80,53,80,80,80,80,65,62,40,40,47,47,47,53,53,59,74,74],"items_purged":["Strike_R"],"gold":282,"play_id":"b8b2b28e-2ba6-442f-8a8d-88bcd1a4eddf","is_prod":false,"is_daily":false,"is_ascension_mode":false,"campfire_upgraded":8,"path_taken":["M","$","?","?","?","$","?","R","T","M","R","M","R","M","R","BOSS","M","?","?","?","?","E","R","M","T","R","M","R","M","M","R","BOSS"],"build_version":"2018-02-01-PROD3","purchased_purges":1,"victory":false,"master_deck":["Strike_R","Strike_R","Strike_R+1","Defend_R","Defend_R","Defend_R","Defend_R","Bash+1","Offering+1","Anger+1","Battle Trance+1","Iron Wave+1","Anger+1","Berserk+1","Anger+1","Battle Trance+1","Havoc+1","True Grit+1","Warcry+1","Uppercut+1"],"max_hp_per_floor":[80,80,80,80,80,80,80,80,80,80,80,80,80,80,80,80,80,80,80,80,85,85,85,85,85,85,85,85,85,85,85,85],"relics":["Black Blood","Mercury Hourglass","Anchor","Kunai","Meat on the Bone","Frozen Eye"],"card_choices":[{"not_picked":["Spot Weakness","Perfected Strike"],"picked":"Anger"},{"not_picked":["Headbutt","Fire Breathing"],"picked":"Battle Trance"},{"not_picked":["Combust","Warcry"],"picked":"Iron Wave"},{"not_picked":["Corruption","Feel No Pain"],"picked":"Anger"},{"not_picked":["Feed","Limit Break"],"picked":"Berserk"},{"not_picked":["Sword Boomerang","Body Slam"],"picked":"Anger"},{"not_picked":["Wild Strike","Armaments"],"picked":"Battle Trance"},{"not_picked":["Clash","Body Slam"],"picked":"Havoc"},{"not_picked":["Armaments","Fire Breathing"],"picked":"True Grit"},{"not_picked":["Hemokinesis","Bludgeon"],"picked":"Warcry"},{"not_picked":["Warcry","Clothesline"],"picked":"Uppercut"}],"player_experience":183828,"potions_floor_usage":[16,25,28,31,31,33],"damage_taken":[{"damage":16,"enemies":"Blue Slaver","floor":1,"turns":5},{"damage":4,"enemies":"2 Louse","floor":3,"turns":4},{"damage":1,"enemies":"Jaw Worm","floor":5,"turns":4},{"damage":4,"enemies":"Lots of Slimes","floor":10,"turns":3},{"damage":4,"enemies":"Gremlin Gang","floor":12,"turns":3},{"damage":4,"enemies":"3 Louse","floor":14,"turns":2},{"damage":33,"enemies":"Hexaghost","floor":16,"turns":8},{"damage":4,"enemies":"2 Thieves","floor":18,"turns":4},{"damage":13,"enemies":"Spheric Guardian","floor":22,"turns":4},{"damage":32,"enemies":"Slavers","floor":23,"turns":7},{"damage":15,"enemies":"Centurion and Healer","floor":25,"turns":4},{"damage":4,"enemies":"Snecko","floor":28,"turns":4},{"damage":4,"enemies":"Snake Plant","floor":30,"turns":4},{"damage":4,"enemies":"3 Cultists","floor":31,"turns":4},{"damage":96,"enemies":"Champ","floor":33,"turns":13}],"event_choices":[{"event_name":"Scrap Ooze","player_choice":"success","floor":4,"damage_taken":3},{"event_name":"The Cleric","player_choice":"Card Removal","floor":7,"damage_taken":0},{"event_name":"Accursed Blacksmith","player_choice":"Forge","floor":19,"damage_taken":0},{"event_name":"The Mausoleum","player_choice":"Yes","floor":20,"damage_taken":0},{"event_name":"Forgotten Altar","player_choice":"Shed Blood","floor":21,"damage_taken":0}],"boss_relics":[{"not_picked":["Tiny House","Astrolabe"],"picked":"Black Blood"}],"potions_floor_spawned":[1,23,25,28,30,31],"seed_played":"1243316362993617069","killed_by":"Champ","ascension_level":0,"is_trial":false}