{"gold_per_floor":[115,133,208,383,402,402,422,422,422,452,471,506,517,528,528,632,632,644,662,180,180,95,95,121,71,71,88,88,88,113,127,127,127],"floor_reached":33,"playtime":3427,"items_purged":["Doubt","Defend_B"],"score":396,"play_id":"0c867ac9-9146-4b64-8504-518da1f67847","local_time":"20180715180629","is_ascension_mode":true,"campfire_choices":[{"data":"Zap","floor":6,"key":"SMITH"},{"floor":8,"key":"REST"},{"floor":15,"key":"REST"},{"data":"Seek","floor":23,"key":"SMITH"},{"data":"Aggregate","floor":29,"key":"SMITH"},{"floor":32,"key":"REST"}],"neow_cost":"NONE","seed_source_timestamp":235653595657276,"circlet_count":0,"master_deck":["Strike_B","Strike_B+1","Strike_B","Strike_B","Defend_B","Defend_B","Zap+1","Dualcast","BootSequence+1","Glacier","Aggregate+1","Redo","Conserve Battery","Seek+1","Sweeping Beam","Ball Lightning","Echo Form","Go for the Eyes+1","Darkness+1","Ghostly","Ghostly","Ghostly+1","Ghostly","Ghostly","Go for the Eyes+1","Stack","Loop","Biased Cognition"],"special_seed":17727,"relics":["Cracked Core","Happy Flower","Shuriken","Smiling Mask","Sundial","Velvet Choker","Thread and Needle","Art of War","Ancient Tea Set","Bottled Lightning","Whetstone","War Paint"],"potions_floor_usage":[7,13,16,16,24,24,24,24,24,27,33],"damage_taken":[{"damage":7,"enemies":"Small Slimes","floor":1,"turns":3},{"damage":0,"enemies":"Jaw Worm","floor":2,"turns":3},{"damage":0,"enemies":"2 Louse","floor":5,"turns":4},{"damage":0,"enemies":"Large Slime","floor":7,"turns":7},{"damage":0,"enemies":"2 Fungi Beasts","floor":11,"turns":3},{"damage":52,"enemies":"Gremlin Nob","floor":12,"turns":6},{"damage":2,"enemies":"Gremlin Gang","floor":13,"turns":5},{"damage":6,"enemies":"Exordium Thugs","floor":14,"turns":6},{"damage":19,"enemies":"Hexaghost","floor":16,"turns":11},{"damage":7,"enemies":"Shell Parasite","floor":18,"turns":5},{"damage":0,"enemies":"Chosen","floor":19,"turns":4},{"damage":0,"enemies":"Slavers","floor":24,"turns":6},{"damage":8,"enemies":"Snecko","floor":27,"turns":4},{"damage":0,"enemies":"Gremlin Leader","floor":30,"turns":7},{"damage":1,"enemies":"3 Cultists","floor":31,"turns":5},{"damage":37,"enemies":"Collector","floor":33,"turns":12}],"seed_played":"-3267651053854438972","potions_obtained":[{"floor":1,"key":"Swift Potion"},{"floor":12,"key":"Fire Potion"},{"floor":13,"key":"FocusPotion"},{"floor":14,"key":"FearPotion"},{"floor":16,"key":"EntropicBrew"},{"floor":18,"key":"LiquidBronze"},{"floor":19,"key":"FocusPotion"},{"floor":24,"key":"Ancient Potion"}],"is_trial":false,"path_per_floor":["M","M","?","?","M","R","M","R","T","?","M","E","M","M","R","B",null,"M","M","$","?","?","R","E","$","T","M","?","R","E","M","R"],"character_chosen":"DEFECT","items_purchased":["Thread and Needle","Art of War"],"campfire_rested":3,"item_purchase_floors":[20,20],"current_hp_per_floor":[68,68,57,57,57,57,57,75,75,75,75,23,21,15,37,18,75,68,68,68,37,37,37,37,37,37,29,29,29,29,28,37,0],"gold":127,"neow_bonus":"RANDOM_COMMON_RELIC","is_prod":false,"is_daily":false,"chose_seed":false,"campfire_upgraded":3,"win_rate":0,"timestamp":1531649189,"path_taken":["M","M","?","?","M","R","M","R","T","?","M","E","M","M","R","BOSS","M","?","$","?","?","R","E","?","T","?","?","R","E","M","R","BOSS"],"build_version":"2018-07-12","purchased_purges":2,"victory":false,"max_hp_per_floor":[75,75,75,75,75,75,75,75,75,75,75,75,75,75,75,75,75,75,75,75,37,37,37,37,37,37,37,37,37,37,37,37,37],"card_choices":[{"not_picked":["Scrape","Cold Snap"],"picked":"BootSequence","floor":1},{"not_picked":["Static Discharge","Conserve Battery"],"picked":"Glacier","floor":2},{"not_picked":["Sweeping Beam","Scrape"],"picked":"Aggregate","floor":5},{"not_picked":["Ball Lightning","Leap"],"picked":"Redo","floor":7},{"not_picked":["Steam","Go for the Eyes"],"picked":"Conserve Battery","floor":11},{"not_picked":["Static Discharge","Rebound"],"picked":"Seek","floor":12},{"not_picked":["Rebound","Auto Shields"],"picked":"Sweeping Beam","floor":13},{"not_picked":["Recycle","Beam Cell"],"picked":"Ball Lightning","floor":14},{"not_picked":["Fission","Biased Cognition"],"picked":"Echo Form","floor":16},{"not_picked":["Reprogram","Steam"],"picked":"Go for the Eyes+1","floor":18},{"not_picked":["BootSequence","Redo"],"picked":"Darkness+1","floor":19},{"not_picked":["Rebound","Compile Driver"],"picked":"Go for the Eyes","floor":24},{"not_picked":["Rip and Tear+1","Sweeping Beam"],"picked":"Stack","floor":27},{"not_picked":["Sweeping Beam","Hologram"],"picked":"Loop","floor":30},{"not_picked":["Cold Snap","Reprogram"],"picked":"Biased Cognition","floor":31}],"player_experience":697733,"relics_obtained":[{"floor":9,"key":"Shuriken"},{"floor":12,"key":"Sundial"},{"floor":24,"key":"Bottled Lightning"},{"floor":26,"key":"Whetstone"},{"floor":30,"key":"War Paint"}],"event_choices":[{"event_name":"World of Goop","player_choice":"Gather Gold","floor":3,"damage_taken":0},{"event_name":"Liars Game","player_choice":"agreed","floor":4,"damage_taken":0},{"event_name":"Dead Adventurer","player_choice":"Searched \u00273\u0027 times","floor":10,"damage_taken":0},{"event_name":"Ghosts","player_choice":"Became a Ghost","floor":21,"damage_taken":0},{"event_name":"Addict","player_choice":"Obtained Relic","floor":22,"damage_taken":0},{"event_name":"Bonfire Elementals","player_choice":"BASIC","floor":28,"damage_taken":0}],"boss_relics":[{"not_picked":["Orrery","Runic Pyramid"],"picked":"Velvet Choker"}],"items_purged_floors":[20,25],"is_endless":false,"potions_floor_spawned":[1,12,13,14,16,18,19,24],"killed_by":"Collector","ascension_level":2}