{"gold_per_floor":[110,285,360,360,375,402,420,420,420,440,459,459,489,504,504,607,607,607,607,37,37,0,0,0],"floor_reached":24,"playtime":1095,"items_purged":[],"score":206,"play_id":"21c299fb-0259-41e4-ab25-5fc7ad7dbe87","local_time":"20190419004007","is_ascension_mode":false,"campfire_choices":[{"floor":8.0,"key":"REST"},{"floor":12.0,"key":"REST"},{"floor":15.0,"key":"REST"},{"data":"Whirlwind","floor":23.0,"key":"SMITH"}],"neow_cost":"NONE","seed_source_timestamp":8378001435442193,"circlet_count":0,"master_deck":["Strike_R","Strike_R","Strike_R","Strike_R","Strike_R","Defend_R","Defend_R","Defend_R","Defend_R","Bash","Barricade","Rage","Doubt","Flex","Armaments","Inflame","Shrug It Off","Thunderclap","Inflame","Limit Break","Bludgeon","Whirlwind+1","Thinking Ahead","Metallicize","Battle Trance","Uppercut"],"special_seed":0,"relics":["Burning Blood","Paper Frog","Bottled Lightning","Mercury Hourglass","Ectoplasm","Matryoshka"],"potions_floor_usage":[],"damage_taken":[{"damage":3.0,"enemies":"Small Slimes","floor":1.0,"turns":3.0},{"damage":5.0,"enemies":"2 Louse","floor":5.0,"turns":4.0},{"damage":51.0,"enemies":"Gremlin Nob","floor":6.0,"turns":6.0},{"damage":12.0,"enemies":"Jaw Worm","floor":7.0,"turns":4.0},{"damage":10.0,"enemies":"Large Slime","floor":10.0,"turns":8.0},{"damage":5.0,"enemies":"Blue Slaver","floor":11.0,"turns":3.0},{"damage":36.0,"enemies":"3 Sentries","floor":13.0,"turns":11.0},{"damage":6.0,"enemies":"Exordium Wildlife","floor":14.0,"turns":3.0},{"damage":65.0,"enemies":"The Guardian","floor":16.0,"turns":11.0},{"damage":6.0,"enemies":"Shell Parasite","floor":18.0,"turns":4.0},{"damage":27.0,"enemies":"2 Thieves","floor":22.0,"turns":3.0},{"damage":68,"enemies":"Gremlin Leader","floor":24,"turns":5}],"seed_played":"-3584822523153643592","potions_obtained":[{"floor":1.0,"key":"Poison Potion"},{"floor":10.0,"key":"FearPotion"},{"floor":13.0,"key":"BloodPotion"},{"floor":16.0,"key":"BloodPotion"},{"floor":18.0,"key":"Energy Potion"}],"is_trial":false,"path_per_floor":["M","?","?","?","M","E","M","R","T","M","M","R","E","M","R","B",null,"M","?","$","?","M","R","E"],"character_chosen":"IRONCLAD","items_purchased":["Matryoshka","Thinking Ahead","Metallicize","Battle Trance"],"campfire_rested":3,"item_purchase_floors":[20,20,20,20],"current_hp_per_floor":[80,80,69,80,80,35,29,53,53,49,50,74,44,52,76,17,80,80,80,80,80,59,59,0],"gold":0,"neow_bonus":"ONE_RANDOM_RARE_CARD","is_prod":false,"is_daily":false,"chose_seed":false,"campfire_upgraded":1,"win_rate":0,"timestamp":1555648807,"path_taken":["M","?","?","?","M","E","M","R","T","M","M","R","E","M","R","BOSS","M","?","$","?","M","R","E"],"build_version":"2019-01-23","purchased_purges":0,"victory":false,"max_hp_per_floor":[80,80,80,80,80,80,80,80,80,80,80,80,80,80,80,80,80,80,80,80,80,80,80,80],"card_choices":[{"not_picked":["Clothesline","Pommel Strike"],"picked":"Rage","floor":1.0},{"not_picked":["Armaments","Second Wind"],"picked":"Flex","floor":5.0},{"not_picked":["Sword Boomerang","Berserk"],"picked":"Armaments","floor":6.0},{"not_picked":["True Grit","Clash"],"picked":"Inflame","floor":7.0},{"not_picked":["Burning Pact","Dropkick"],"picked":"Shrug It Off","floor":10.0},{"not_picked":["Clash","Power Through"],"picked":"Thunderclap","floor":11.0},{"not_picked":["Hemokinesis","Armaments"],"picked":"Inflame","floor":13.0},{"not_picked":["True Grit","Armaments"],"picked":"Limit Break","floor":14.0},{"not_picked":["Feed","Reaper"],"picked":"Bludgeon","floor":16.0},{"not_picked":["Pommel Strike+1","Rampage+1"],"picked":"Whirlwind","floor":18.0},{"not_picked":["True Grit","Havoc"],"picked":"Uppercut","floor":22.0}],"player_experience":216336,"relics_obtained":[{"floor":6.0,"key":"Paper Frog"},{"floor":9.0,"key":"Bottled Lightning"},{"floor":13.0,"key":"Mercury Hourglass"}],"event_choices":[{"damage_healed":0.0,"max_hp_gain":0.0,"max_hp_loss":0.0,"gold_gain":175.0,"event_name":"Liars Game","player_choice":"AGREE","floor":2.0,"gold_loss":0.0,"damage_taken":0.0,"cards_obtained":["Doubt"]},{"damage_healed":0.0,"max_hp_gain":0.0,"max_hp_loss":0.0,"gold_gain":75.0,"event_name":"World of Goop","player_choice":"Gather Gold","floor":3.0,"gold_loss":0.0,"damage_taken":11.0},{"damage_healed":26.0,"max_hp_gain":0.0,"max_hp_loss":0.0,"gold_gain":0.0,"event_name":"Big Fish","player_choice":"Banana","floor":4.0,"gold_loss":0.0,"damage_taken":0.0},{"damage_healed":0.0,"max_hp_gain":0.0,"max_hp_loss":0.0,"gold_gain":0.0,"event_name":"Vampires","player_choice":"Ignored","floor":19.0,"gold_loss":0.0,"damage_taken":0.0}],"is_beta":false,"boss_relics":[{"not_picked":["Astrolabe","Snecko Eye"],"picked":"Ectoplasm"}],"items_purged_floors":[],"is_endless":false,"potions_floor_spawned":[1,10,13,16,18],"killed_by":"Gremlin Leader","ascension_level":0}