{"gold_per_floor":[114,114,128,148,42,75,75,94,120,17,17,45,78,96,96,201,201,221,43,60,15,26,26,36,67,112,112,145,145,145,157,157,157],"floor_reached":33,"playtime":2031,"items_purged":[],"score":370,"play_id":"d8830ef9-6ed3-4795-8c48-8cc2530f3545","local_time":"20180728133148","is_ascension_mode":false,"campfire_choices":[{"floor":7,"key":"REST"},{"data":"Dagger Spray","floor":11,"key":"SMITH"},{"floor":15,"key":"REST"},{"floor":23,"key":"REST"},{"floor":29,"key":"REST"},{"floor":32,"key":"REST"}],"neow_cost":"NONE","seed_source_timestamp":238094300498943,"circlet_count":0,"master_deck":["Defend_G+1","Defend_G+1","Defend_G+1","Defend_G+1","Defend_G+1","Strike_G+1","Strike_G+1","Strike_G+1","Strike_G+1","Strike_G+1","Survivor","Neutralize","Flying Knee","Slice","Dagger Spray+1","Backstab","Backflip","Infinite Blades","Prepared","Flying Knee","Infinite Blades","Slice","Underhanded Strike","Flying Knee","Adrenaline","Bane+1","Dagger Spray","Slice","Trip","Sucker Punch","Poisoned Stab","Backflip","Noxious Fumes","Bane+1","Flying Knee+1"],"relics":["Ring of the Snake","Pen Nib","Juzu Bracelet","Odd Mushroom","Lantern","Runic Pyramid","Du-Vu Doll","Potion Belt","Gremlin Horn"],"potions_floor_usage":[13,13,13,16,22,28,28,28,28,28,28,28,28],"damage_taken":[{"damage":0,"enemies":"Jaw Worm","floor":1,"turns":5},{"damage":3,"enemies":"Small Slimes","floor":3,"turns":3},{"damage":0,"enemies":"Cultist","floor":4,"turns":3},{"damage":37,"enemies":"Gremlin Nob","floor":6,"turns":5},{"damage":9,"enemies":"Red Slaver","floor":8,"turns":6},{"damage":8,"floor":12,"turns":3},{"damage":0,"enemies":"3 Sentries","floor":13,"turns":4},{"damage":2,"enemies":"Looter","floor":14,"turns":2},{"damage":13,"enemies":"Slime Boss","floor":16,"turns":9},{"damage":12,"enemies":"2 Thieves","floor":18,"turns":4},{"damage":10,"enemies":"Spheric Guardian","floor":20,"turns":3},{"damage":21,"enemies":"Snecko","floor":22,"turns":5},{"damage":12,"enemies":"Cultist and Chosen","floor":24,"turns":5},{"damage":20,"enemies":"Slavers","floor":25,"turns":5},{"damage":17,"enemies":"Gremlin Leader","floor":28,"turns":4},{"damage":31,"enemies":"Centurion and Healer","floor":31,"turns":4},{"damage":34,"enemies":"Automaton","floor":33,"turns":5}],"seed_played":"1221412825130478017","potions_obtained":[{"floor":1,"key":"GamblersBrew"},{"floor":6,"key":"LiquidBronze"},{"floor":12,"key":"Dexterity Potion"},{"floor":14,"key":"Fruit Juice"},{"floor":18,"key":"PowerPotion"},{"floor":22,"key":"EntropicBrew"},{"floor":24,"key":"Block Potion"},{"floor":25,"key":"Dexterity Potion"}],"is_trial":false,"path_per_floor":["M","?","M","M","$","E","R","M","T","$","R","?","E","M","R","B",null,"M","$","M","$","M","R","M","E","T","?","E","R","?","M","R"],"character_chosen":"THE_SILENT","items_purchased":["Backstab","Backflip","Flying Knee","Infinite Blades","Dagger Spray","Slice","Trip","Poisoned Stab"],"campfire_rested":5,"item_purchase_floors":[5,5,10,10,19,19,19,21],"current_hp_per_floor":[77,77,74,74,74,37,60,51,51,51,51,43,43,41,64,56,82,70,70,60,60,39,63,51,31,31,31,14,38,38,7,31,0],"gold":157,"neow_bonus":"TEN_PERCENT_HP_BONUS","is_prod":false,"is_daily":false,"chose_seed":false,"campfire_upgraded":1,"win_rate":0.0,"timestamp":1532799108,"path_taken":["M","?","M","M","?","E","R","?","T","$","R","?","E","M","R","BOSS","M","?","M","$","M","R","M","E","T","?","E","R","?","M","R","BOSS"],"build_version":"2018-07-26","purchased_purges":0,"victory":false,"max_hp_per_floor":[77,77,77,77,77,77,77,77,77,77,77,77,77,77,77,82,82,82,82,82,82,82,82,82,82,82,82,82,82,82,82,82,82],"card_choices":[{"not_picked":["All Out Attack","Deadly Poison"],"picked":"Flying Knee","floor":1},{"not_picked":["Bane","Quick Slash"],"picked":"Slice","floor":3},{"not_picked":["Sucker Punch","Dagger Throw"],"picked":"Dagger Spray","floor":4},{"not_picked":["Quick Slash","Night Terror"],"picked":"Infinite Blades","floor":6},{"not_picked":["Sucker Punch","Dodge and Roll"],"picked":"Prepared","floor":8},{"not_picked":["Heel Hook","Dash"],"picked":"Slice","floor":12},{"not_picked":["Catalyst","Night Terror"],"picked":"Underhanded Strike","floor":13},{"not_picked":["PiercingWail","Dash"],"picked":"Flying Knee","floor":14},{"not_picked":["Night Terror","Burst"],"picked":"Adrenaline","floor":16},{"not_picked":["Poisoned Stab","Deflect"],"picked":"Bane+1","floor":18},{"not_picked":["Dodge and Roll","Footwork"],"picked":"Sucker Punch","floor":20},{"not_picked":["Well Laid Plans","PiercingWail"],"picked":"Backflip","floor":22},{"not_picked":["Dodge and Roll","Calculated Gamble","Escape Plan"],"picked":"SKIP","floor":24},{"not_picked":["Doppelganger","Backflip"],"picked":"Noxious Fumes","floor":25},{"not_picked":["Dagger Throw+1","Bullet Time"],"picked":"Flying Knee+1","floor":28},{"not_picked":["Underhanded Strike+1","PiercingWail","Dodge and Roll"],"picked":"SKIP","floor":31}],"player_experience":44020,"relics_obtained":[{"floor":6,"key":"Pen Nib"},{"floor":9,"key":"Juzu Bracelet"},{"floor":12,"key":"Odd Mushroom"},{"floor":13,"key":"Lantern"},{"floor":25,"key":"Du-Vu Doll"},{"floor":26,"key":"Potion Belt"},{"floor":28,"key":"Gremlin Horn"}],"event_choices":[{"event_name":"Liars Game","player_choice":"disagreed","floor":2,"damage_taken":0},{"event_name":"Mushrooms","player_choice":"Fought Mushrooms","floor":12,"damage_taken":0},{"event_name":"Duplicator","player_choice":"One dupe","floor":27,"damage_taken":0},{"event_name":"Back to Basics","player_choice":"Simplicity","floor":30,"damage_taken":0}],"is_beta":false,"boss_relics":[{"not_picked":["Tiny House","Sozu"],"picked":"Runic Pyramid"}],"items_purged_floors":[],"is_endless":false,"potions_floor_spawned":[1,6,12,14,18,22,24,25],"killed_by":"Automaton","ascension_level":0}