{"gold_per_floor":[112,62,74,74,92,92,131,143,202,214,239,94,108,133,133,258,258,272,272,272,285,303,334,196,196],"floor_reached":25,"playtime":1549,"items_purged":[],"score":223,"play_id":"1d905a5a-3ab4-42ef-bf9b-9dcafe8fb1ee","local_time":"20180721183314","is_ascension_mode":false,"campfire_choices":[{"data":"Twin Strike","floor":6,"key":"SMITH"},{"data":"Flex","floor":15,"key":"SMITH"}],"neow_cost":"NONE","seed_source_timestamp":683212767888704,"circlet_count":0,"master_deck":["Strike_R","Strike_R","Strike_R","Strike_R","Defend_R","Defend_R","Defend_R","Defend_R","Bash","Twin Strike+1","Clash","Clash","Twin Strike","Flex+1","Demon Form","Shrug It Off+1","Rage+1","Seeing Red","Inflame","Madness","Dropkick"],"relics":["Black Blood","Lantern","Bloody Idol","MawBank","Anchor","Happy Flower","Ornamental Fan"],"potions_floor_usage":[7,14,16,23],"damage_taken":[{"damage":1,"enemies":"Cultist","floor":1,"turns":3},{"damage":1,"enemies":"Jaw Worm","floor":3,"turns":4},{"damage":2,"enemies":"2 Louse","floor":5,"turns":3},{"damage":11,"enemies":"Gremlin Nob","floor":7,"turns":3},{"damage":8,"enemies":"Exordium Wildlife","floor":11,"turns":5},{"damage":0,"enemies":"Looter","floor":13,"turns":2},{"damage":0,"enemies":"Exordium Thugs","floor":14,"turns":2},{"damage":54,"enemies":"Hexaghost","floor":16,"turns":9},{"damage":10,"enemies":"2 Thieves","floor":18,"turns":4},{"damage":0,"enemies":"Chosen","floor":21,"turns":3},{"damage":8,"enemies":"Snake Plant","floor":22,"turns":4},{"damage":77,"enemies":"Slavers","floor":23,"turns":9},{"damage":35,"enemies":"Centurion and Healer","floor":25,"turns":8}],"seed_played":"-1253922780506547303","potions_obtained":[{"floor":3,"key":"Poison Potion"},{"floor":7,"key":"Regen Potion"},{"floor":13,"key":"Ancient Potion"},{"floor":21,"key":"BloodPotion"},{"floor":23,"key":"LiquidBronze"}],"is_trial":false,"path_per_floor":["M","?","M","?","M","R","E","?","T","$","M","$","M","M","R","B",null,"M","?","?","M","M","E","$"],"character_chosen":"IRONCLAD","items_purchased":["Happy Flower","Madness","Dropkick"],"campfire_rested":0,"item_purchase_floors":[12,24,24],"current_hp_per_floor":[80,80,80,60,64,64,59,80,80,80,78,78,80,80,80,47,80,80,80,80,80,80,26,26,0],"gold":196,"neow_bonus":"RANDOM_COMMON_RELIC","is_prod":false,"is_daily":false,"chose_seed":false,"campfire_upgraded":2,"win_rate":0.0,"timestamp":1532212394,"path_taken":["M","?","M","?","?","R","E","?","T","$","?","?","M","M","R","BOSS","M","?","?","M","?","E","$","M"],"build_version":"2018-07-19v2","purchased_purges":0,"victory":false,"max_hp_per_floor":[80,80,80,80,80,80,80,80,80,80,80,80,80,80,80,80,80,80,80,80,80,80,80,80,80],"card_choices":[{"not_picked":["Bloodletting","Body Slam"],"picked":"Twin Strike","floor":1},{"not_picked":["Pummel","Shockwave"],"picked":"Clash","floor":3},{"not_picked":["Anger","Entrench"],"picked":"Clash","floor":5},{"not_picked":["Armaments","Bloodletting","Metallicize"],"picked":"SKIP","floor":7},{"not_picked":["Thunderclap","Clothesline"],"picked":"Twin Strike","floor":11},{"not_picked":["Rage","Shrug It Off"],"picked":"Flex","floor":13},{"not_picked":["Limit Break","Second Wind","Heavy Blade"],"picked":"SKIP","floor":14},{"not_picked":["Limit Break","Dark Embrace"],"picked":"Demon Form","floor":16},{"not_picked":["Body Slam","Twin Strike"],"picked":"Shrug It Off+1","floor":18},{"not_picked":["Whirlwind","Twin Strike+1"],"picked":"Rage+1","floor":21},{"not_picked":["Armaments","Twin Strike+1"],"picked":"Seeing Red","floor":22},{"not_picked":["Armaments","Bloodletting"],"picked":"Inflame","floor":23}],"player_experience":21528,"relics_obtained":[{"floor":7,"key":"MawBank"},{"floor":9,"key":"Anchor"},{"floor":23,"key":"Ornamental Fan"}],"event_choices":[{"event_name":"The Cleric","player_choice":"Card Removal","floor":2,"damage_taken":0},{"event_name":"Golden Idol","player_choice":"Take Damage","floor":4,"damage_taken":0},{"event_name":"Big Fish","player_choice":"Banana","floor":8,"damage_taken":0},{"event_name":"Forgotten Altar","player_choice":"Gave Idol","floor":19,"damage_taken":0},{"event_name":"Beggar","player_choice":"Ignored","floor":20,"damage_taken":0}],"is_beta":false,"boss_relics":[{"not_picked":["Fusion Hammer","Mark of Pain"],"picked":"Black Blood"}],"items_purged_floors":[],"is_endless":false,"potions_floor_spawned":[3,7,13,21,23],"killed_by":"Centurion and Healer","ascension_level":0}