{"gold_per_floor":[112,127,140,160,173,199,46,46,46,78,78,112,112,12,12,132,132,147,47,62,62,80,80,111,39,108,148,169,185,185,225,225,351,351,374,249,267,283,283,319,319,340,363,384,422,436,479,178,178,178],"floor_reached":51,"playtime":5642,"items_purged":["Strike_B","Injury","Strike_B","Strike_B"],"score":1040,"play_id":"397c2630-fd07-4420-a052-a5f462beadd5","local_time":"20180927232429","is_ascension_mode":true,"campfire_choices":[{"data":"Consume","floor":8.0,"key":"SMITH"},{"data":"Capacitor","floor":11.0,"key":"SMITH"},{"floor":15.0,"key":"REST"},{"floor":23.0,"key":"REST"},{"data":"Fission","floor":30.0,"key":"SMITH"},{"floor":32.0,"key":"REST"},{"floor":41.0,"key":"REST"},{"floor":49,"key":"REST"}],"neow_cost":"NONE","seed_source_timestamp":0,"circlet_count":0,"master_deck":["Defend_B","Defend_B","Defend_B","Defend_B","Zap","Dualcast","Ball Lightning","Capacitor+1","Compile Driver","Chill","Compile Driver","Go for the Eyes","Consume+1","Streamline","Redo","Fission+1","Coolheaded","Glacier+1","Loop+1","FTL","Redo+1","Sunder","Defragment","Biased Cognition","Glacier+1","White Noise+1","Barrage+1","Chaos+1","Streamline+1","Redo+1","Glacier","Capacitor"],"special_seed":0,"relics":["Cracked Core","Ornamental Fan","Bottled Flame","Mercury Hourglass","Question Card","Golden Idol","Boot","Runic Pyramid","MutagenicStrength","Lantern","Gremlin Horn","Nunchaku","Art of War","Runic Dome","Bag of Preparation","Bag of Marbles","Bronze Scales","Du-Vu Doll"],"potions_floor_usage":[50,50,50],"damage_taken":[{"damage":0.0,"enemies":"Jaw Worm","floor":1.0,"turns":4.0},{"damage":9.0,"enemies":"2 Louse","floor":2.0,"turns":2.0},{"damage":6.0,"enemies":"Cultist","floor":3.0,"turns":3.0},{"damage":4.0,"enemies":"3 Louse","floor":4.0,"turns":3.0},{"damage":5.0,"enemies":"Red Slaver","floor":5.0,"turns":4.0},{"damage":21.0,"enemies":"Lagavulin","floor":6.0,"turns":6.0},{"damage":10.0,"enemies":"3 Sentries","floor":10.0,"turns":8.0},{"damage":10.0,"enemies":"Lagavulin","floor":12.0,"turns":6.0},{"damage":25.0,"enemies":"The Guardian","floor":16.0,"turns":9.0},{"damage":13.0,"enemies":"2 Thieves","floor":18.0,"turns":3.0},{"damage":41.0,"enemies":"3 Byrds","floor":20.0,"turns":4.0},{"damage":9.0,"enemies":"Centurion and Healer","floor":22.0,"turns":6.0},{"damage":20.0,"enemies":"Gremlin Leader","floor":24.0,"turns":8.0},{"damage":1.0,"enemies":"Slavers","floor":27.0,"turns":6.0},{"damage":0.0,"enemies":"Chosen and Byrds","floor":28.0,"turns":5.0},{"damage":0.0,"enemies":"Cultist and Chosen","floor":29.0,"turns":5.0},{"damage":0.0,"enemies":"Gremlin Leader","floor":31.0,"turns":5.0},{"damage":7.0,"enemies":"Collector","floor":33.0,"turns":11.0},{"damage":3.0,"enemies":"Orb Walker","floor":35.0,"turns":3.0},{"damage":26.0,"enemies":"3 Darklings","floor":37.0,"turns":4.0},{"damage":0.0,"enemies":"Maw","floor":38.0,"turns":6.0},{"damage":18.0,"enemies":"2 Orb Walkers","floor":40.0,"turns":4.0},{"damage":11.0,"enemies":"Sphere and 2 Shapes","floor":42.0,"turns":2.0},{"damage":11.0,"enemies":"4 Shapes","floor":44.0,"turns":2.0},{"damage":0.0,"enemies":"Nemesis","floor":45.0,"turns":7.0},{"damage":0,"enemies":"Maw","floor":46,"turns":7},{"damage":18,"enemies":"Giant Head","floor":47,"turns":8},{"damage":0,"enemies":"Donu and Deca","floor":50,"turns":10}],"seed_played":"7349795295599071304","potions_obtained":[{"floor":2.0,"key":"EssenceOfSteel"},{"floor":5.0,"key":"Energy Potion"},{"floor":10.0,"key":"Strength Potion"},{"floor":12.0,"key":"Regen Potion"},{"floor":16.0,"key":"Block Potion"},{"floor":24.0,"key":"Strength Potion"},{"floor":27.0,"key":"FearPotion"},{"floor":28.0,"key":"Swift Potion"},{"floor":31.0,"key":"FocusPotion"},{"floor":33.0,"key":"FocusPotion"},{"floor":35.0,"key":"FocusPotion"},{"floor":38.0,"key":"Ancient Potion"},{"floor":39.0,"key":"FearPotion"},{"floor":40.0,"key":"FearPotion"},{"floor":45.0,"key":"EssenceOfSteel"},{"floor":46,"key":"EssenceOfSteel"}],"is_trial":false,"path_per_floor":["M","M","M","M","M","E","$","R","T","E","R","E","?","?","R","B",null,"M","$","M","?","M","R","E","$","T","E","M","M","R","E","R","B",null,"M","$","M","M","?","E","R","M","T","M","E","M","E","$","R","B"],"character_chosen":"DEFECT","items_purchased":["Consume","FocusPotion","Capacitor","FocusPotion"],"campfire_rested":5,"item_purchase_floors":[7,25,48,48],"current_hp_per_floor":[75,66,60,56,51,30,30,30,30,20,20,10,10,10,32,22,75,62,62,21,21,12,34,14,14,14,13,13,13,13,13,35,28,75,72,72,46,46,46,28,50,39,39,28,28,28,10,10,32,32],"gold":178,"neow_bonus":"REMOVE_CARD","is_prod":false,"is_daily":false,"chose_seed":false,"campfire_upgraded":3,"win_rate":0,"timestamp":1538083469,"path_taken":["M","M","M","M","M","E","$","R","T","E","R","E","?","?","R","BOSS","M","$","M","?","M","R","E","$","T","E","?","M","R","E","R","BOSS","M","$","M","M","?","E","R","M","T","M","E","M","E","$","R","BOSS"],"build_version":"2018-09-20","purchased_purges":4,"victory":true,"max_hp_per_floor":[75,75,75,75,75,75,75,75,75,75,75,75,75,75,75,75,75,75,75,75,75,75,75,75,75,75,75,75,75,75,75,75,75,75,75,75,75,75,75,75,75,75,75,75,75,75,75,75,75,75],"card_choices":[{"not_picked":["Coolheaded","Streamline"],"picked":"Ball Lightning","floor":1.0},{"not_picked":["Consume","Self Repair"],"picked":"Capacitor","floor":2.0},{"not_picked":["Gash","Fusion"],"picked":"Compile Driver","floor":3.0},{"not_picked":["Heatsinks","Reinforced Body"],"picked":"Chill","floor":4.0},{"not_picked":["Rebound","Chaos"],"picked":"Compile Driver","floor":5.0},{"not_picked":["Lockon","Streamline"],"picked":"Go for the Eyes","floor":6.0},{"not_picked":["Redo","Turbo"],"picked":"Streamline","floor":10.0},{"not_picked":["Hologram","Rebound"],"picked":"Redo","floor":12.0},{"not_picked":["All For One","Amplify","Meteor Strike"],"picked":"Fission","floor":16.0},{"not_picked":["Hologram","Compile Driver","Rainbow"],"picked":"Coolheaded","floor":18.0},{"not_picked":["Storm","Redo","Static Discharge"],"picked":"Glacier+1","floor":20.0},{"not_picked":["Stack","Sweeping Beam","Redo","Leap"],"picked":"SKIP","floor":22.0},{"not_picked":["Consume","Beam Cell","Darkness"],"picked":"Loop+1","floor":24.0},{"not_picked":["Fusion","Tempest+1","Darkness"],"picked":"FTL","floor":27.0},{"not_picked":["Core Surge","Reinforced Body","Tempest"],"picked":"Redo+1","floor":28.0},{"not_picked":["Conserve Battery+1","Hologram","Leap"],"picked":"Sunder","floor":29.0},{"not_picked":["Leap","Loop+1","Turbo"],"picked":"Defragment","floor":31.0},{"not_picked":["Creative AI","Multi-Cast","Buffer"],"picked":"Biased Cognition","floor":33.0},{"not_picked":["Streamline","Coolheaded+1","Compile Driver+1"],"picked":"Glacier+1","floor":35.0},{"not_picked":["Cold Snap+1","Turbo","Beam Cell+1"],"picked":"White Noise+1","floor":37.0},{"not_picked":["Fusion","Compile Driver","Hologram+1","Stack"],"picked":"SKIP","floor":38.0},{"not_picked":["FTL+1","Static Discharge+1","Biased Cognition"],"picked":"Barrage+1","floor":40.0},{"not_picked":["Leap+1","Reprogram","Coolheaded","Beam Cell+1"],"picked":"SKIP","floor":42.0},{"not_picked":["Beam Cell","Sweeping Beam+1","BootSequence"],"picked":"Chaos+1","floor":44.0},{"not_picked":["Self Repair+1","Go for the Eyes","Rebound+1"],"picked":"Streamline+1","floor":45.0},{"not_picked":["Turbo+1","Hologram","Coolheaded"],"picked":"Redo+1","floor":46},{"not_picked":["Chaos","Machine Learning","Undo+1"],"picked":"Glacier","floor":47}],"player_experience":152347,"relics_obtained":[{"floor":6.0,"key":"Ornamental Fan"},{"floor":9.0,"key":"Bottled Flame"},{"floor":10.0,"key":"Mercury Hourglass"},{"floor":12.0,"key":"Question Card"},{"floor":24.0,"key":"Lantern"},{"floor":26.0,"key":"Gremlin Horn"},{"floor":27.0,"key":"Nunchaku"},{"floor":31.0,"key":"Art of War"},{"floor":40.0,"key":"Bag of Preparation"},{"floor":43.0,"key":"Bag of Marbles"},{"floor":45.0,"key":"Bronze Scales"},{"floor":47,"key":"Du-Vu Doll"}],"event_choices":[{"event_name":"Golden Idol","player_choice":"Take Wound","floor":13.0,"damage_taken":0.0},{"event_name":"WeMeetAgain","player_choice":"Gold","floor":14.0,"damage_taken":0.0},{"event_name":"Drug Dealer","player_choice":"Inject Mutagens","floor":21.0,"damage_taken":0.0},{"event_name":"The Lab","player_choice":"Got Potions","floor":39.0,"damage_taken":0.0}],"is_beta":false,"boss_relics":[{"not_picked":["Orrery","Nuclear Battery"],"picked":"Runic Pyramid"},{"not_picked":["Snecko Eye","Lizard Tail"],"picked":"Runic Dome"}],"items_purged_floors":[7,19,36,48],"is_endless":false,"potions_floor_spawned":[2,5,10,12,16,24,27,28,31,33,35,38,40,45,46],"ascension_level":4}