{"gold_per_floor":[130,67,79,91,115,127,165,205,217,254,284,296,325,352,364,453,465,492,518,445,275,293,323,323,349,374,374,409,409,424,424,424,496,496,510,510,528,309,309,309,342,342,342,362,312,312,312,312,312,312],"floor_reached":50,"playtime":5436,"items_purged":["Strike_R","Defend_R","Cleave"],"score":961,"play_id":"42b60eb2-57d1-4180-8929-f578a93acbfb","local_time":"20190817224457","is_ascension_mode":true,"campfire_choices":[{"data":"Armaments","floor":6,"key":"SMITH"},{"data":"Bash","floor":12,"key":"SMITH"},{"data":"True Grit","floor":15,"key":"SMITH"},{"floor":24,"key":"REST"},{"floor":27,"key":"REST"},{"data":"Havoc","floor":29,"key":"SMITH"},{"floor":32,"key":"REST"},{"data":"Anger","floor":40,"key":"SMITH"},{"data":"Battle Trance","floor":42,"key":"SMITH"},{"data":"Metallicize","floor":46,"key":"SMITH"},{"floor":49,"key":"RECALL"}],"neow_cost":"NONE","seed_source_timestamp":82801916297851,"circlet_count":0,"master_deck":["AscendersBane","Defend_R+1","Defend_R+1","Defend_R+1","Bash+1","Anger+1","Armaments+1","Clothesline+1","True Grit+1","Havoc+1","Pummel+1","Whirlwind+1","Rage+1","Metallicize+1","Shrug It Off+1","Metallicize+1","Shrug It Off+1","Battle Trance+1","Headbutt+1","Twin Strike+1"],"relics":["Burning Blood","MawBank","PreservedInsect","Pantograph","Strawberry","Smiling Mask","Astrolabe","Mummified Hand","Omamori","Ginger","Bronze Scales","Dream Catcher","Juzu Bracelet","Mark of Pain","Oddly Smooth Stone","Bag of Preparation","Toxic Egg 2","Mark of the Bloom"],"potions_floor_usage":[13,22,23,25,28,37,50,50],"damage_taken":[{"damage":10,"enemies":"2 Louse","floor":1,"turns":4},{"damage":4,"enemies":"Jaw Worm","floor":5,"turns":3},{"damage":18,"enemies":"Gremlin Nob","floor":8,"turns":4},{"damage":7,"enemies":"Lagavulin","floor":10,"turns":5},{"damage":1,"enemies":"Small Slimes","floor":11,"turns":4},{"damage":30,"enemies":"Exordium Thugs","floor":13,"turns":4},{"damage":0,"enemies":"2 Fungi Beasts","floor":14,"turns":4},{"damage":36,"enemies":"Hexaghost","floor":16,"turns":11},{"damage":16,"enemies":"Shell Parasite","floor":18,"turns":6},{"damage":0,"enemies":"3 Byrds","floor":19,"turns":5},{"damage":24,"enemies":"Shelled Parasite and Fungi","floor":22,"turns":4},{"damage":47,"enemies":"Book of Stabbing","floor":23,"turns":8},{"damage":23,"enemies":"Slavers","floor":25,"turns":5},{"damage":32,"enemies":"Gremlin Leader","floor":28,"turns":6},{"damage":3,"enemies":"Snake Plant","floor":30,"turns":4},{"damage":97,"enemies":"Champ","floor":33,"turns":15},{"damage":36,"enemies":"3 Darklings","floor":35,"turns":6},{"damage":30,"enemies":"3 Shapes","floor":37,"turns":6},{"damage":37,"enemies":"Nemesis","floor":41,"turns":11},{"damage":9,"enemies":"Writhing Mass","floor":44,"turns":10},{"damage":55,"enemies":"Time Eater","floor":50,"turns":7}],"seed_played":"-5758871666014514367","potions_obtained":[{"floor":5,"key":"Dexterity Potion"},{"floor":10,"key":"Weak Potion"},{"floor":16,"key":"Fire Potion"},{"floor":23,"key":"Fire Potion"},{"floor":25,"key":"Block Potion"},{"floor":30,"key":"Regen Potion"},{"floor":33,"key":"GamblersBrew"},{"floor":37,"key":"EssenceOfSteel"},{"floor":44,"key":"Poison Potion"}],"is_trial":false,"path_per_floor":["M","?","?","$","M","R","T","E","T","E","M","R","M","M","R","B",null,"M","M","?","$","M","E","R","E","T","R","E","R","M","?","R","B",null,"M","?","M","$","?","R","E","R","T","M","$","R","?","?","R","B"],"character_chosen":"IRONCLAD","items_purchased":["Metallicize","Shrug It Off","Oddly Smooth Stone"],"campfire_rested":3,"item_purchase_floors":[21,21,38],"current_hp_per_floor":[64,64,69,69,71,71,71,59,66,65,70,70,46,52,52,47,77,67,76,76,76,61,20,47,34,34,63,37,37,43,43,73,7,77,47,67,46,46,84,84,53,53,53,50,50,50,50,50,50,0],"gold":312,"neow_bonus":"RANDOM_COMMON_RELIC","is_prod":false,"is_daily":false,"chose_seed":false,"campfire_upgraded":7,"win_rate":0,"timestamp":1566074697,"path_taken":["M","?","?","$","M","R","?","E","T","E","M","R","M","M","R","BOSS","M","M","?","$","M","E","R","E","T","R","E","R","M","?","R","BOSS","M","?","M","$","?","R","E","R","T","M","$","R","?","?","R","BOSS"],"build_version":"2019-07-17","purchased_purges":3,"victory":false,"max_hp_per_floor":[75,75,80,80,80,80,80,80,87,87,87,87,87,87,87,87,87,87,90,90,90,93,93,93,97,97,97,97,97,100,100,100,100,100,100,100,103,103,84,84,84,84,84,84,84,84,84,84,84,84],"card_choices":[{"not_picked":["Twin Strike","Clash"],"picked":"Anger","floor":1},{"not_picked":["Seeing Red","Heavy Blade"],"picked":"Armaments","floor":5},{"not_picked":["Fire Breathing","Blood for Blood"],"picked":"Cleave","floor":8},{"not_picked":["Cleave","Metallicize"],"picked":"Clothesline","floor":10},{"not_picked":["Warcry","Pommel Strike","Barricade"],"picked":"SKIP","floor":11},{"not_picked":["Evolve","Clash"],"picked":"True Grit","floor":13},{"not_picked":["Clash","Dropkick"],"picked":"Havoc","floor":14},{"not_picked":["Juggernaut","Dark Embrace"],"picked":"Feed","floor":16},{"not_picked":["Wild Strike","Evolve","Searing Blow"],"picked":"SKIP","floor":18},{"not_picked":["Dual Wield","Iron Wave","Blood for Blood"],"picked":"SKIP","floor":19},{"not_picked":["Power Through","Whirlwind","Anger"],"picked":"SKIP","floor":22},{"not_picked":["Wild Strike","Warcry","Perfected Strike+1"],"picked":"SKIP","floor":23},{"not_picked":["Sever Soul","Berserk","Barricade"],"picked":"SKIP","floor":25},{"not_picked":["Combust","Carnage","Thunderclap"],"picked":"SKIP","floor":28},{"not_picked":["Warcry","Havoc"],"picked":"Metallicize","floor":30},{"not_picked":["Clash+1","Sword Boomerang","Rage"],"picked":"SKIP","floor":35},{"not_picked":["Armaments+1","Hemokinesis"],"picked":"Shrug It Off","floor":37},{"not_picked":["Clash","Searing Blow"],"picked":"Battle Trance","floor":41},{"not_picked":["Sword Boomerang+1","Fire Breathing"],"picked":"Headbutt","floor":44}],"player_experience":706600,"relics_obtained":[{"floor":7,"key":"PreservedInsect"},{"floor":8,"key":"Pantograph"},{"floor":9,"key":"Strawberry"},{"floor":10,"key":"Smiling Mask"},{"floor":23,"key":"Omamori"},{"floor":25,"key":"Ginger"},{"floor":26,"key":"Bronze Scales"},{"floor":28,"key":"Dream Catcher"},{"floor":41,"key":"Bag of Preparation"},{"floor":43,"key":"Toxic Egg 2"}],"event_choices":[{"cards_removed":["Strike_R"],"damage_healed":0,"gold_gain":0,"player_choice":"Card Removal","damage_taken":0,"max_hp_gain":0,"max_hp_loss":0,"event_name":"The Cleric","floor":2,"gold_loss":75},{"damage_healed":0,"gold_gain":0,"player_choice":"Donut","damage_taken":0,"max_hp_gain":5,"max_hp_loss":0,"event_name":"Big Fish","floor":3,"gold_loss":0},{"damage_healed":0,"gold_gain":0,"player_choice":"Obtained Relic","damage_taken":0,"relics_obtained":["Mummified Hand"],"max_hp_gain":0,"max_hp_loss":0,"event_name":"Addict","floor":20,"gold_loss":85},{"damage_healed":0,"gold_gain":0,"player_choice":"Gave Potion","damage_taken":0,"relics_obtained":["Juzu Bracelet"],"max_hp_gain":0,"max_hp_loss":0,"event_name":"WeMeetAgain","floor":31,"gold_loss":0},{"damage_healed":20,"gold_gain":0,"player_choice":"Writhe","damage_taken":0,"max_hp_gain":0,"max_hp_loss":0,"event_name":"Winding Halls","floor":36,"gold_loss":0,"cards_obtained":["Writhe"]},{"damage_healed":84,"gold_gain":0,"player_choice":"Heal","damage_taken":0,"max_hp_gain":0,"max_hp_loss":19,"event_name":"The Moai Head","floor":39,"gold_loss":0},{"damage_healed":0,"gold_gain":0,"cards_transformed":["Feed"],"player_choice":"Transformed","damage_taken":0,"max_hp_gain":0,"max_hp_loss":0,"event_name":"Transmorgrifier","floor":47,"gold_loss":0,"cards_obtained":["Twin Strike"]},{"damage_healed":0,"gold_gain":0,"player_choice":"Upgrade","damage_taken":0,"relics_obtained":["Mark of the Bloom"],"max_hp_gain":0,"max_hp_loss":0,"event_name":"MindBloom","floor":48,"gold_loss":0,"cards_upgraded":["Defend_R","Defend_R","Defend_R","Clothesline","Metallicize","Shrug It Off","Shrug It Off","Headbutt","Twin Strike"]}],"is_beta":false,"boss_relics":[{"not_picked":["Fusion Hammer","Lizard Tail"],"picked":"Astrolabe"},{"not_picked":["Black Star","Black Blood"],"picked":"Mark of Pain"}],"items_purged_floors":[21,38,45],"is_endless":false,"potions_floor_spawned":[5,10,11,16,19,23,25,30,33,37,44],"killed_by":"Time Eater","ascension_level":16}