{"gold_per_floor":[114,114,114,133,149,149,177,102,102,121,121,121,137,153,153,252,252,263,186,203,4,18,50,63,63,109,109],"floor_reached":27,"playtime":1295,"items_purged":["Normality"],"score":235,"play_id":"3e226f95-0695-4c9a-b596-7252c611443c","local_time":"20180728213536","is_ascension_mode":false,"campfire_choices":[{"data":"Armaments","floor":6,"key":"SMITH"},{"data":"Anger","floor":11,"key":"SMITH"},{"data":"Inflame","floor":15,"key":"SMITH"},{"floor":25,"key":"REST"}],"neow_cost":"NONE","seed_source_timestamp":267854759282863,"circlet_count":0,"master_deck":["Strike_R","Strike_R","Strike_R","Strike_R","Strike_R","Defend_R","Defend_R","Defend_R","Bash+1","Burning Pact","Heavy Blade","Armaments+1","Berserk","Anger+1","Inflame+1","Reaper","Shrug It Off","Clash","Anger","J.A.X.","Dropkick","Apotheosis","Clash","Berserk","Flex"],"relics":["Burning Blood","Unceasing Top","Anchor","Du-Vu Doll","Lizard Tail","Orichalcum","Blood Vial"],"potions_floor_usage":[7,16,16,22,23,23],"damage_taken":[{"damage":6,"enemies":"2 Louse","floor":1,"turns":2},{"damage":7,"enemies":"Cultist","floor":4,"turns":5},{"damage":16,"enemies":"Jaw Worm","floor":5,"turns":5},{"damage":48,"enemies":"Lagavulin","floor":7,"turns":8},{"damage":3,"enemies":"2 Fungi Beasts","floor":10,"turns":3},{"damage":10,"enemies":"Exordium Thugs","floor":13,"turns":4},{"damage":0,"enemies":"Red Slaver","floor":14,"turns":4},{"damage":20,"enemies":"Slime Boss","floor":16,"turns":9},{"damage":40,"enemies":"2 Thieves","floor":18,"turns":5},{"damage":22,"enemies":"3 Byrds","floor":20,"turns":6},{"damage":27,"enemies":"Snake Plant","floor":22,"turns":3},{"damage":31,"enemies":"Book of Stabbing","floor":23,"turns":4},{"damage":33,"enemies":"3 Cultists","floor":24,"turns":5},{"damage":57,"enemies":"Cultist and Chosen","floor":27,"turns":8}],"seed_played":"2168537616994759259","potions_obtained":[{"floor":4,"key":"BloodPotion"},{"floor":5,"key":"Explosive Potion"},{"floor":14,"key":"Fruit Juice"},{"floor":16,"key":"PowerPotion"},{"floor":18,"key":"SkillPotion"},{"floor":20,"key":"Dexterity Potion"},{"floor":24,"key":"Poison Potion"}],"is_trial":false,"path_per_floor":["M","?","?","M","M","R","E","$","T","M","R","?","M","M","R","B",null,"M","?","M","$","M","E","M","R","T"],"character_chosen":"IRONCLAD","items_purchased":["Apotheosis"],"campfire_rested":1,"item_purchase_floors":[21],"current_hp_per_floor":[80,80,80,79,69,69,35,35,35,38,38,38,38,44,44,39,85,51,51,45,45,27,48,21,46,46,0],"gold":109,"neow_bonus":"UPGRADE_CARD","is_prod":false,"is_daily":false,"chose_seed":false,"campfire_upgraded":3,"win_rate":0,"timestamp":1532828136,"path_taken":["M","?","?","M","M","R","E","?","T","M","R","?","M","?","R","BOSS","M","?","M","$","?","E","?","R","T","?"],"build_version":"2018-07-26","purchased_purges":1,"victory":false,"max_hp_per_floor":[80,80,80,80,80,80,80,80,80,80,80,80,80,80,80,85,85,85,85,85,85,85,85,85,85,85,85],"card_choices":[{"not_picked":["Headbutt","Thunderclap","True Grit"],"picked":"SKIP","floor":1},{"not_picked":["Hemokinesis","Seeing Red"],"picked":"Heavy Blade","floor":4},{"not_picked":["Wild Strike","Warcry"],"picked":"Armaments","floor":5},{"not_picked":["Carnage","Disarm"],"picked":"Berserk","floor":7},{"not_picked":["Power Through","Uppercut"],"picked":"Anger","floor":10},{"not_picked":["Armaments","Carnage"],"picked":"Shrug It Off","floor":13},{"not_picked":["Berserk","Perfected Strike"],"picked":"Clash","floor":14},{"not_picked":["Infernal Blade","Heavy Blade"],"picked":"Anger","floor":18},{"not_picked":["Twin Strike","Pommel Strike"],"picked":"Dropkick","floor":20},{"not_picked":["Twin Strike+1","Perfected Strike+1"],"picked":"Clash","floor":22},{"not_picked":["True Grit","Thunderclap"],"picked":"Berserk","floor":23},{"not_picked":["Warcry","Seeing Red"],"picked":"Flex","floor":24}],"player_experience":60599,"relics_obtained":[{"floor":7,"key":"Anchor"},{"floor":9,"key":"Du-Vu Doll"},{"floor":23,"key":"Orichalcum"},{"floor":26,"key":"Blood Vial"}],"event_choices":[{"event_name":"Transmorgrifier","player_choice":"Transform","floor":2,"damage_taken":0},{"event_name":"Accursed Blacksmith","player_choice":"Rummage","floor":3,"damage_taken":0},{"event_name":"Match and Keep!","player_choice":"2 cards matched","floor":12,"damage_taken":0},{"event_name":"Drug Dealer","player_choice":"Got JAXXED","floor":19,"damage_taken":0}],"is_beta":false,"boss_relics":[{"not_picked":["Philosopher\u0027s Stone","Runic Dome"],"picked":"Lizard Tail"}],"items_purged_floors":[8],"is_endless":false,"potions_floor_spawned":[4,5,14,16,18,20,24],"killed_by":"Cultist and Chosen","ascension_level":0}