{"gold_per_floor":[110,110,110,210,227,227,227,245,245,245,345,374,390,72,72,170,170,180,31,31,31,4,4,15,15,69,81,192,129,154,184,196,208],"floor_reached":33,"playtime":1945,"items_purged":["Strike_R","Strike_R"],"score":241,"play_id":"9bcc08ad-e652-4e1f-a62d-2384636725f8","local_time":"20190915151343","is_ascension_mode":false,"campfire_choices":[{"data":"Carnage","floor":6,"key":"SMITH"},{"data":"Pummel","floor":10,"key":"SMITH"},{"data":"Seeing Red","floor":15,"key":"SMITH"},{"data":"Immolate","floor":23,"key":"SMITH"},{"data":"Body Slam","floor":25,"key":"SMITH"},{"floor":32,"key":"REST"}],"neow_cost":"NONE","seed_source_timestamp":8417692369205,"circlet_count":0,"master_deck":["Defend_R","Defend_R","Defend_R","Defend_R","Bash","Flex","Shrug It Off","Carnage+1","Parasite","Pummel+1","Seeing Red+1","Body Slam+1","Immolate+1","Second Wind+1","True Grit+1","Writhe","Pommel Strike","Flame Barrier+1","Fire Breathing+1","Thunderclap+1"],"relics":["Black Blood","Ornamental Fan","Unceasing Top","Toxic Egg 2","Regal Pillow","WarpedTongs","MawBank"],"potions_floor_usage":[16,16,16,16,16,33,33,33],"damage_taken":[{"damage":13,"enemies":"Jaw Worm","floor":1,"turns":4},{"damage":12,"enemies":"Small Slimes","floor":5,"turns":4},{"damage":0,"enemies":"Cultist","floor":8,"turns":2},{"damage":26,"enemies":"Gremlin Nob","floor":12,"turns":5},{"damage":14,"enemies":"3 Louse","floor":13,"turns":3},{"damage":54,"enemies":"The Guardian","floor":16,"turns":16},{"damage":26,"enemies":"Chosen","floor":18,"turns":5},{"damage":16,"enemies":"2 Thieves","floor":24,"turns":4},{"damage":1,"enemies":"Centurion and Healer","floor":30,"turns":5},{"damage":4,"enemies":"Snecko","floor":31,"turns":5},{"damage":90,"enemies":"Collector","floor":33,"turns":7}],"seed_played":"8547143963006621881","potions_obtained":[{"floor":8,"key":"BloodPotion"},{"floor":12,"key":"EntropicBrew"},{"floor":13,"key":"Strength Potion"},{"floor":16,"key":"Weak Potion"},{"floor":24,"key":"Energy Potion"}],"is_trial":false,"path_per_floor":["M","?","?","?","M","R","?","M","T","R","?","E","M","$","R","B",null,"M","$","?","?","$","R","M","R","T","?","?","?","M","M","R","B"],"character_chosen":"IRONCLAD","items_purchased":["Toxic Egg 2","True Grit+1","Pommel Strike"],"campfire_rested":1,"item_purchase_floors":[14,19,22],"current_hp_per_floor":[73,73,66,66,60,60,80,80,80,80,80,60,52,52,52,24,80,64,64,64,64,64,64,58,58,58,43,43,43,52,58,85,0],"gold":208,"neow_bonus":"TRANSFORM_CARD","is_prod":false,"is_daily":false,"chose_seed":false,"campfire_upgraded":5,"win_rate":0,"timestamp":1568531623,"path_taken":["M","?","?","?","?","R","?","M","T","R","?","E","M","$","R","BOSS","M","?","?","?","$","R","?","R","T","?","?","?","M","M","R","BOSS"],"build_version":"2019-07-17","purchased_purges":2,"victory":false,"max_hp_per_floor":[80,80,80,80,80,80,80,80,80,80,80,80,80,80,80,80,80,80,80,80,80,80,80,80,80,80,85,85,85,85,85,85,85],"card_choices":[{"not_picked":["Perfected Strike","Dual Wield"],"picked":"Shrug It Off","floor":1},{"not_picked":["True Grit","Blood for Blood"],"picked":"Carnage","floor":5},{"not_picked":["Power Through","Heavy Blade"],"picked":"Pummel","floor":8},{"not_picked":["Fire Breathing","Reckless Charge"],"picked":"Seeing Red","floor":12},{"not_picked":["Intimidate","Flex"],"picked":"Body Slam","floor":13},{"not_picked":["Reaper","Limit Break+1"],"picked":"Immolate","floor":16},{"not_picked":["Body Slam","Perfected Strike+1"],"picked":"Second Wind+1","floor":18},{"not_picked":["Fire Breathing","Havoc+1"],"picked":"Flame Barrier+1","floor":24},{"not_picked":["Twin Strike","Clash"],"picked":"Fire Breathing+1","floor":30},{"not_picked":["Armaments+1","Brutality"],"picked":"Thunderclap+1","floor":31}],"player_experience":377842,"relics_obtained":[{"floor":9,"key":"Ornamental Fan"},{"floor":12,"key":"Unceasing Top"},{"floor":26,"key":"MawBank"}],"event_choices":[{"cards_removed":["Strike_R"],"damage_healed":0,"gold_gain":0,"player_choice":"Forget","damage_taken":0,"max_hp_gain":0,"max_hp_loss":0,"event_name":"Living Wall","floor":2,"gold_loss":0},{"cards_removed":["Strike_R"],"damage_healed":0,"gold_gain":0,"player_choice":"Card Removal","damage_taken":7,"max_hp_gain":0,"max_hp_loss":0,"event_name":"Golden Wing","floor":3,"gold_loss":0},{"damage_healed":0,"gold_gain":100,"player_choice":"Pray","damage_taken":0,"max_hp_gain":0,"max_hp_loss":0,"event_name":"Golden Shrine","floor":4,"gold_loss":0},{"damage_healed":20,"gold_gain":0,"player_choice":"Healed and dodged fight","damage_taken":0,"max_hp_gain":0,"max_hp_loss":0,"event_name":"Mushrooms","floor":7,"gold_loss":0,"cards_obtained":["Parasite"]},{"damage_healed":0,"gold_gain":100,"player_choice":"Gold","damage_taken":0,"max_hp_gain":0,"max_hp_loss":0,"event_name":"Wheel of Change","floor":11,"gold_loss":0},{"damage_healed":0,"gold_gain":0,"player_choice":"Opened","damage_taken":0,"relics_obtained":["Regal Pillow"],"max_hp_gain":0,"max_hp_loss":0,"event_name":"The Mausoleum","floor":20,"gold_loss":0,"cards_obtained":["Writhe"]},{"damage_healed":0,"gold_gain":0,"player_choice":"Rummage","damage_taken":0,"relics_obtained":["WarpedTongs"],"max_hp_gain":0,"max_hp_loss":0,"event_name":"Accursed Blacksmith","floor":21,"gold_loss":0,"cards_obtained":["Pain"]},{"damage_healed":0,"gold_gain":0,"player_choice":"Shed Blood","damage_taken":20,"max_hp_gain":5,"max_hp_loss":0,"event_name":"Forgotten Altar","floor":27,"gold_loss":0},{"damage_healed":0,"gold_gain":99,"player_choice":"Stole From Cult","damage_taken":0,"max_hp_gain":0,"max_hp_loss":0,"event_name":"Nest","floor":28,"gold_loss":0},{"cards_removed":["Pain"],"damage_healed":0,"gold_gain":0,"player_choice":"Gave Gold","damage_taken":0,"max_hp_gain":0,"max_hp_loss":0,"event_name":"Beggar","floor":29,"gold_loss":75}],"is_beta":false,"boss_relics":[{"not_picked":["Empty Cage","White Beast Statue"],"picked":"Black Blood"}],"items_purged_floors":[14,19],"is_endless":false,"potions_floor_spawned":[8,12,13,16,24],"killed_by":"Collector","ascension_level":0}