{"gold_per_floor":[209,209,1,17,92,120,120,155,155,155,173,173,173],"floor_reached":13,"playtime":317,"items_purged":[],"score":177,"play_id":"3bbd8f0e-b107-4aaa-be3c-6d971f8d6c7a","local_time":"20190905072703","is_ascension_mode":true,"campfire_choices":[{"data":"Consume","floor":7.0,"key":"SMITH"}],"neow_cost":"NONE","seed_source_timestamp":42733454272600,"circlet_count":0,"master_deck":["AscendersBane","Strike_B","Strike_B","Strike_B","Strike_B","Defend_B","Defend_B","Defend_B","Defend_B","Zap+1","Dualcast","Electrodynamics","Rebound","Undo","Consume+1","Static Discharge","Steam Power"],"special_seed":0,"relics":["Cracked Core","Blue Candle","Bronze Scales","Regal Pillow"],"potions_floor_usage":[13,13],"damage_taken":[{"damage":3.0,"enemies":"2 Louse","floor":1.0,"turns":2.0},{"damage":1.0,"enemies":"Small Slimes","floor":4.0,"turns":3.0},{"damage":5.0,"enemies":"3 Sentries","floor":6.0,"turns":3.0},{"damage":43.0,"enemies":"Gremlin Nob","floor":8.0,"turns":4.0},{"damage":0.0,"enemies":"Jaw Worm","floor":11.0,"turns":3.0},{"damage":18,"enemies":"3 Sentries","floor":13,"turns":2}],"seed_played":"3320146894340667028","potions_obtained":[{"floor":4.0,"key":"SpeedPotion"},{"floor":8.0,"key":"EssenceOfSteel"},{"floor":11.0,"key":"Regen Potion"}],"is_trial":false,"path_per_floor":["M","?","$","M","?","E","R","E","T","?","M","?","E"],"character_chosen":"DEFECT","items_purchased":["Electrodynamics","Rebound"],"campfire_rested":0,"item_purchase_floors":[3,3],"current_hp_per_floor":[61,61,61,60,49,44,44,1,1,1,1,1,0],"gold":173,"neow_bonus":"HUNDRED_GOLD","is_prod":false,"is_daily":false,"chose_seed":false,"campfire_upgraded":1,"win_rate":0,"timestamp":1567693623,"path_taken":["M","?","$","M","?","E","R","E","T","?","M","?","E"],"build_version":"2019-07-17","purchased_purges":0,"victory":false,"max_hp_per_floor":[71,71,71,71,71,71,71,71,71,71,71,71,71],"card_choices":[{"not_picked":["Turbo","Steam","Redo"],"picked":"SKIP","floor":1.0},{"not_picked":["FTL","Streamline"],"picked":"Undo","floor":4.0},{"not_picked":["Hello World","Leap"],"picked":"Consume","floor":6.0},{"not_picked":["Leap","Beam Cell"],"picked":"Static Discharge","floor":8.0},{"not_picked":["Genetic Algorithm","Reboot"],"picked":"Steam Power","floor":11.0}],"player_experience":820920,"relics_obtained":[{"floor":6.0,"key":"Blue Candle"},{"floor":8.0,"key":"Bronze Scales"},{"floor":9.0,"key":"Regal Pillow"}],"event_choices":[{"damage_healed":0.0,"max_hp_gain":0.0,"max_hp_loss":0.0,"gold_gain":0.0,"event_name":"Living Wall","player_choice":"Grow","floor":2.0,"gold_loss":0.0,"damage_taken":0.0,"cards_upgraded":["Zap"]},{"damage_healed":0.0,"max_hp_gain":0.0,"max_hp_loss":0.0,"gold_gain":75.0,"event_name":"World of Goop","player_choice":"Gather Gold","floor":5.0,"gold_loss":0.0,"damage_taken":11.0},{"damage_healed":0.0,"max_hp_gain":0.0,"max_hp_loss":0.0,"gold_gain":0.0,"event_name":"Scrap Ooze","player_choice":"Fled","floor":10.0,"gold_loss":0.0,"damage_taken":0.0},{"damage_healed":0.0,"max_hp_gain":0.0,"max_hp_loss":0.0,"gold_gain":0.0,"event_name":"Shining Light","player_choice":"Ignored","floor":12.0,"gold_loss":0.0,"damage_taken":0.0}],"is_beta":false,"boss_relics":[],"items_purged_floors":[],"is_endless":false,"potions_floor_spawned":[4,8,11],"killed_by":"3 Sentries","ascension_level":19}