{"gold_per_floor":[111,5,5,5,5,5,33,43,43,62,76,76,76,94,94,190,190,202,202,45,45,45,45,12,12,39,138,149,149,159,177,177,274,274,287,287,287,387,18,18,18,18,30,42,69,81,108,39,39,39],"floor_reached":51,"playtime":3132,"items_purged":["Doubt"],"score":664,"play_id":"8897e5f7-758c-4fdc-9e11-ccd7a4e9732d","local_time":"20190908095123","is_ascension_mode":false,"campfire_choices":[{"data":"Zap","floor":6.0,"key":"SMITH"},{"floor":12.0,"key":"REST"},{"floor":15.0,"key":"REST"},{"data":"Capacitor","floor":23.0,"key":"SMITH"},{"data":"Fission","floor":25.0,"key":"SMITH"},{"floor":29.0,"key":"REST"},{"floor":32.0,"key":"REST"},{"floor":40,"key":"DIG"},{"floor":42,"key":"DIG"},{"floor":44,"key":"DIG"},{"floor":49,"key":"REST"}],"neow_cost":"NONE","seed_source_timestamp":0,"circlet_count":0,"master_deck":["Strike_B","Strike_B","Strike_B","Strike_B","Defend_B","Defend_B","Defend_B","Defend_B","Zap+1","Dualcast","Fission+1","Conserve Battery","Melter","Darkness","Static Discharge","Gash","Genetic Algorithm","Loop","Recycle+1","Rebound","Coolheaded","Machine Learning","Conserve Battery+1","Capacitor+1","FTL","Glacier+1","Barrage+1","Go for the Eyes+1","Static Discharge+1","Electrodynamics","Streamline+1","Redo+1","Capacitor","Capacitor+1","Steam+1","Defragment","Reboot"],"special_seed":0,"relics":["Cracked Core","Dream Catcher","Shovel","Pocketwatch","Lizard Tail","Centennial Puzzle","Nuclear Battery","Incense Burner","Torii","Darkstone Periapt","PreservedInsect","MawBank","Shuriken","Juzu Bracelet"],"potions_floor_usage":[50,50],"damage_taken":[{"damage":1.0,"enemies":"Cultist","floor":1.0,"turns":4.0},{"damage":47.0,"enemies":"3 Sentries","floor":7.0,"turns":7.0},{"damage":6.0,"enemies":"Small Slimes","floor":8.0,"turns":3.0},{"damage":6.0,"enemies":"Jaw Worm","floor":10.0,"turns":3.0},{"damage":12.0,"enemies":"Exordium Wildlife","floor":11.0,"turns":6.0},{"damage":8.0,"enemies":"3 Louse","floor":14.0,"turns":3.0},{"damage":5.0,"enemies":"The Guardian","floor":16.0,"turns":12.0},{"damage":18.0,"enemies":"Shell Parasite","floor":18.0,"turns":7.0},{"damage":33.0,"enemies":"Chosen","floor":28.0,"turns":6.0},{"damage":12.0,"enemies":"Snake Plant","floor":30.0,"turns":6.0},{"damage":23.0,"enemies":"Shelled Parasite and Fungi","floor":31.0,"turns":7.0},{"damage":76.0,"enemies":"Automaton","floor":33.0,"turns":10.0},{"damage":4.0,"enemies":"3 Shapes","floor":35.0,"turns":6.0},{"damage":3.0,"enemies":"Mind Bloom Boss Battle","floor":38.0,"turns":8.0},{"damage":1,"enemies":"Orb Walker","floor":45,"turns":4},{"damage":10,"enemies":"Sphere and 2 Shapes","floor":47,"turns":7},{"damage":69,"enemies":"Time Eater","floor":50,"turns":11}],"seed_played":"1864212129929906068","potions_obtained":[{"floor":7.0,"key":"Swift Potion"},{"floor":8.0,"key":"PowerPotion"},{"floor":14.0,"key":"EssenceOfSteel"},{"floor":16.0,"key":"SteroidPotion"},{"floor":18.0,"key":"FearPotion"},{"floor":28.0,"key":"GamblersBrew"},{"floor":35.0,"key":"Poison Potion"},{"floor":46,"key":"FearPotion"},{"floor":46,"key":"Weak Potion"}],"is_trial":false,"path_per_floor":["M","$","$","?","$","R","E","M","T","M","M","R","?","M","R","B",null,"M","?","$","?","?","R","$","R","T","?","M","R","M","M","R","B",null,"M","?","?","?","$","R","T","R","T","R","M","?","M","$","R","B",null],"character_chosen":"DEFECT","items_purchased":["Melter","Darkness","Capacitor","FTL","Torii","Capacitor","Defragment"],"campfire_rested":5,"item_purchase_floors":[2,2,20,24,39,39,48],"current_hp_per_floor":[74,74,74,74,74,74,27,21,21,15,3,25,25,17,39,34,75,57,57,57,57,57,57,57,57,57,57,24,46,34,11,33,24,75,71,71,71,68,68,68,68,68,68,68,67,67,57,57,75,6],"gold":39,"neow_bonus":"ONE_RANDOM_RARE_CARD","is_prod":false,"is_daily":false,"chose_seed":false,"campfire_upgraded":3,"win_rate":0,"timestamp":1567907483,"path_taken":["M","?","$","?","?","R","E","M","T","M","?","R","?","M","R","BOSS","M","?","?","?","?","R","$","R","T","?","?","R","M","M","R","BOSS","M","?","?","?","$","R","?","R","T","R","M","?","M","$","R","BOSS"],"build_version":"2019-07-17","purchased_purges":1,"victory":true,"max_hp_per_floor":[75,75,75,75,75,75,75,75,75,75,75,75,75,75,75,75,75,75,75,75,75,75,75,75,75,75,75,75,75,75,75,75,75,75,75,75,75,75,75,75,75,75,75,75,75,75,75,75,75,75],"card_choices":[{"not_picked":["Stack","Compile Driver"],"picked":"Conserve Battery","floor":1.0},{"not_picked":["Defragment","Meteor Strike"],"picked":"Static Discharge","floor":7.0},{"not_picked":["Steam","Rebound"],"picked":"Gash","floor":8.0},{"not_picked":["Steam","Go for the Eyes"],"picked":"Genetic Algorithm","floor":10.0},{"not_picked":["Rebound","Hologram"],"picked":"Loop","floor":11.0},{"not_picked":["Stack","Reinforced Body"],"picked":"Recycle","floor":12.0},{"not_picked":["Darkness","Conserve Battery"],"picked":"Rebound","floor":14.0},{"not_picked":["Go for the Eyes","BootSequence"],"picked":"Coolheaded","floor":15.0},{"not_picked":["Fission","Reboot"],"picked":"Machine Learning","floor":16.0},{"not_picked":["Turbo","Leap"],"picked":"Conserve Battery+1","floor":18.0},{"not_picked":["Blizzard","Streamline"],"picked":"Glacier+1","floor":28.0},{"not_picked":["Go for the Eyes","Conserve Battery"],"picked":"Barrage+1","floor":29.0},{"not_picked":["Leap","White Noise"],"picked":"Go for the Eyes+1","floor":30.0},{"not_picked":["Fusion","Scrape","Coolheaded"],"picked":"SKIP","floor":31.0},{"not_picked":["Compile Driver","Darkness"],"picked":"Static Discharge+1","floor":32.0},{"not_picked":["Fission","Hyperbeam"],"picked":"Electrodynamics","floor":33.0},{"not_picked":["Reprogram","Lockon"],"picked":"Streamline+1","floor":35.0},{"not_picked":["Force Field+1","Chaos+1"],"picked":"Redo+1","floor":38.0},{"not_picked":["Rebound","Stack"],"picked":"Capacitor+1","floor":45},{"not_picked":["Barrage","Coolheaded+1"],"picked":"Steam+1","floor":47},{"not_picked":["Streamline","Loop"],"picked":"Reboot","floor":49}],"player_experience":316980,"relics_obtained":[{"floor":7.0,"key":"Shovel"},{"floor":9.0,"key":"Pocketwatch"},{"floor":26.0,"key":"Centennial Puzzle"},{"floor":38.0,"key":"Incense Burner"},{"floor":40,"key":"Darkstone Periapt"},{"floor":41,"key":"PreservedInsect"},{"floor":42,"key":"MawBank"},{"floor":43,"key":"Shuriken"},{"floor":44,"key":"Juzu Bracelet"}],"event_choices":[{"damage_healed":0.0,"max_hp_gain":0.0,"max_hp_loss":0.0,"gold_gain":0.0,"event_name":"Big Fish","player_choice":"Box","floor":4.0,"gold_loss":0.0,"damage_taken":0.0,"relics_obtained":["Dream Catcher"],"cards_obtained":["Regret"]},{"damage_healed":0.0,"max_hp_gain":0.0,"max_hp_loss":0.0,"gold_gain":0.0,"event_name":"Upgrade Shrine","player_choice":"Upgraded","floor":13.0,"gold_loss":0.0,"damage_taken":0.0,"cards_upgraded":["Recycle"]},{"cards_removed":["Regret"],"damage_healed":0.0,"max_hp_gain":0.0,"max_hp_loss":0.0,"gold_gain":0.0,"event_name":"NoteForYourself","player_choice":"Took Card","floor":19.0,"gold_loss":0.0,"damage_taken":0.0,"cards_obtained":["Doubt"]},{"damage_healed":0.0,"max_hp_gain":0.0,"max_hp_loss":0.0,"gold_gain":0.0,"event_name":"Vampires","player_choice":"Ignored","floor":21.0,"gold_loss":0.0,"damage_taken":0.0},{"damage_healed":0.0,"max_hp_gain":0.0,"max_hp_loss":0.0,"gold_gain":0.0,"event_name":"Cursed Tome","player_choice":"Ignored","floor":22.0,"gold_loss":0.0,"damage_taken":0.0},{"damage_healed":0.0,"max_hp_gain":0.0,"max_hp_loss":0.0,"gold_gain":99.0,"event_name":"Nest","player_choice":"Stole From Cult","floor":27.0,"gold_loss":0.0,"damage_taken":0.0},{"damage_healed":0.0,"max_hp_gain":0.0,"max_hp_loss":0.0,"gold_gain":0.0,"event_name":"Mysterious Sphere","player_choice":"Ignored","floor":36.0,"gold_loss":0.0,"damage_taken":0.0},{"damage_healed":0.0,"max_hp_gain":0.0,"max_hp_loss":0.0,"gold_gain":0.0,"event_name":"Tomb of Lord Red Mask","player_choice":"Ignored","floor":37.0,"gold_loss":0.0,"damage_taken":0.0},{"damage_healed":0.0,"max_hp_gain":0.0,"max_hp_loss":0.0,"gold_gain":0.0,"event_name":"MindBloom","player_choice":"Fight","floor":38.0,"gold_loss":0.0,"damage_taken":0.0},{"damage_healed":0,"gold_gain":0,"player_choice":"Got Potions","damage_taken":0,"max_hp_gain":0,"max_hp_loss":0,"event_name":"Lab","floor":46,"gold_loss":0}],"is_beta":false,"boss_relics":[{"not_picked":["Philosopher\u0027s Stone","Ectoplasm"],"picked":"Lizard Tail"},{"not_picked":["Cursed Key","Empty Cage"],"picked":"Nuclear Battery"}],"items_purged_floors":[20],"is_endless":false,"potions_floor_spawned":[7,8,14,16,18,28,35],"ascension_level":0}