{"gold_per_floor":[110,110,110,127,77,111,0,0,0,10,10,10,27,55,55,55],"floor_reached":16,"playtime":1700,"items_purged":[],"score":149,"play_id":"b7675837-dff1-42ab-8e1c-90ca1179b902","local_time":"20190519135932","is_ascension_mode":true,"campfire_choices":[{"data":"Footwork","floor":8.0,"key":"SMITH"},{"data":"Calculated Gamble","floor":12.0,"key":"SMITH"},{"floor":15.0,"key":"REST"}],"neow_cost":"NONE","seed_source_timestamp":361571394914850,"circlet_count":0,"master_deck":["Defend_G","Defend_G","Defend_G","Defend_G","Defend_G","Strike_G","Strike_G","Strike_G","Strike_G","Strike_G","Survivor","Neutralize","Backflip","Blur","Footwork+1","Calculated Gamble+1","Escape Plan","Footwork"],"special_seed":0,"relics":["Ring of the Snake","Ornamental Fan","Strawberry","Pear","Lantern","Bird Faced Urn"],"potions_floor_usage":[16],"damage_taken":[{"damage":0.0,"enemies":"Cultist","floor":1.0,"turns":5.0},{"damage":0.0,"enemies":"2 Louse","floor":4.0,"turns":3.0},{"damage":24.0,"enemies":"Gremlin Nob","floor":6.0,"turns":7.0},{"damage":0.0,"enemies":"Jaw Worm","floor":10.0,"turns":5.0},{"damage":8.0,"enemies":"Large Slime","floor":13.0,"turns":16.0},{"damage":36.0,"enemies":"3 Sentries","floor":14.0,"turns":19.0},{"damage":60,"enemies":"Slime Boss","floor":16,"turns":22}],"seed_played":"-2373343544592743689","potions_obtained":[{"floor":1.0,"key":"GhostInAJar"},{"floor":6.0,"key":"FearPotion"}],"is_trial":false,"path_per_floor":["M","T","?","M","?","E","$","R","T","M","$","R","M","E","R","B"],"character_chosen":"THE_SILENT","items_purchased":["Footwork","Calculated Gamble"],"campfire_rested":1,"item_purchase_floors":[7,7],"current_hp_per_floor":[77,77,84,84,84,70,70,70,70,70,70,70,62,26,54,0],"gold":55,"neow_bonus":"TEN_PERCENT_HP_BONUS","is_prod":false,"is_daily":false,"chose_seed":false,"campfire_upgraded":2,"win_rate":0,"timestamp":1558288772,"path_taken":["M","?","?","M","?","E","$","R","T","?","$","R","M","E","R","BOSS"],"build_version":"2019-01-23","purchased_purges":0,"victory":false,"max_hp_per_floor":[77,77,84,84,84,94,94,94,94,94,94,94,94,94,94,94],"card_choices":[{"not_picked":["Reflex","Noxious Fumes"],"picked":"Backflip","floor":1.0},{"not_picked":["Sucker Punch","Bane","Dagger Throw"],"picked":"SKIP","floor":4.0},{"not_picked":["Choke","Backflip"],"picked":"Blur","floor":6.0},{"not_picked":["Dagger Spray","Bane"],"picked":"Escape Plan","floor":10.0},{"not_picked":["Terror","Concentrate"],"picked":"Footwork","floor":13.0},{"not_picked":["Calculated Gamble","PiercingWail","Unload"],"picked":"SKIP","floor":14.0}],"player_experience":244427,"relics_obtained":[{"floor":2.0,"key":"Ornamental Fan"},{"floor":6.0,"key":"Pear"},{"floor":9.0,"key":"Lantern"},{"floor":14.0,"key":"Bird Faced Urn"}],"event_choices":[{"damage_healed":0.0,"max_hp_gain":0.0,"max_hp_loss":0.0,"gold_gain":0.0,"event_name":"Big Fish","player_choice":"Box","floor":3.0,"gold_loss":0.0,"damage_taken":0.0,"relics_obtained":["Strawberry"],"cards_obtained":["Regret"]},{"cards_removed":["Regret"],"damage_healed":0.0,"max_hp_gain":0.0,"max_hp_loss":0.0,"gold_gain":0.0,"event_name":"The Cleric","player_choice":"Card Removal","floor":5.0,"gold_loss":50.0,"damage_taken":0.0}],"is_beta":false,"boss_relics":[],"items_purged_floors":[],"is_endless":false,"potions_floor_spawned":[1,6],"killed_by":"Slime Boss","ascension_level":3}