{"gold_per_floor":[116,131,61,61,77,133,133,168,193,208,226,251,251,270,270,368,368,384,399,431,431,447,447,458,458,458,458,472,84,84,109,109,209,209,219,236,458,458,474,474,19,39,118,131,146,146,21,21,21,21],"floor_reached":51,"playtime":3762,"items_purged":["Strike_B","Strike_B","Strike_B"],"score":679,"play_id":"75048abe-0c0c-4482-8bce-4bc0c3288cac","local_time":"20190908162304","is_ascension_mode":false,"campfire_choices":[{"floor":7.0,"key":"REST"},{"floor":13.0,"key":"REST"},{"floor":15.0,"key":"REST"},{"floor":23,"key":"REST"},{"floor":27,"key":"REST"},{"floor":30,"key":"REST"},{"floor":32,"key":"REST"},{"floor":40,"key":"REST"},{"floor":46,"key":"REST"},{"data":"Chill","floor":49,"key":"SMITH"}],"neow_cost":"NONE","seed_source_timestamp":0,"circlet_count":0,"master_deck":["Defend_B","Defend_B","Defend_B","Defend_B","Zap","Dualcast","Impatience","Sunder","Cold Snap","Capacitor","Consume","White Noise","Fusion","Steam","Lockon","Leap","Machine Learning","Rebound","Cold Snap","Gash","Blizzard+1","Cold Snap","Static Discharge","Creative AI","Creative AI","Gash","Heatsinks+1","Capacitor","Loop","Coolheaded","Storm+1","Parasite","Redo+1","Chill+1"],"special_seed":0,"relics":["Cracked Core","Tiny Chest","Smiling Mask","DataDisk","Bag of Marbles","Busted Crown","Red Mask","Matryoshka","Ancient Tea Set","FossilizedHelix","Regal Pillow","Orichalcum","Torii","Lizard Tail","OrangePellets","Lantern","Vajra","Pear"],"potions_floor_usage":[22,31,33,42,45,50],"damage_taken":[{"damage":5.0,"enemies":"Small Slimes","floor":1.0,"turns":3.0},{"damage":6.0,"enemies":"Cultist","floor":2.0,"turns":3.0},{"damage":1.0,"enemies":"Jaw Worm","floor":5.0,"turns":4.0},{"damage":32.0,"enemies":"Gremlin Nob","floor":6.0,"turns":4.0},{"damage":15.0,"enemies":"Lagavulin","floor":8.0,"turns":8.0},{"damage":33.0,"enemies":"Exordium Thugs","floor":10.0,"turns":4.0},{"damage":0.0,"enemies":"2 Fungi Beasts","floor":11.0,"turns":3.0},{"damage":12.0,"enemies":"3 Louse","floor":14.0,"turns":4.0},{"damage":22.0,"enemies":"Hexaghost","floor":16.0,"turns":8.0},{"damage":5,"enemies":"3 Byrds","floor":18,"turns":3},{"damage":11,"enemies":"Spheric Guardian","floor":19,"turns":4},{"damage":23,"enemies":"Masked Bandits","floor":20,"turns":6},{"damage":9,"enemies":"3 Cultists","floor":22,"turns":5},{"damage":4,"enemies":"Cultist and Chosen","floor":24,"turns":6},{"damage":16,"enemies":"Centurion and Healer","floor":28,"turns":5},{"damage":23,"enemies":"Gremlin Leader","floor":31,"turns":4},{"damage":35,"enemies":"Collector","floor":33,"turns":10},{"damage":24,"enemies":"3 Darklings","floor":35,"turns":8},{"damage":6,"enemies":"Orb Walker","floor":36,"turns":5},{"damage":1,"enemies":"Sphere and 2 Shapes","floor":39,"turns":7},{"damage":61,"enemies":"4 Shapes","floor":42,"turns":6},{"damage":10,"enemies":"Writhing Mass","floor":44,"turns":6},{"damage":24,"enemies":"3 Darklings","floor":45,"turns":7},{"damage":1,"enemies":"Donu and Deca","floor":50,"turns":11}],"seed_played":"-5077159077822642512","potions_obtained":[{"floor":2.0,"key":"FocusPotion"},{"floor":11.0,"key":"Poison Potion"},{"floor":18,"key":"Poison Potion"},{"floor":28,"key":"SkillPotion"},{"floor":31,"key":"FearPotion"},{"floor":35,"key":"Poison Potion"},{"floor":42,"key":"Swift Potion"},{"floor":45,"key":"PowerPotion"}],"is_trial":false,"path_per_floor":["M","M","$","?","M","E","R","E","T","M","M","T","R","M","R","B",null,"M","M","?","?","M","R","M","T","T","R","M","$","R","E","R","B",null,"M","M","?","?","M","R","$","M","T","M","M","R","$","?","R","B",null],"character_chosen":"DEFECT","items_purchased":["Capacitor","Regal Pillow","Static Discharge","Orichalcum","OrangePellets","Coolheaded","Lantern","Chill"],"campfire_rested":9,"item_purchase_floors":[3,29,29,29,41,41,41,47],"current_hp_per_floor":[70,64,64,64,63,31,53,38,38,5,5,5,27,15,37,15,75,70,59,36,22,13,37,33,33,33,57,41,41,80,57,80,45,80,56,50,50,50,49,80,80,19,29,19,45,87,87,87,87,86],"gold":21,"neow_bonus":"RANDOM_COLORLESS","is_prod":false,"is_daily":false,"chose_seed":false,"campfire_upgraded":1,"win_rate":0,"timestamp":1567930984,"path_taken":["M","M","$","?","?","E","R","E","T","M","?","?","R","?","R","BOSS","M","M","?","?","M","R","M","?","T","R","M","$","R","E","R","BOSS","M","M","?","?","M","R","$","M","T","?","M","R","?","?","R","BOSS"],"build_version":"2019-07-17","purchased_purges":3,"victory":true,"max_hp_per_floor":[75,75,75,75,75,75,75,75,75,75,75,75,75,75,75,75,75,75,75,75,80,80,80,80,80,80,80,80,80,80,80,80,80,80,80,80,80,80,80,80,80,80,90,90,90,90,90,90,90,90],"card_choices":[{"not_picked":["Skim","Compile Driver"],"picked":"Sunder","floor":1.0},{"not_picked":["Barrage","Gash"],"picked":"Cold Snap","floor":2.0},{"not_picked":["Gash","Steam"],"picked":"Consume","floor":5.0},{"not_picked":["Aggregate","Sweeping Beam"],"picked":"White Noise","floor":6.0},{"not_picked":["Steam","Melter"],"picked":"Fusion","floor":8.0},{"not_picked":["Reprogram","Redo"],"picked":"Steam","floor":10.0},{"not_picked":["Doom and Gloom","Scrape"],"picked":"Lockon","floor":11.0},{"not_picked":["Lockon","Steam"],"picked":"Leap","floor":14.0},{"not_picked":["Seek","Core Surge"],"picked":"Machine Learning","floor":16.0},{"not_picked":[],"picked":"Rebound","floor":18},{"not_picked":[],"picked":"Cold Snap","floor":19},{"not_picked":[],"picked":"Gash","floor":20},{"not_picked":[],"picked":"Blizzard+1","floor":22},{"not_picked":["Leap"],"picked":"SKIP","floor":24},{"not_picked":[],"picked":"Cold Snap","floor":28},{"not_picked":[],"picked":"Creative AI","floor":31},{"not_picked":[],"picked":"Creative AI","floor":33},{"not_picked":[],"picked":"Gash","floor":35},{"not_picked":[],"picked":"Heatsinks+1","floor":36},{"not_picked":[],"picked":"Loop","floor":39},{"not_picked":[],"picked":"Storm+1","floor":42},{"not_picked":["Gash"],"picked":"SKIP","floor":44},{"not_picked":[],"picked":"Redo+1","floor":45}],"player_experience":324920,"relics_obtained":[{"floor":6.0,"key":"Tiny Chest"},{"floor":8.0,"key":"Smiling Mask"},{"floor":9.0,"key":"DataDisk"},{"floor":12.0,"key":"Bag of Marbles"},{"floor":20,"key":"Red Mask"},{"floor":25,"key":"Matryoshka"},{"floor":26,"key":"Ancient Tea Set"},{"floor":26,"key":"FossilizedHelix"},{"floor":31,"key":"Torii"},{"floor":43,"key":"Vajra"},{"floor":43,"key":"Pear"}],"event_choices":[{"cards_removed":["Strike_B"],"damage_healed":0.0,"max_hp_gain":0.0,"max_hp_loss":0.0,"gold_gain":0.0,"event_name":"Bonfire Elementals","player_choice":"Offered Basic","floor":4.0,"gold_loss":0.0,"damage_taken":0.0},{"damage_healed":0,"gold_gain":0,"player_choice":"Fought Bandits","damage_taken":0,"max_hp_gain":0,"max_hp_loss":0,"event_name":"Masked Bandits","floor":20,"gold_loss":0},{"damage_healed":0,"gold_gain":0,"player_choice":"Shed Blood","damage_taken":19,"max_hp_gain":5,"max_hp_loss":0,"event_name":"Forgotten Altar","floor":21,"gold_loss":0},{"damage_healed":0,"gold_gain":222,"player_choice":"Wore Mask","damage_taken":0,"max_hp_gain":0,"max_hp_loss":0,"event_name":"Tomb of Lord Red Mask","floor":37,"gold_loss":0},{"damage_healed":0,"gold_gain":0,"player_choice":"Copied","damage_taken":0,"max_hp_gain":0,"max_hp_loss":0,"event_name":"Duplicator","floor":38,"gold_loss":0,"cards_obtained":["Capacitor"]},{"damage_healed":0,"gold_gain":0,"player_choice":"Ignored","damage_taken":0,"max_hp_gain":0,"max_hp_loss":0,"event_name":"Mysterious Sphere","floor":48,"gold_loss":0}],"is_beta":false,"boss_relics":[{"not_picked":["Runic Dome","Philosopher\u0027s Stone"],"picked":"Busted Crown"},{"not_picked":["Black Star","Tiny House"],"picked":"Lizard Tail"}],"items_purged_floors":[29,41,47],"is_endless":false,"potions_floor_spawned":[2,11,18,28,31,35,42,45],"ascension_level":0}