{"gold_per_floor":[215,230,0,12,30,30,56,56,56,56,56,74,109,123,123,123],"floor_reached":16,"playtime":1788,"items_purged":[],"score":185,"play_id":"36234aed-2f9e-429c-8298-2da7371c8273","local_time":"20190911233235","is_ascension_mode":true,"campfire_choices":[{"data":"Catalyst","floor":6.0,"key":"SMITH"},{"data":"1","floor":8,"key":"LIFT"},{"data":"2","floor":11,"key":"LIFT"},{"data":"3","floor":15,"key":"LIFT"}],"neow_cost":"NONE","seed_source_timestamp":1635934357600,"circlet_count":0,"master_deck":["AscendersBane","Strike_G","Strike_G","Strike_G","Strike_G","Strike_G","Defend_G","Defend_G","Defend_G","Defend_G","Defend_G","Survivor","Neutralize","Escape Plan","Catalyst+1","Acrobatics","Dagger Throw","Skewer","Eviscerate","Underhanded Strike"],"special_seed":0,"relics":["Ring of the Snake","Strawberry","Girya","Dead Branch","Meat on the Bone"],"potions_floor_usage":[7,14,14,16],"damage_taken":[{"damage":0.0,"enemies":"Small Slimes","floor":1.0,"turns":4.0},{"damage":1.0,"enemies":"2 Louse","floor":2.0,"turns":3.0},{"damage":3.0,"enemies":"Jaw Worm","floor":4.0,"turns":5.0},{"damage":0.0,"enemies":"Exordium Wildlife","floor":5.0,"turns":5.0},{"damage":34,"enemies":"Lagavulin","floor":7,"turns":9},{"damage":0,"enemies":"Large Slime","floor":12,"turns":5},{"damage":26,"enemies":"Gremlin Nob","floor":13,"turns":4},{"damage":0,"enemies":"3 Louse","floor":14,"turns":4},{"damage":18,"enemies":"Slime Boss","floor":16,"turns":4}],"seed_played":"223380529937439837","potions_obtained":[{"floor":7,"key":"SteroidPotion"},{"floor":12,"key":"SkillPotion"},{"floor":14,"key":"LiquidBronze"}],"is_trial":false,"path_per_floor":["M","M","$","M","M","R","E","R","T","?","R","M","E","M","R","B"],"character_chosen":"THE_SILENT","items_purchased":["Strawberry","LiquidBronze"],"campfire_rested":0,"item_purchase_floors":[3,3],"current_hp_per_floor":[63,62,69,66,66,66,32,32,32,32,32,32,6,18,18,0],"gold":123,"neow_bonus":"HUNDRED_GOLD","is_prod":false,"is_daily":false,"chose_seed":false,"campfire_upgraded":1,"win_rate":0,"timestamp":1568237555,"path_taken":["M","M","$","M","M","R","E","R","T","?","R","M","E","M","R","BOSS"],"build_version":"2019-07-17","purchased_purges":0,"victory":false,"max_hp_per_floor":[70,70,77,77,77,77,77,77,77,77,77,77,77,77,77,77],"card_choices":[{"not_picked":["Quick Slash","Cloak And Dagger"],"picked":"Escape Plan","floor":1.0},{"not_picked":["Deflect","Blade Dance"],"picked":"Catalyst","floor":2.0},{"not_picked":["Blade Dance","Quick Slash"],"picked":"Acrobatics","floor":4.0},{"not_picked":["Wraith Form v2","Quick Slash"],"picked":"Dagger Throw","floor":5.0},{"not_picked":["Riddle With Holes","Flying Knee"],"picked":"Skewer","floor":7},{"not_picked":["Quick Slash","Dagger Spray","Underhanded Strike"],"picked":"SKIP","floor":12},{"not_picked":["Cloak And Dagger","Flying Knee"],"picked":"Eviscerate","floor":13},{"not_picked":["Dagger Throw","Slice"],"picked":"Underhanded Strike","floor":14}],"player_experience":267214,"relics_obtained":[{"floor":7,"key":"Girya"},{"floor":9,"key":"Dead Branch"},{"floor":13,"key":"Meat on the Bone"}],"event_choices":[{"damage_healed":0,"gold_gain":0,"player_choice":"Searched \u00271\u0027 times","damage_taken":0,"max_hp_gain":0,"max_hp_loss":0,"event_name":"Dead Adventurer","floor":10,"gold_loss":0}],"is_beta":false,"boss_relics":[],"items_purged_floors":[],"is_endless":false,"potions_floor_spawned":[7,12,13,14],"killed_by":"Slime Boss","ascension_level":13}