{"gold_per_floor":[111,111,124,143,93,93,118,137,137,137,154,154,179,179,179,280,280,295,295,306,306],"floor_reached":21,"playtime":2288,"items_purged":[],"score":265,"play_id":"55c32d89-bbbf-4248-94cc-8275d7f72232","local_time":"20190912120938","is_ascension_mode":true,"campfire_choices":[{"data":"Go for the Eyes","floor":6.0,"key":"SMITH"},{"floor":10.0,"key":"RECALL"},{"floor":12.0,"key":"REST"},{"floor":15.0,"key":"REST"}],"neow_cost":"NONE","seed_source_timestamp":0,"circlet_count":0,"master_deck":["Strike_B","Strike_B","Strike_B","Defend_B","Defend_B","Defend_B","Defend_B","Zap","Dualcast","Lockon","Go for the Eyes+1","Turbo","Amplify","Scrape","Ball Lightning","Amplify","Chaos","Biased Cognition","Cold Snap+1","Redo"],"special_seed":0,"relics":["Cracked Core","Dream Catcher","Bottled Lightning","Oddly Smooth Stone","Runic Pyramid"],"potions_floor_usage":[],"damage_taken":[{"damage":1.0,"enemies":"2 Louse","floor":1.0,"turns":2.0},{"damage":3.0,"enemies":"Small Slimes","floor":3.0,"turns":3.0},{"damage":2.0,"enemies":"Jaw Worm","floor":4.0,"turns":3.0},{"damage":35.0,"enemies":"3 Sentries","floor":7.0,"turns":7.0},{"damage":2.0,"enemies":"Large Slime","floor":8.0,"turns":5.0},{"damage":12.0,"enemies":"Exordium Wildlife","floor":11.0,"turns":4.0},{"damage":12.0,"enemies":"Gremlin Nob","floor":13.0,"turns":3.0},{"damage":42.0,"enemies":"Hexaghost","floor":16.0,"turns":8.0},{"damage":27.0,"enemies":"2 Thieves","floor":18.0,"turns":4.0},{"damage":18.0,"enemies":"3 Byrds","floor":20.0,"turns":3.0},{"damage":16,"enemies":"Shelled Parasite and Fungi","floor":21,"turns":2}],"seed_played":"4037965814577044765","potions_obtained":[{"floor":0.0,"key":"FearPotion"},{"floor":0.0,"key":"Ancient Potion"},{"floor":0.0,"key":"FearPotion"},{"floor":4.0,"key":"Ancient Potion"},{"floor":8.0,"key":"FearPotion"},{"floor":13.0,"key":"FearPotion"},{"floor":16.0,"key":"SpeedPotion"},{"floor":18.0,"key":"SteroidPotion"}],"is_trial":false,"path_per_floor":["M","?","M","M","?","R","E","M","T","R","M","R","E","T","R","B",null,"M","?","M","M"],"character_chosen":"DEFECT","items_purchased":[],"campfire_rested":2,"item_purchase_floors":[],"current_hp_per_floor":[67,67,64,62,62,62,27,25,25,25,13,35,23,23,45,3,57,30,30,12,0],"gold":306,"neow_bonus":"THREE_SMALL_POTIONS","is_prod":false,"is_daily":false,"chose_seed":false,"campfire_upgraded":1,"win_rate":0,"timestamp":1568282978,"path_taken":["M","?","M","M","?","R","E","M","T","R","M","R","E","?","R","BOSS","M","?","M","M"],"build_version":"2019-07-17","purchased_purges":0,"victory":false,"max_hp_per_floor":[75,75,75,75,75,75,75,75,75,75,75,75,75,75,75,75,75,75,75,75,75],"card_choices":[{"not_picked":["Leap","Chaos"],"picked":"Lockon","floor":1.0},{"not_picked":["Streamline","Sweeping Beam"],"picked":"Go for the Eyes","floor":3.0},{"not_picked":["Compile Driver","Beam Cell"],"picked":"Turbo","floor":4.0},{"not_picked":["Lockon","Double Energy"],"picked":"Amplify","floor":7.0},{"not_picked":["Rebound","Compile Driver","Barrage"],"picked":"SKIP","floor":8.0},{"not_picked":["Beam Cell","Streamline"],"picked":"Scrape","floor":11.0},{"not_picked":["FTL","Beam Cell"],"picked":"Ball Lightning","floor":12.0},{"not_picked":["Turbo","Leap"],"picked":"Amplify","floor":13.0},{"not_picked":["Compile Driver","Blizzard"],"picked":"Chaos","floor":15.0},{"not_picked":["Thunder Strike","Echo Form"],"picked":"Biased Cognition","floor":16.0},{"not_picked":["Leap","Conserve Battery"],"picked":"Cold Snap+1","floor":18.0},{"not_picked":["Sunder+1","Ball Lightning"],"picked":"Redo","floor":20.0}],"player_experience":284494,"relics_obtained":[{"floor":7.0,"key":"Dream Catcher"},{"floor":13.0,"key":"Bottled Lightning"},{"floor":14.0,"key":"Oddly Smooth Stone"}],"event_choices":[{"damage_healed":0.0,"max_hp_gain":0.0,"max_hp_loss":0.0,"gold_gain":0.0,"event_name":"Liars Game","player_choice":"Ignored","floor":2.0,"gold_loss":0.0,"damage_taken":0.0},{"cards_removed":["Strike_B"],"damage_healed":0.0,"max_hp_gain":0.0,"max_hp_loss":0.0,"gold_gain":0.0,"event_name":"The Cleric","player_choice":"Card Removal","floor":5.0,"gold_loss":50.0,"damage_taken":0.0},{"damage_healed":0.0,"max_hp_gain":0.0,"max_hp_loss":0.0,"gold_gain":0.0,"event_name":"Cursed Tome","player_choice":"Ignored","floor":19.0,"gold_loss":0.0,"damage_taken":0.0}],"is_beta":false,"boss_relics":[{"not_picked":["Philosopher\u0027s Stone","Orrery"],"picked":"Runic Pyramid"}],"items_purged_floors":[],"is_endless":false,"potions_floor_spawned":[4,8,13,16,18],"killed_by":"Shelled Parasite and Fungi","ascension_level":8}