{"gold_per_floor":[111,125,139,314,314,314,349,349,349,349,366,398,398,417,417,516,516,526,542,542,51,62,62,88,88,88,188,188,61,61,74,74,170,170,189,77,0,0,48,48,65,65,65,65,76,89,89,107,107,107],"floor_reached":51,"playtime":2345,"items_purged":["Strike_R"],"score":873,"play_id":"1ff3e898-c506-4d68-84ec-7ba721bff5be","local_time":"20190621001658","is_ascension_mode":false,"campfire_choices":[{"data":"Whirlwind","floor":6.0,"key":"SMITH"},{"floor":8.0,"key":"REST"},{"data":"Bash","floor":10.0,"key":"SMITH"},{"data":"Impervious","floor":13.0,"key":"SMITH"},{"data":"Seeing Red","floor":15.0,"key":"SMITH"},{"data":"Feed","floor":23.0,"key":"SMITH"},{"floor":28.0,"key":"REST"},{"data":"Heavy Blade","floor":32.0,"key":"SMITH"},{"data":"Demon Form","floor":40.0,"key":"SMITH"},{"data":"1","floor":44.0,"key":"LIFT"},{"data":"2","floor":47.0,"key":"LIFT"},{"data":"3","floor":49.0,"key":"LIFT"}],"neow_cost":"PERCENT_DAMAGE","seed_source_timestamp":606960410874431,"circlet_count":0,"master_deck":["Strike_R","Strike_R","Strike_R","Defend_R","Defend_R","Defend_R","Defend_R","Bash+1","Cleave","Whirlwind+1","Impervious+1","Seeing Red+1","Feed+1","Shockwave+1","Secret Technique+1","Metallicize","Demon Form+1","Armaments+1","Heavy Blade+1","Limit Break+1","Shrug It Off+1","Flame Barrier+1","Trip+1","Twin Strike+1"],"special_seed":0,"relics":["Burning Blood","WingedGreaves","Mango","Champion Belt","Art of War","Velvet Choker","Membership Card","Toxic Egg 2","Orichalcum","Girya","PreservedInsect","FossilizedHelix","Torii","Pantograph","Bottled Tornado","Cursed Key","Omamori","Red Mask","Dead Branch","Meat on the Bone"],"potions_floor_usage":[50],"damage_taken":[{"damage":7.0,"enemies":"Small Slimes","floor":1.0,"turns":4.0},{"damage":0.0,"enemies":"2 Louse","floor":2.0,"turns":2.0},{"damage":1.0,"enemies":"Cultist","floor":3.0,"turns":4.0},{"damage":28.0,"enemies":"Gremlin Nob","floor":7.0,"turns":4.0},{"damage":0.0,"enemies":"Blue Slaver","floor":11.0,"turns":3.0},{"damage":18.0,"enemies":"3 Sentries","floor":12.0,"turns":5.0},{"damage":0.0,"enemies":"2 Fungi Beasts","floor":14.0,"turns":2.0},{"damage":57.0,"enemies":"The Guardian","floor":16.0,"turns":9.0},{"damage":30.0,"enemies":"2 Thieves","floor":18.0,"turns":4.0},{"damage":7.0,"enemies":"Shell Parasite","floor":19.0,"turns":4.0},{"damage":6.0,"enemies":"Shelled Parasite and Fungi","floor":22.0,"turns":6.0},{"damage":43.0,"enemies":"Book of Stabbing","floor":24.0,"turns":8.0},{"damage":9.0,"enemies":"Colosseum Slavers","floor":27.0,"turns":7.0},{"damage":0.0,"enemies":"Colosseum Nobs","floor":27.0,"turns":3.0},{"damage":0.0,"enemies":"Centurion and Healer","floor":31.0,"turns":6.0},{"damage":0.0,"enemies":"Champ","floor":33.0,"turns":7.0},{"damage":0.0,"enemies":"3 Darklings","floor":35.0,"turns":4.0},{"damage":12.0,"enemies":"2 Orb Walkers","floor":39.0,"turns":4.0},{"damage":0.0,"enemies":"Orb Walker","floor":41.0,"turns":3.0},{"damage":1.0,"enemies":"Jaw Worm Horde","floor":45.0,"turns":5.0},{"damage":0.0,"enemies":"Sphere and 2 Shapes","floor":46.0,"turns":2.0},{"damage":0.0,"enemies":"Maw","floor":48.0,"turns":6.0},{"damage":61,"enemies":"Donu and Deca","floor":50,"turns":9}],"seed_played":"8048967676996914558","potions_obtained":[{"floor":1.0,"key":"Weak Potion"},{"floor":7.0,"key":"EssenceOfSteel"},{"floor":12.0,"key":"GamblersBrew"},{"floor":19.0,"key":"SpeedPotion"},{"floor":27.0,"key":"PowerPotion"},{"floor":35.0,"key":"FearPotion"},{"floor":41.0,"key":"Fire Potion"}],"is_trial":false,"path_per_floor":["M","M","M","?","?","R","E","R","T","R","M","E","R","M","R","B",null,"M","M","?","$","M","R","E","?","T","?","R","$","?","M","R","B",null,"M","$","?","?","?","R","M","?","T","R","M","M","R","M","R","B",null],"character_chosen":"IRONCLAD","items_purchased":["Membership Card","Toxic Egg 2","Secret Technique+1","Orichalcum","Bottled Tornado","Omamori"],"campfire_rested":2,"item_purchase_floors":[21,21,21,21,29,36],"current_hp_per_floor":[55,61,66,66,66,66,58,86,86,86,92,80,80,86,86,35,94,70,69,69,69,72,72,35,35,35,42,72,72,72,78,78,101,101,101,101,101,96,90,90,96,91,91,91,100,100,100,100,100,61],"gold":107,"neow_bonus":"ONE_RARE_RELIC","is_prod":false,"is_daily":false,"chose_seed":false,"campfire_upgraded":7,"win_rate":0,"timestamp":1561090618,"path_taken":["M","M","M","?","?","R","E","R","T","R","M","E","R","M","R","BOSS","M","M","?","?","M","R","E","?","T","?","R","$","?","M","R","BOSS","M","$","?","?","?","R","?","?","T","R","M","M","R","M","R","BOSS"],"build_version":"2019-01-23","purchased_purges":1,"victory":true,"max_hp_per_floor":[80,80,80,80,80,80,94,94,94,94,94,94,94,94,94,94,94,94,94,94,94,97,97,97,97,97,101,101,101,101,101,101,101,101,101,101,101,96,96,96,96,96,96,96,100,100,100,100,100,104],"card_choices":[{"not_picked":["Evolve","Heavy Blade"],"picked":"Cleave","floor":1.0},{"not_picked":["Iron Wave","Anger","Sword Boomerang"],"picked":"SKIP","floor":2.0},{"not_picked":["Wild Strike","Seeing Red"],"picked":"Whirlwind","floor":3.0},{"not_picked":["Seeing Red","Wild Strike"],"picked":"Impervious","floor":7.0},{"not_picked":["Sever Soul","Pommel Strike","Body Slam"],"picked":"SKIP","floor":11.0},{"not_picked":["Dark Embrace","Iron Wave","Carnage"],"picked":"SKIP","floor":12.0},{"not_picked":["Corruption","Anger"],"picked":"Seeing Red","floor":14.0},{"not_picked":["Reaper","Fiend Fire"],"picked":"Feed","floor":16.0},{"not_picked":["True Grit+1","Wild Strike"],"picked":"Shockwave+1","floor":18.0},{"not_picked":["Dual Wield+1","Anger","Headbutt"],"picked":"SKIP","floor":19.0},{"not_picked":["Feel No Pain","Twin Strike"],"picked":"Metallicize","floor":22.0},{"not_picked":["Twin Strike+1","Carnage+1"],"picked":"Demon Form","floor":24.0},{"not_picked":["Cleave+1","Perfected Strike+1"],"picked":"Heavy Blade","floor":31.0},{"not_picked":["Berserk","Offering+1"],"picked":"Limit Break+1","floor":33.0},{"not_picked":["Armaments+1","Warcry+1","Fire Breathing"],"picked":"SKIP","floor":35.0},{"not_picked":["Clash","Seeing Red+1"],"picked":"Shrug It Off+1","floor":39.0},{"not_picked":["Iron Wave","Spot Weakness+1"],"picked":"Flame Barrier+1","floor":41.0},{"not_picked":["Secret Weapon+1","Forethought+1"],"picked":"Trip+1","floor":42.0},{"not_picked":["Pommel Strike","Rampage","Dual Wield+1"],"picked":"SKIP","floor":45.0},{"not_picked":["Body Slam+1","Reckless Charge"],"picked":"Twin Strike+1","floor":46.0},{"not_picked":["Body Slam+1","Pommel Strike+1","Cleave+1"],"picked":"SKIP","floor":48.0}],"player_experience":392167,"relics_obtained":[{"floor":7.0,"key":"Mango"},{"floor":9.0,"key":"Champion Belt"},{"floor":12.0,"key":"Art of War"},{"floor":24.0,"key":"Girya"},{"floor":26.0,"key":"FossilizedHelix"},{"floor":27.0,"key":"Torii"},{"floor":27.0,"key":"Pantograph"},{"floor":39.0,"key":"Dead Branch"},{"floor":43.0,"key":"Meat on the Bone"}],"event_choices":[{"damage_healed":0.0,"max_hp_gain":0.0,"max_hp_loss":0.0,"gold_gain":175.0,"event_name":"Liars Game","player_choice":"AGREE","floor":4.0,"gold_loss":0.0,"damage_taken":0.0,"cards_obtained":["Doubt"]},{"cards_removed":["Doubt"],"damage_healed":0.0,"max_hp_gain":0.0,"max_hp_loss":0.0,"gold_gain":0.0,"event_name":"Living Wall","player_choice":"Forget","floor":5.0,"gold_loss":0.0,"damage_taken":0.0},{"damage_healed":0.0,"max_hp_gain":0.0,"max_hp_loss":0.0,"gold_gain":0.0,"event_name":"FaceTrader","player_choice":"Leave","floor":20.0,"gold_loss":0.0,"damage_taken":0.0},{"damage_healed":0.0,"max_hp_gain":0.0,"max_hp_loss":0.0,"gold_gain":0.0,"event_name":"The Mausoleum","player_choice":"Opened","floor":25.0,"gold_loss":0.0,"damage_taken":0.0,"relics_obtained":["PreservedInsect"]},{"damage_healed":0.0,"max_hp_gain":0.0,"max_hp_loss":0.0,"gold_gain":0.0,"event_name":"Colosseum","player_choice":"Fight","floor":27.0,"gold_loss":0.0,"damage_taken":0.0},{"damage_healed":0.0,"max_hp_gain":0.0,"max_hp_loss":0.0,"gold_gain":0.0,"event_name":"Colosseum","player_choice":"Fought Nobs","floor":27.0,"gold_loss":0.0,"damage_taken":0.0},{"damage_healed":0.0,"max_hp_gain":0.0,"max_hp_loss":0.0,"gold_gain":0.0,"cards_transformed":["Strike_R"],"event_name":"Transmorgrifier","player_choice":"Transformed","floor":30.0,"gold_loss":0.0,"damage_taken":0.0,"cards_obtained":["Armaments"]},{"damage_healed":0.0,"max_hp_gain":0.0,"max_hp_loss":0.0,"gold_gain":0.0,"event_name":"Tomb of Lord Red Mask","player_choice":"Paid","floor":37.0,"gold_loss":77.0,"damage_taken":0.0,"relics_obtained":["Red Mask"]},{"damage_healed":0.0,"max_hp_gain":0.0,"max_hp_loss":5.0,"gold_gain":0.0,"event_name":"Winding Halls","player_choice":"Max HP","floor":38.0,"gold_loss":0.0,"damage_taken":0.0},{"damage_healed":0.0,"max_hp_gain":0.0,"max_hp_loss":0.0,"gold_gain":0.0,"event_name":"Mysterious Sphere","player_choice":"Fight","floor":39.0,"gold_loss":0.0,"damage_taken":0.0},{"damage_healed":0.0,"max_hp_gain":0.0,"max_hp_loss":0.0,"gold_gain":0.0,"event_name":"SensoryStone","player_choice":"Memory 2","floor":42.0,"gold_loss":0.0,"damage_taken":5.0}],"is_beta":false,"boss_relics":[{"not_picked":["Runic Pyramid","Fusion Hammer"],"picked":"Velvet Choker"},{"not_picked":["Snecko Eye","Orrery"],"picked":"Cursed Key"}],"items_purged_floors":[36],"is_endless":false,"potions_floor_spawned":[1,7,12,14,18,19,22,27,35,41,45],"ascension_level":0}