{"gold_per_floor":[369,369,388,388,51,51,51,85,134,201,211,211,231,260,260,260],"floor_reached":16,"playtime":1033,"items_purged":[],"score":132,"play_id":"7edd5cac-cc48-4825-8b7a-18bcb6a011ce","local_time":"20190911222803","is_ascension_mode":true,"campfire_choices":[{"floor":6,"key":"RECALL"},{"floor":12,"key":"REST"},{"floor":15,"key":"REST"}],"neow_cost":"TEN_PERCENT_HP_LOSS","seed_source_timestamp":22269524023200,"circlet_count":0,"master_deck":["Strike_G","Strike_G","Strike_G","Strike_G","Strike_G","Defend_G","Defend_G","Defend_G","Defend_G","Defend_G","Survivor","Neutralize","Flechettes","Acrobatics","Accuracy","PiercingWail","Cloak And Dagger","Crippling Poison","Bane"],"relics":["Ring of the Snake","Snake Skull","Sling","SsserpentHead","PreservedInsect","Prayer Wheel"],"potions_floor_usage":[16,16,16],"damage_taken":[{"damage":0,"enemies":"Cultist","floor":1,"turns":4},{"damage":0,"enemies":"Jaw Worm","floor":3,"turns":5},{"damage":23,"enemies":"Lagavulin","floor":8,"turns":8},{"damage":2,"enemies":"Small Slimes","floor":10,"turns":3},{"damage":13,"enemies":"Red Slaver","floor":11,"turns":6},{"damage":0,"enemies":"Exordium Wildlife","floor":13,"turns":4},{"damage":27,"enemies":"Gremlin Nob","floor":14,"turns":4},{"damage":58,"enemies":"Hexaghost","floor":16,"turns":15}],"seed_played":"-1509062855507125840","potions_obtained":[{"floor":3,"key":"Dexterity Potion"},{"floor":10,"key":"GamblersBrew"},{"floor":14,"key":"Regen Potion"}],"is_trial":false,"path_per_floor":["M","?","M","?","$","R","?","E","T","M","M","R","M","E","R","B"],"character_chosen":"THE_SILENT","items_purchased":["Snake Skull","Sling"],"campfire_rested":2,"item_purchase_floors":[5,5],"current_hp_per_floor":[63,63,63,68,68,68,68,45,45,43,30,50,50,23,43,0],"gold":260,"neow_bonus":"TWO_FIFTY_GOLD","is_prod":false,"is_daily":false,"chose_seed":false,"campfire_upgraded":0,"win_rate":0,"timestamp":1568258883,"path_taken":["M","?","M","?","$","R","?","E","T","?","M","R","M","E","R","BOSS"],"build_version":"2019-07-17","purchased_purges":0,"victory":false,"max_hp_per_floor":[63,63,63,68,68,68,68,68,68,68,68,68,68,68,68,68],"card_choices":[{"not_picked":["Blade Dance","Poisoned Stab"],"picked":"Flechettes","floor":1},{"not_picked":["Quick Slash","Dodge and Roll"],"picked":"Acrobatics","floor":3},{"not_picked":["Dagger Throw","Backstab"],"picked":"Accuracy","floor":8},{"not_picked":["Eviscerate","Deadly Poison"],"picked":"PiercingWail","floor":10},{"not_picked":["Deadly Poison","Dagger Throw"],"picked":"Cloak And Dagger","floor":11},{"not_picked":["Deadly Poison","Dagger Throw"],"picked":"Crippling Poison","floor":13},{"not_picked":["Terror","Heel Hook"],"picked":"Bane","floor":14}],"player_experience":343720,"relics_obtained":[{"floor":8,"key":"PreservedInsect"},{"floor":14,"key":"Prayer Wheel"}],"event_choices":[{"damage_healed":0,"gold_gain":0,"player_choice":"Leave","damage_taken":0,"max_hp_gain":0,"max_hp_loss":0,"event_name":"The Cleric","floor":2,"gold_loss":0},{"damage_healed":0,"gold_gain":0,"player_choice":"Donut","damage_taken":0,"max_hp_gain":5,"max_hp_loss":0,"event_name":"Big Fish","floor":4,"gold_loss":0},{"damage_healed":0,"gold_gain":0,"player_choice":"Trade","damage_taken":0,"relics_obtained":["SsserpentHead"],"max_hp_gain":0,"max_hp_loss":0,"event_name":"FaceTrader","floor":7,"gold_loss":0}],"is_beta":false,"boss_relics":[],"items_purged_floors":[],"is_endless":false,"potions_floor_spawned":[3,10,14],"killed_by":"Hexaghost","ascension_level":4}