{"gold_per_floor":[110,110,129,140,30,30,59,59,112,140,140,151,161,211,211,290,290,304,320,104,118,25,25,25,25,25,0,0,0,0,18,18,18],"floor_reached":33,"playtime":3191,"items_purged":["Injury"],"score":493,"play_id":"0fbec90e-e243-444d-8904-b9bde9ab8d09","local_time":"20190911100913","is_ascension_mode":true,"campfire_choices":[{"data":"Poisoned Stab","floor":6,"key":"SMITH"},{"floor":8,"key":"REST"},{"data":"Phantasmal Killer","floor":11,"key":"SMITH"},{"data":"Adrenaline","floor":15,"key":"SMITH"},{"floor":23,"key":"REST"},{"floor":28,"key":"REST"},{"floor":32,"key":"REST"}],"neow_cost":"CURSE","seed_source_timestamp":481915654808200,"circlet_count":0,"master_deck":["AscendersBane","Defend_G+1","Defend_G+1","Defend_G+1","Defend_G+1","Defend_G+1","Survivor","Neutralize+1","Adrenaline+1","Infinite Blades","Poisoned Stab+1","Sucker Punch","Noxious Fumes","Backflip","Cloak And Dagger","Phantasmal Killer+1","Caltrops","Deadly Poison","Envenom","Slice+1","Cloak And Dagger","PiercingWail","Footwork","Necronomicurse","Bite","Bite","Bite","Bite","Bite","Flechettes+1"],"relics":["Ring of the Snake","Snake Skull","Happy Flower","Busted Crown","Necronomicon","The Specimen"],"potions_floor_usage":[10,13,21,31,33],"damage_taken":[{"damage":4,"enemies":"Jaw Worm","floor":1,"turns":7},{"damage":6,"enemies":"2 Louse","floor":3,"turns":3},{"damage":0,"enemies":"Cultist","floor":4,"turns":4},{"damage":26,"enemies":"3 Sentries","floor":7,"turns":8},{"damage":3,"enemies":"Lagavulin","floor":10,"turns":6},{"damage":4,"enemies":"Red Slaver","floor":12,"turns":4},{"damage":1,"enemies":"3 Louse","floor":13,"turns":2},{"damage":28,"enemies":"Slime Boss","floor":16,"turns":10},{"damage":19,"enemies":"Spheric Guardian","floor":18,"turns":4},{"damage":18,"enemies":"Chosen","floor":19,"turns":4},{"damage":9,"enemies":"Snake Plant","floor":21,"turns":4},{"damage":20,"enemies":"Centurion and Healer","floor":31,"turns":4},{"damage":56,"enemies":"Collector","floor":33,"turns":5}],"seed_played":"-3339753591647469041","potions_obtained":[{"floor":1,"key":"Explosive Potion"},{"floor":3,"key":"Explosive Potion"},{"floor":4,"key":"Poison Potion"},{"floor":21,"key":"Explosive Potion"}],"is_trial":false,"path_per_floor":["M","?","M","M","$","R","E","R","T","E","R","M","M","?","R","B",null,"M","M","$","M","$","R","?","?","T","?","R","?","?","M","R","B"],"character_chosen":"THE_SILENT","items_purchased":["Noxious Fumes","Backflip","GhostInAJar","Cloak And Dagger","Footwork","PowerPotion"],"campfire_rested":4,"item_purchase_floors":[5,5,20,20,22,22],"current_hp_per_floor":[55,55,49,49,49,49,23,42,42,41,41,39,40,40,40,14,53,36,20,20,13,13,32,45,24,24,24,43,43,43,29,48,0],"gold":18,"neow_bonus":"THREE_RARE_CARDS","is_prod":false,"is_daily":false,"chose_seed":false,"campfire_upgraded":3,"win_rate":0,"timestamp":1568221753,"path_taken":["M","?","M","M","$","R","E","R","T","E","R","M","M","?","R","BOSS","M","M","$","?","?","R","?","?","T","?","R","?","?","M","R","BOSS"],"build_version":"2019-07-17","purchased_purges":1,"victory":false,"max_hp_per_floor":[66,66,66,66,66,66,66,66,66,66,66,66,66,66,66,66,66,66,66,66,66,66,66,66,66,66,66,66,66,66,66,66,66],"card_choices":[{"not_picked":["Burst","Grand Finale"],"picked":"Adrenaline","floor":0},{"not_picked":["Calculated Gamble","Blur"],"picked":"Infinite Blades","floor":1},{"not_picked":["Cloak And Dagger","Expertise"],"picked":"Poisoned Stab","floor":3},{"not_picked":["Cloak And Dagger","Flying Knee"],"picked":"Sucker Punch","floor":4},{"not_picked":["Phantasmal Killer","Expertise"],"picked":"Cloak And Dagger","floor":7},{"not_picked":["Skewer","Blade Dance"],"picked":"Phantasmal Killer","floor":10},{"not_picked":["Distraction","Backflip"],"picked":"Caltrops","floor":12},{"not_picked":["Cloak And Dagger","Flying Knee"],"picked":"Deadly Poison","floor":13},{"not_picked":["Tools of the Trade","Wraith Form v2"],"picked":"Envenom","floor":16},{"not_picked":["Underhanded Strike+1"],"picked":"SKIP","floor":18},{"not_picked":[],"picked":"Slice+1","floor":19},{"not_picked":[],"picked":"PiercingWail","floor":21},{"not_picked":[],"picked":"Flechettes+1","floor":31}],"player_experience":895428,"relics_obtained":[{"floor":7,"key":"Blood Vial"},{"floor":9,"key":"Snake Skull"},{"floor":10,"key":"Happy Flower"},{"floor":25,"key":"Necronomicon"},{"floor":26,"key":"The Specimen"}],"event_choices":[{"damage_healed":0,"gold_gain":0,"player_choice":"Grow","damage_taken":0,"max_hp_gain":0,"max_hp_loss":0,"event_name":"Living Wall","floor":2,"gold_loss":0,"cards_upgraded":["Neutralize"]},{"damage_healed":0,"gold_gain":50,"player_choice":"Pray","damage_taken":0,"max_hp_gain":0,"max_hp_loss":0,"event_name":"Golden Shrine","floor":14,"gold_loss":0},{"damage_healed":13,"gold_gain":0,"player_choice":"Heal","damage_taken":0,"max_hp_gain":0,"max_hp_loss":0,"event_name":"The Library","floor":24,"gold_loss":0},{"damage_healed":0,"gold_gain":0,"player_choice":"Obtained Book","damage_taken":21,"max_hp_gain":0,"max_hp_loss":0,"event_name":"Cursed Tome","floor":25,"gold_loss":0},{"damage_healed":0,"gold_gain":0,"player_choice":"Paid Fearfully","damage_taken":0,"max_hp_gain":0,"max_hp_loss":0,"event_name":"Masked Bandits","floor":27,"gold_loss":25},{"damage_healed":0,"gold_gain":0,"player_choice":"Simplicity","damage_taken":0,"max_hp_gain":0,"max_hp_loss":0,"event_name":"Back to Basics","floor":29,"gold_loss":0,"cards_upgraded":["Strike_G","Strike_G","Strike_G","Strike_G","Strike_G","Defend_G","Defend_G","Defend_G","Defend_G","Defend_G"]},{"damage_healed":0,"gold_gain":0,"player_choice":"Became a vampire (Vial)","damage_taken":0,"max_hp_gain":0,"max_hp_loss":0,"event_name":"Vampires","floor":30,"relics_lost":["Blood Vial"],"gold_loss":0,"cards_obtained":["Bite","Bite","Bite","Bite","Bite"]}],"is_beta":false,"boss_relics":[{"not_picked":["Tiny House","Fusion Hammer"],"picked":"Busted Crown"}],"items_purged_floors":[20],"is_endless":false,"potions_floor_spawned":[1,3,4,21],"killed_by":"Collector","ascension_level":17}