{"gold_per_floor":[117,117,117,130,149,175,175,195,221,247,247,281,281,302,302,430,430,445,445,445,14,35,73,98,114,139,154,154,154,197,218,218,218],"floor_reached":33,"playtime":1599,"items_purged":[],"score":457,"play_id":"fffcbce2-febb-47d3-8292-cb6288b819e7","local_time":"20190515102104","is_ascension_mode":true,"campfire_choices":[{"floor":7.0,"key":"REST"},{"floor":13.0,"key":"REST"},{"data":"Carnage","floor":15.0,"key":"SMITH"},{"data":"Flame Barrier","floor":29.0,"key":"SMITH"},{"floor":32.0,"key":"REST"}],"neow_cost":"NONE","seed_source_timestamp":2589443675933,"circlet_count":0,"master_deck":["Defend_R","Defend_R","Defend_R","Defend_R","Bash","Shrug It Off+1","Shrug It Off","Whirlwind","Carnage+1","Impervious","Pommel Strike+1","Bite","Bite","Bite","Bite","Flash of Steel","Bludgeon","Seeing Red","Bludgeon","True Grit+1","Battle Trance","True Grit+1","Flame Barrier+1"],"special_seed":0,"relics":["Burning Blood","Bag of Marbles","Potion Belt","Ancient Tea Set","Golden Idol","Ice Cream","Velvet Choker","DollysMirror","Bottled Lightning","Centennial Puzzle","Calipers"],"potions_floor_usage":[33,33,33,33],"damage_taken":[{"damage":2.0,"enemies":"2 Louse","floor":1.0,"turns":3.0},{"damage":5.0,"enemies":"Small Slimes","floor":4.0,"turns":4.0},{"damage":1.0,"enemies":"Cultist","floor":5.0,"turns":4.0},{"damage":66.0,"enemies":"Lagavulin","floor":6.0,"turns":10.0},{"damage":0.0,"enemies":"3 Louse","floor":8.0,"turns":1.0},{"damage":20.0,"enemies":"3 Sentries","floor":10.0,"turns":3.0},{"damage":36.0,"enemies":"Lagavulin","floor":12.0,"turns":8.0},{"damage":0.0,"enemies":"Looter","floor":14.0,"turns":2.0},{"damage":45.0,"enemies":"Slime Boss","floor":16.0,"turns":10.0},{"damage":25.0,"enemies":"2 Thieves","floor":18.0,"turns":4.0},{"damage":4.0,"enemies":"Chosen","floor":22.0,"turns":3.0},{"damage":0.0,"enemies":"Gremlin Leader","floor":23.0,"turns":3.0},{"damage":16.0,"enemies":"Snake Plant","floor":24.0,"turns":2.0},{"damage":0.0,"enemies":"Snecko","floor":25.0,"turns":2.0},{"damage":14.0,"enemies":"Centurion and Healer","floor":27.0,"turns":4.0},{"damage":37.0,"enemies":"Slavers","floor":30.0,"turns":6.0},{"damage":0.0,"enemies":"Snake Plant","floor":31.0,"turns":4.0},{"damage":62,"enemies":"Automaton","floor":33,"turns":6}],"seed_played":"-3878447531818930988","potions_obtained":[{"floor":4.0,"key":"SteroidPotion"},{"floor":6.0,"key":"FearPotion"},{"floor":10.0,"key":"LiquidBronze"},{"floor":14.0,"key":"Poison Potion"},{"floor":16.0,"key":"Swift Potion"},{"floor":18.0,"key":"PowerPotion"},{"floor":22.0,"key":"FearPotion"},{"floor":25.0,"key":"SkillPotion"},{"floor":27.0,"key":"Explosive Potion"},{"floor":30.0,"key":"LiquidBronze"}],"is_trial":false,"path_per_floor":["M","?","?","M","M","E","R","M","T","E","?","E","R","M","R","B",null,"M","?","?","$","M","E","M","M","T","M","?","R","E","M","R","B"],"character_chosen":"IRONCLAD","items_purchased":["Bludgeon","Seeing Red","DollysMirror"],"campfire_rested":3,"item_purchase_floors":[21,21,21],"current_hp_per_floor":[84,84,84,85,88,28,54,60,60,46,46,16,40,46,46,7,63,44,44,44,44,52,56,46,54,54,54,54,54,27,39,55,0],"gold":218,"neow_bonus":"TEN_PERCENT_HP_BONUS","is_prod":false,"is_daily":false,"chose_seed":false,"campfire_upgraded":2,"win_rate":0,"timestamp":1557930064,"path_taken":["M","?","?","?","M","E","R","M","T","E","?","E","R","M","R","BOSS","M","?","?","$","M","E","M","M","T","?","?","R","E","M","R","BOSS"],"build_version":"2019-01-23","purchased_purges":0,"victory":false,"max_hp_per_floor":[88,88,88,88,88,88,88,88,88,88,81,81,81,81,81,81,81,81,56,56,56,56,56,56,56,56,56,56,56,56,56,56,56],"card_choices":[{"not_picked":["Wild Strike","Flex"],"picked":"Shrug It Off","floor":1.0},{"not_picked":["Heavy Blade","Headbutt"],"picked":"Shrug It Off","floor":4.0},{"not_picked":["Second Wind","Body Slam"],"picked":"Whirlwind","floor":5.0},{"not_picked":["Exhume","Second Wind","Rupture"],"picked":"SKIP","floor":6.0},{"not_picked":["Body Slam","Sentinel","Thunderclap"],"picked":"SKIP","floor":8.0},{"not_picked":["Flex","Carnage","Second Wind"],"picked":"SKIP","floor":10.0},{"not_picked":["Rage","Exhume","Clothesline"],"picked":"SKIP","floor":12.0},{"not_picked":["Infernal Blade","Intimidate","Carnage"],"picked":"SKIP","floor":14.0},{"not_picked":["Infernal Blade","Intimidate"],"picked":"Carnage","floor":14.0},{"not_picked":["Fiend Fire","Immolate"],"picked":"Impervious","floor":16.0},{"not_picked":["Combust","Havoc"],"picked":"Pommel Strike+1","floor":18.0},{"not_picked":["Cleave+1","Hemokinesis"],"picked":"True Grit+1","floor":22.0},{"not_picked":["Entrench+1","Sever Soul"],"picked":"Battle Trance","floor":23.0},{"not_picked":["Shrug It Off","Wild Strike+1","Disarm"],"picked":"SKIP","floor":24.0},{"not_picked":["Limit Break","Body Slam","Burning Pact+1"],"picked":"SKIP","floor":25.0},{"not_picked":["Anger","Cleave"],"picked":"True Grit+1","floor":27.0},{"not_picked":["Headbutt","Warcry","Pommel Strike"],"picked":"SKIP","floor":30.0},{"not_picked":["Clothesline+1","Wild Strike+1","Carnage"],"picked":"SKIP","floor":31.0}],"player_experience":242828,"relics_obtained":[{"floor":6.0,"key":"Bag of Marbles"},{"floor":9.0,"key":"Potion Belt"},{"floor":10.0,"key":"Ancient Tea Set"},{"floor":12.0,"key":"Ice Cream"},{"floor":23.0,"key":"Bottled Lightning"},{"floor":26.0,"key":"Centennial Puzzle"},{"floor":30.0,"key":"Calipers"}],"event_choices":[{"damage_healed":0.0,"max_hp_gain":0.0,"max_hp_loss":0.0,"gold_gain":0.0,"event_name":"Liars Game","player_choice":"Ignored","floor":2.0,"gold_loss":0.0,"damage_taken":0.0},{"damage_healed":0.0,"max_hp_gain":0.0,"max_hp_loss":0.0,"gold_gain":0.0,"event_name":"Upgrade Shrine","player_choice":"Upgraded","floor":3.0,"gold_loss":0.0,"damage_taken":0.0,"cards_upgraded":["Shrug It Off"]},{"damage_healed":0.0,"max_hp_gain":0.0,"max_hp_loss":7.0,"gold_gain":0.0,"event_name":"Golden Idol","player_choice":"Lose Max HP","floor":11.0,"gold_loss":0.0,"damage_taken":0.0,"relics_obtained":["Golden Idol"]},{"damage_healed":0.0,"max_hp_gain":0.0,"max_hp_loss":25.0,"gold_gain":0.0,"event_name":"Vampires","player_choice":"Became a vampire","floor":19.0,"gold_loss":0.0,"damage_taken":0.0,"cards_obtained":["Bite","Bite","Bite","Bite","Bite"]},{"damage_healed":0.0,"max_hp_gain":0.0,"max_hp_loss":0.0,"gold_gain":0.0,"cards_transformed":["Bite"],"event_name":"Transmorgrifier","player_choice":"Transformed","floor":20.0,"gold_loss":0.0,"damage_taken":0.0,"cards_obtained":["Flash of Steel"]},{"damage_healed":0.0,"max_hp_gain":0.0,"max_hp_loss":0.0,"gold_gain":0.0,"event_name":"The Library","player_choice":"Read","floor":28.0,"gold_loss":0.0,"damage_taken":0.0,"cards_obtained":["Flame Barrier"]}],"is_beta":false,"boss_relics":[{"not_picked":["Black Blood","Coffee Dripper"],"picked":"Velvet Choker"}],"items_purged_floors":[],"is_endless":false,"potions_floor_spawned":[4,6,10,14,16,18,22,25,27,30],"killed_by":"Automaton","ascension_level":6}