{"gold_per_floor":[109,109,122,142,158,158,189,189,189,205,218,247,292,303,303,407,407,417,445,459,95,95,95,20,20,20,52,98,126,156,168,180,192],"floor_reached":33,"playtime":2663,"items_purged":["Strike_R"],"score":279,"play_id":"013e2ce6-1195-4564-bf68-5433570e42fb","local_time":"20180817201558","is_ascension_mode":false,"campfire_choices":[{"data":"Carnage","floor":6,"key":"SMITH"},{"data":"Inflame","floor":8,"key":"SMITH"},{"floor":15,"key":"REST"},{"floor":23,"key":"REST"},{"floor":25,"key":"REST"},{"floor":32,"key":"REST"}],"neow_cost":"NONE","seed_source_timestamp":242997945257837,"circlet_count":0,"master_deck":["Strike_R","Strike_R","Defend_R","Defend_R","Defend_R","Defend_R","Bash","Inflame","Carnage+1","Inflame+1","Shrug It Off","Dropkick","Sword Boomerang","Immolate","Flame Barrier","Thunderclap","Clash","Clash","Immolate","Flex+1","Heavy Blade","Pommel Strike"],"special_seed":0,"relics":["Black Blood","Bottled Flame","Girya","Peace Pipe","Red Skull","Red Mask","Ornamental Fan","MawBank","Omamori","Necronomicon"],"potions_floor_usage":[5,7,16,16,28,29,29,33],"damage_taken":[{"damage":8.0,"enemies":"2 Louse","floor":1.0,"turns":2.0},{"damage":3.0,"enemies":"Jaw Worm","floor":3.0,"turns":4.0},{"damage":1,"enemies":"Cultist","floor":4,"turns":3},{"damage":10,"enemies":"Large Slime","floor":5,"turns":5},{"damage":18,"enemies":"Lagavulin","floor":7,"turns":5},{"damage":13,"enemies":"Red Slaver","floor":10,"turns":2},{"damage":9,"enemies":"Blue Slaver","floor":11,"turns":3},{"damage":31,"enemies":"3 Sentries","floor":12,"turns":5},{"damage":7,"enemies":"Gremlin Gang","floor":14,"turns":6},{"damage":7,"enemies":"Slime Boss","floor":16,"turns":7},{"damage":61,"enemies":"3 Byrds","floor":18,"turns":5},{"damage":26,"floor":19,"turns":4},{"damage":19,"enemies":"Spheric Guardian","floor":20,"turns":4},{"damage":19,"enemies":"Snake Plant","floor":27,"turns":3},{"damage":42,"enemies":"Book of Stabbing","floor":28,"turns":5},{"damage":23,"enemies":"Shelled Parasite and Fungi","floor":29,"turns":3},{"damage":9,"enemies":"Centurion and Healer","floor":30,"turns":2},{"damage":30,"enemies":"Champ","floor":33,"turns":3}],"seed_played":"-7075978480569644388","potions_obtained":[{"floor":1.0,"key":"SkillPotion"},{"floor":3.0,"key":"Energy Potion"},{"floor":4,"key":"Energy Potion"},{"floor":11,"key":"SteroidPotion"},{"floor":16,"key":"Strength Potion"},{"floor":27,"key":"BloodPotion"},{"floor":28,"key":"Poison Potion"},{"floor":30,"key":"Explosive Potion"}],"is_trial":false,"path_per_floor":["M","?","M","M","M","R","E","R","T","M","M","E","T","M","R","B",null,"M","?","M","$","?","R","$","R","T","M","E","M","M","?","R"],"character_chosen":"IRONCLAD","items_purchased":["Clash","Ornamental Fan","Immolate"],"campfire_rested":4,"item_purchase_floors":[21,21,21],"current_hp_per_floor":[86,79,82,87,83,83,71,71,71,64,61,36,36,35,61,60,88,37,21,12,12,12,38,38,64,64,55,31,18,19,3,29,0],"gold":192,"neow_bonus":"TEN_PERCENT_HP_BONUS","is_prod":false,"is_daily":false,"chose_seed":false,"campfire_upgraded":2,"win_rate":0,"timestamp":1534551358,"path_taken":["M","?","M","M","M","R","E","R","T","M","M","E","?","M","R","BOSS","M","?","?","?","?","R","$","R","T","M","E","M","M","?","R","BOSS"],"build_version":"2018-08-16","purchased_purges":1,"victory":false,"max_hp_per_floor":[88,88,88,88,88,88,88,88,88,88,88,88,88,88,88,88,88,88,88,88,88,88,88,88,88,88,88,88,88,88,88,88,88],"card_choices":[{"not_picked":["Rupture","Metallicize"],"picked":"Inflame","floor":1.0},{"not_picked":["Clash","Clothesline"],"picked":"Carnage","floor":3.0},{"not_picked":["Twin Strike","Flex"],"picked":"Inflame","floor":4},{"not_picked":["Anger","Hemokinesis"],"picked":"Shrug It Off","floor":5},{"not_picked":["Searing Blow","Fire Breathing","True Grit"],"picked":"SKIP","floor":7},{"not_picked":["Sword Boomerang","Thunderclap"],"picked":"Dropkick","floor":10},{"not_picked":["Warcry","Power Through","Headbutt"],"picked":"SKIP","floor":11},{"not_picked":["Searing Blow","Ghostly Armor","Wild Strike"],"picked":"SKIP","floor":12},{"not_picked":["Perfected Strike","Demon Form"],"picked":"Sword Boomerang","floor":14},{"not_picked":["Fiend Fire","Barricade"],"picked":"Immolate","floor":16},{"not_picked":["Cleave","Sword Boomerang"],"picked":"Flame Barrier","floor":18},{"not_picked":["True Grit","Sword Boomerang"],"picked":"Thunderclap","floor":19},{"not_picked":["Ghostly Armor+1","Wild Strike+1"],"picked":"Clash","floor":20},{"not_picked":["Juggernaut","Perfected Strike+1"],"picked":"Flex+1","floor":27},{"not_picked":["Clash","Perfected Strike"],"picked":"Heavy Blade","floor":28},{"not_picked":["Bloodletting","Rampage","Metallicize"],"picked":"SKIP","floor":29},{"not_picked":["Fire Breathing","Body Slam"],"picked":"Pommel Strike","floor":30}],"player_experience":143401,"relics_obtained":[{"floor":7,"key":"Bottled Flame"},{"floor":9,"key":"Girya"},{"floor":12,"key":"Peace Pipe"},{"floor":13,"key":"Red Skull"},{"floor":19,"key":"Red Mask"},{"floor":26,"key":"MawBank"},{"floor":28,"key":"Omamori"},{"floor":31,"key":"Necronomicon"}],"event_choices":[{"event_name":"Golden Wing","player_choice":"Card Removal","floor":2.0,"damage_taken":0.0},{"event_name":"Masked Bandits","player_choice":"Fought Bandits","floor":19,"damage_taken":0},{"event_name":"Purifier","player_choice":"One Purge","floor":22,"damage_taken":0},{"event_name":"Cursed Tome","player_choice":"Obtained Book","floor":31,"damage_taken":0}],"is_beta":false,"boss_relics":[{"not_picked":["Empty Cage","Cursed Key"],"picked":"Black Blood"}],"items_purged_floors":[24],"is_endless":false,"potions_floor_spawned":[1,3,4,11,16,27,28,30],"killed_by":"Champ","ascension_level":0}