{"gold_per_floor":[360,360,57,69,82,82,82,82,130,130,163,191,191,209,209,314,314,331,35,35,53,80,107,107,123,150,249,261,261,3,21,21,21],"floor_reached":33,"playtime":2070,"items_purged":[],"score":316,"play_id":"a53ef3e3-557a-4f8e-a635-4b5984cbd2aa","local_time":"20190915144414","is_ascension_mode":true,"campfire_choices":[{"floor":6,"key":"RECALL"},{"data":"Cloak And Dagger","floor":8,"key":"SMITH"},{"data":"Leg Sweep","floor":10,"key":"SMITH"},{"data":"Slice","floor":15,"key":"SMITH"},{"data":"Endless Agony","floor":29,"key":"SMITH"},{"data":"PiercingWail","floor":32,"key":"SMITH"}],"neow_cost":"TEN_PERCENT_HP_LOSS","seed_source_timestamp":338987535426800,"circlet_count":0,"master_deck":["Strike_G","Strike_G+1","Strike_G","Strike_G","Strike_G","Defend_G","Defend_G","Defend_G","Defend_G","Defend_G+1","Survivor+1","Neutralize","Riddle With Holes","Cloak And Dagger+1","Leg Sweep+1","Riddle With Holes+1","Infinite Blades","Slice+1","A Thousand Cuts+1","Acrobatics+1","Slice","Endless Agony+1","Dash","Predator","PiercingWail+1"],"relics":["Ring of the Snake","Strawberry","Boot","Pantograph","Odd Mushroom","Regal Pillow","Coffee Dripper","Ancient Tea Set","Bronze Scales","Whetstone","WingedGreaves","War Paint","Meat on the Bone"],"potions_floor_usage":[11,16,16,23,31,31,33,33],"damage_taken":[{"damage":0,"enemies":"Jaw Worm","floor":1,"turns":7},{"damage":4,"enemies":"Small Slimes","floor":4,"turns":5},{"damage":0,"enemies":"2 Louse","floor":5,"turns":2},{"damage":16,"enemies":"Gremlin Nob","floor":11,"turns":3},{"damage":13,"enemies":"The Mushroom Lair","floor":12,"turns":4},{"damage":0,"enemies":"Exordium Wildlife","floor":14,"turns":3},{"damage":23,"enemies":"Slime Boss","floor":16,"turns":8},{"damage":28,"enemies":"2 Thieves","floor":18,"turns":4},{"damage":8,"enemies":"Shell Parasite","floor":21,"turns":6},{"damage":20,"enemies":"Slavers","floor":23,"turns":7},{"damage":16,"enemies":"Snake Plant","floor":25,"turns":3},{"damage":2,"enemies":"Centurion and Healer","floor":28,"turns":6},{"damage":4,"enemies":"Sentry and Sphere","floor":31,"turns":5},{"damage":66,"enemies":"Collector","floor":33,"turns":7}],"seed_played":"-739004737858017001","potions_obtained":[{"floor":4,"key":"PowerPotion"},{"floor":5,"key":"Regen Potion"},{"floor":11,"key":"FearPotion"},{"floor":16,"key":"Dexterity Potion"},{"floor":18,"key":"Dexterity Potion"},{"floor":25,"key":"GamblersBrew"},{"floor":28,"key":"Block Potion"},{"floor":31,"key":"Dexterity Potion"}],"is_trial":false,"path_per_floor":["M","?","$","M","M","R","?","R","T","R","E","?","?","M","R","B",null,"M","$","?","M","T","E","?","M","T","?","M","R","$","M","R","B"],"character_chosen":"THE_SILENT","items_purchased":["Strawberry","Boot","Ancient Tea Set","Bronze Scales","Meat on the Bone"],"campfire_rested":0,"item_purchase_floors":[3,3,19,19,30],"current_hp_per_floor":[63,68,75,71,71,71,71,71,71,71,55,42,42,42,42,55,75,47,47,72,64,64,44,44,28,28,28,26,26,26,34,34,0],"gold":21,"neow_bonus":"TWO_FIFTY_GOLD","is_prod":false,"is_daily":false,"chose_seed":false,"campfire_upgraded":5,"win_rate":0,"timestamp":1568576654,"path_taken":["M","?","$","M","M","R","?","R","T","R","E","?","?","M","R","BOSS","M","$","?","M","?","E","?","?","T","?","M","R","?","?","R","BOSS"],"build_version":"2019-07-17","purchased_purges":0,"victory":false,"max_hp_per_floor":[63,68,75,75,75,75,75,75,75,75,75,75,75,75,75,75,75,75,75,75,75,75,75,75,75,75,75,75,75,75,75,75,75],"card_choices":[{"not_picked":["Underhanded Strike","Caltrops"],"picked":"Riddle With Holes","floor":1},{"not_picked":["Noxious Fumes","Masterful Stab"],"picked":"Cloak And Dagger","floor":4},{"not_picked":["Cloak And Dagger","Poisoned Stab"],"picked":"Leg Sweep","floor":5},{"not_picked":["Outmaneuver","Dagger Spray"],"picked":"Riddle With Holes","floor":11},{"not_picked":["Bane","Tactician"],"picked":"Infinite Blades","floor":12},{"not_picked":["Poisoned Stab","Dagger Spray"],"picked":"Slice","floor":14},{"not_picked":["Bullet Time","Grand Finale"],"picked":"A Thousand Cuts","floor":16},{"not_picked":["Dagger Spray","Distraction"],"picked":"Acrobatics+1","floor":18},{"not_picked":["Eviscerate","Flying Knee"],"picked":"Slice","floor":21},{"not_picked":["Outmaneuver","Blade Dance"],"picked":"Endless Agony","floor":23},{"not_picked":["Slice","Sucker Punch"],"picked":"Dash","floor":25},{"not_picked":["Bane","Die Die Die"],"picked":"Predator","floor":28},{"not_picked":["Flying Knee+1","Expertise"],"picked":"PiercingWail","floor":31}],"player_experience":403405,"relics_obtained":[{"floor":11,"key":"Pantograph"},{"floor":12,"key":"Odd Mushroom"},{"floor":22,"key":"Whetstone"},{"floor":23,"key":"WingedGreaves"},{"floor":26,"key":"War Paint"}],"event_choices":[{"damage_healed":0,"gold_gain":0,"player_choice":"Donut","damage_taken":0,"max_hp_gain":5,"max_hp_loss":0,"event_name":"Big Fish","floor":2,"gold_loss":0},{"damage_healed":0,"gold_gain":0,"player_choice":"Leave","damage_taken":0,"max_hp_gain":0,"max_hp_loss":0,"event_name":"The Cleric","floor":7,"gold_loss":0},{"damage_healed":0,"gold_gain":0,"player_choice":"Fought Mushrooms","damage_taken":0,"max_hp_gain":0,"max_hp_loss":0,"event_name":"Mushrooms","floor":12,"gold_loss":0},{"damage_healed":0,"gold_gain":0,"player_choice":"Searched \u00271\u0027 times","damage_taken":0,"relics_obtained":["Regal Pillow"],"max_hp_gain":0,"max_hp_loss":0,"event_name":"Dead Adventurer","floor":13,"gold_loss":0},{"damage_healed":25,"gold_gain":0,"player_choice":"Heal","damage_taken":0,"max_hp_gain":0,"max_hp_loss":0,"event_name":"The Library","floor":20,"gold_loss":0},{"damage_healed":0,"gold_gain":0,"player_choice":"Forge","damage_taken":0,"max_hp_gain":0,"max_hp_loss":0,"event_name":"Accursed Blacksmith","floor":24,"gold_loss":0,"cards_upgraded":["A Thousand Cuts"]},{"damage_healed":0,"gold_gain":99,"player_choice":"Stole From Cult","damage_taken":0,"max_hp_gain":0,"max_hp_loss":0,"event_name":"Nest","floor":27,"gold_loss":0}],"is_beta":false,"boss_relics":[{"not_picked":["Velvet Choker","Philosopher\u0027s Stone"],"picked":"Coffee Dripper"}],"items_purged_floors":[],"is_endless":false,"potions_floor_spawned":[4,5,11,16,18,25,28,31],"killed_by":"Collector","ascension_level":4}