{"gold_per_floor":[110,121,139,40,115,115,197,197,197,215,215,233,233,244,244,340,340,359,376,28,28,28,28,63,63,63,134,134,146,163,163],"floor_reached":31,"playtime":903,"items_purged":["Strike_R","Normality"],"score":245,"play_id":"0131b2db-7019-4222-bd08-b3cd6555521c","local_time":"20180728221613","is_ascension_mode":false,"campfire_choices":[{"data":"Twin Strike","floor":6,"key":"SMITH"},{"data":"Twin Strike","floor":8,"key":"SMITH"},{"data":"Whirlwind","floor":13,"key":"SMITH"},{"data":"Inflame","floor":15,"key":"SMITH"},{"floor":23,"key":"REST"},{"floor":25,"key":"REST"}],"neow_cost":"NONE","seed_source_timestamp":270681523105506,"circlet_count":0,"master_deck":["Strike_R","Strike_R","Strike_R","Strike_R","Defend_R","Defend_R","Defend_R","Bash","Twin Strike+1","Iron Wave","Inflame+1","Twin Strike+1","Whirlwind+1","Anger","Doubt","Parasite","Pommel Strike","Battle Trance+1","Apotheosis+1","Writhe","Impervious","Heavy Blade+1","Pummel"],"relics":["Burning Blood","Tiny Chest","Dodecahedron","Calling Bell","Pen Nib","Mummified Hand","Ginger","Bronze Scales","Mercury Hourglass","Toxic Egg 2","Frozen Egg 2"],"potions_floor_usage":[16,16,16,19,29,30],"damage_taken":[{"damage":0,"enemies":"Small Slimes","floor":1,"turns":3},{"damage":11,"enemies":"Jaw Worm","floor":2,"turns":2},{"damage":1,"enemies":"Cultist","floor":3,"turns":4},{"damage":12,"enemies":"Large Slime","floor":10,"turns":5},{"damage":21,"enemies":"Exordium Thugs","floor":12,"turns":5},{"damage":0,"enemies":"3 Louse","floor":14,"turns":1},{"damage":49,"enemies":"The Guardian","floor":16,"turns":5},{"damage":38,"enemies":"3 Byrds","floor":18,"turns":5},{"damage":41,"enemies":"2 Thieves","floor":19,"turns":4},{"damage":42,"enemies":"Book of Stabbing","floor":24,"turns":5},{"damage":24,"enemies":"Centurion and Healer","floor":29,"turns":5},{"damage":5,"enemies":"Snecko","floor":30,"turns":4},{"damage":20,"enemies":"Chosen and Byrds","floor":31,"turns":3}],"seed_played":"3368967867941136958","potions_obtained":[{"floor":3,"key":"Fire Potion"},{"floor":10,"key":"Strength Potion"},{"floor":11,"key":"Fruit Juice"},{"floor":18,"key":"FearPotion"},{"floor":24,"key":"Weak Potion"}],"is_trial":false,"path_per_floor":["M","M","M","$","?","R","T","R","T","M","?","M","R","M","R","B",null,"M","M","$","?","$","R","E","R","T","T","?","M","M"],"character_chosen":"IRONCLAD","items_purchased":["Twin Strike","Apotheosis","Energy Potion"],"campfire_rested":2,"item_purchase_floors":[4,20,20],"current_hp_per_floor":[80,75,80,80,69,69,69,69,69,63,63,48,48,54,54,16,85,53,18,18,18,18,43,7,32,32,32,32,14,15,0],"gold":163,"neow_bonus":"REMOVE_CARD","is_prod":false,"is_daily":false,"chose_seed":false,"campfire_upgraded":4,"win_rate":0,"timestamp":1532830573,"path_taken":["M","M","M","$","?","R","?","R","T","?","?","M","R","M","R","BOSS","M","M","$","?","$","R","E","R","T","?","?","M","M","M"],"build_version":"2018-07-26","purchased_purges":2,"victory":false,"max_hp_per_floor":[80,80,80,80,80,80,80,80,80,80,80,80,80,80,80,85,85,85,85,85,85,85,85,85,85,85,85,85,85,85,85],"card_choices":[{"not_picked":["Heavy Blade","Battle Trance"],"picked":"Twin Strike","floor":1},{"not_picked":["Rage","Armaments"],"picked":"Iron Wave","floor":2},{"not_picked":["Flex","Headbutt"],"picked":"Inflame","floor":3},{"not_picked":["Infernal Blade","Sever Soul"],"picked":"Whirlwind","floor":10},{"not_picked":["Body Slam","Battle Trance"],"picked":"Anger","floor":12},{"not_picked":["Thunderclap","Hemokinesis","Body Slam"],"picked":"SKIP","floor":14},{"not_picked":["Body Slam+1","Rupture"],"picked":"Pommel Strike","floor":18},{"not_picked":["Sword Boomerang","Metallicize"],"picked":"Battle Trance+1","floor":19},{"not_picked":["True Grit","Armaments"],"picked":"Impervious","floor":24},{"not_picked":["Armaments+1","Rupture+1"],"picked":"Heavy Blade+1","floor":29},{"not_picked":["Wild Strike","Iron Wave+1"],"picked":"Pummel","floor":30}],"player_experience":63401,"relics_obtained":[{"floor":7,"key":"Tiny Chest"},{"floor":9,"key":"Dodecahedron"},{"floor":17,"key":"Pen Nib"},{"floor":17,"key":"Mummified Hand"},{"floor":17,"key":"Ginger"},{"floor":24,"key":"Mercury Hourglass"},{"floor":26,"key":"Toxic Egg 2"},{"floor":27,"key":"Frozen Egg 2"}],"event_choices":[{"event_name":"World of Goop","player_choice":"Gather Gold","floor":5,"damage_taken":0},{"event_name":"The Lab","player_choice":"Got Potions","floor":11,"damage_taken":0},{"event_name":"The Mausoleum","player_choice":"Yes","floor":21,"damage_taken":0},{"event_name":"Upgrade Shrine","player_choice":"Upgraded","floor":28,"damage_taken":0}],"is_beta":false,"boss_relics":[{"not_picked":["Velvet Choker","Coffee Dripper"],"picked":"Calling Bell"}],"items_purged_floors":[4,20],"is_endless":false,"potions_floor_spawned":[3,10,12,18,24],"killed_by":"Chosen and Byrds","ascension_level":0}