{"gold_per_floor":[117,131,131,149,169,203,216,242,242,242,274,274,284,316,316,418,418,434,434,449,461,473,473,398,398,398,417,428,458,469,117,117,216,216,230,245,263,179,196,196,196],"floor_reached":41,"playtime":5544,"items_purged":[],"score":496,"play_id":"ad25053e-0a6c-458b-b1c7-fcb3b1d0ef5e","local_time":"20180916171517","is_ascension_mode":true,"campfire_choices":[{"floor":10.0,"key":"REST"},{"data":"Bludgeon","floor":15.0,"key":"SMITH"},{"floor":23.0,"key":"REST"},{"floor":25.0,"key":"REST"},{"floor":32.0,"key":"REST"},{"floor":40,"key":"REST"}],"neow_cost":"NONE","seed_source_timestamp":242457594082941,"circlet_count":0,"master_deck":["Strike_R","Strike_R","Strike_R","Strike_R","Strike_R","Defend_R","Defend_R","Defend_R","Power Through","Flex","Metallicize","Perfected Strike","Pommel Strike","Body Slam","Perfected Strike","Bludgeon+1","Pommel Strike","Battle Trance","Brutality","Impervious","Perfected Strike","Flame Barrier","Searing Blow+1","Blood for Blood","Pommel Strike","Sever Soul","Hemokinesis","Sword Boomerang+1","Bloodletting","Anger","Feed","Twin Strike+1","Rage+1","Headbutt+1","Finesse","Whirlwind","Entrench+1"],"special_seed":0,"relics":["Burning Blood","Ice Cream","Dodecahedron","Darkstone Periapt","Peace Pipe","Pantograph","Pocketwatch","Black Star","Bird Faced Urn","Pear","Ornamental Fan","Membership Card","Kunai","Lizard Tail"],"potions_floor_usage":[39,41],"damage_taken":[{"damage":5.0,"enemies":"Jaw Worm","floor":1.0,"turns":4.0},{"damage":1.0,"enemies":"Cultist","floor":2.0,"turns":4.0},{"damage":1.0,"enemies":"2 Louse","floor":4.0,"turns":3.0},{"damage":0.0,"enemies":"Large Slime","floor":5.0,"turns":5.0},{"damage":9.0,"enemies":"Gremlin Nob","floor":6.0,"turns":4.0},{"damage":13.0,"enemies":"Exordium Thugs","floor":7.0,"turns":5.0},{"damage":18.0,"enemies":"Lagavulin","floor":8.0,"turns":5.0},{"damage":14.0,"enemies":"Gremlin Nob","floor":11.0,"turns":3.0},{"damage":0.0,"enemies":"Exordium Wildlife","floor":13.0,"turns":3.0},{"damage":19.0,"enemies":"3 Sentries","floor":14.0,"turns":6.0},{"damage":36.0,"enemies":"The Guardian","floor":16.0,"turns":7.0},{"damage":22.0,"enemies":"Shell Parasite","floor":18.0,"turns":4.0},{"damage":23.0,"enemies":"Spheric Guardian","floor":20.0,"turns":6.0},{"damage":5.0,"enemies":"Snecko","floor":21.0,"turns":3.0},{"damage":28.0,"enemies":"Centurion and Healer","floor":22.0,"turns":6.0},{"damage":21.0,"enemies":"Snake Plant","floor":27.0,"turns":3.0},{"damage":8.0,"enemies":"Sentry and Sphere","floor":28.0,"turns":6.0},{"damage":41.0,"enemies":"Gremlin Leader","floor":29.0,"turns":10.0},{"damage":11.0,"enemies":"Snecko","floor":30.0,"turns":4.0},{"damage":82.0,"enemies":"Collector","floor":33.0,"turns":13.0},{"damage":0,"enemies":"Orb Walker","floor":35,"turns":3},{"damage":16,"enemies":"3 Shapes","floor":36,"turns":4},{"damage":7,"enemies":"Transient","floor":37,"turns":5},{"damage":28,"enemies":"3 Darklings","floor":39,"turns":7},{"damage":156,"enemies":"Giant Head","floor":41,"turns":10}],"seed_played":"6491368227903649474","potions_obtained":[{"floor":5.0,"key":"PowerPotion"},{"floor":11.0,"key":"FearPotion"},{"floor":13.0,"key":"BloodPotion"},{"floor":16.0,"key":"SpeedPotion"},{"floor":20.0,"key":"BloodPotion"},{"floor":21.0,"key":"FearPotion"},{"floor":22.0,"key":"Ancient Potion"},{"floor":27.0,"key":"Block Potion"},{"floor":30.0,"key":"FairyPotion"},{"floor":33.0,"key":"FearPotion"},{"floor":36,"key":"Explosive Potion"},{"floor":37,"key":"Block Potion"}],"is_trial":false,"path_per_floor":["M","M","?","M","M","E","M","E","T","R","E","?","M","E","R","B",null,"M","?","M","M","M","R","?","R","T","M","M","E","M","$","R","B",null,"M","M","M","$","M","R"],"character_chosen":"IRONCLAD","items_purchased":["Membership Card","Kunai","Anger","Finesse","Whirlwind"],"campfire_rested":5,"item_purchase_floors":[31,31,31,38,38],"current_hp_per_floor":[80,80,80,80,80,77,70,58,58,80,72,72,78,65,65,50,80,64,64,47,48,34,58,58,80,80,69,69,46,43,43,70,16,90,90,83,82,82,62,89,0],"gold":196,"neow_bonus":"TRANSFORM_CARD","is_prod":false,"is_daily":false,"chose_seed":false,"campfire_upgraded":1,"win_rate":0,"timestamp":1537110917,"path_taken":["M","M","?","?","M","E","M","E","T","R","E","?","M","E","R","BOSS","M","?","M","?","M","R","?","R","T","M","M","E","M","$","R","BOSS","M","M","M","$","M","R","E"],"build_version":"2018-09-06","purchased_purges":0,"victory":false,"max_hp_per_floor":[80,80,80,80,80,80,80,80,80,80,80,80,80,80,80,80,80,80,80,80,80,80,80,80,80,80,80,80,90,90,90,90,90,90,90,93,93,93,93,93,93],"card_choices":[{"not_picked":["Sword Boomerang","Body Slam"],"picked":"Flex","floor":1.0},{"not_picked":["Anger","Warcry"],"picked":"Metallicize","floor":2.0},{"not_picked":["Sword Boomerang","Iron Wave"],"picked":"Perfected Strike","floor":4.0},{"not_picked":["Inflame","Cleave"],"picked":"Pommel Strike","floor":5.0},{"not_picked":["Burning Pact","Sword Boomerang"],"picked":"Body Slam","floor":6.0},{"not_picked":["Sever Soul","Shrug It Off"],"picked":"Perfected Strike","floor":7.0},{"not_picked":["Disarm","Headbutt"],"picked":"Bludgeon","floor":8.0},{"not_picked":["Armaments","Body Slam"],"picked":"Pommel Strike","floor":11.0},{"not_picked":["Flex","Burning Pact"],"picked":"Battle Trance","floor":13.0},{"not_picked":["Armaments","Clothesline"],"picked":"Brutality","floor":14.0},{"not_picked":["Brutality","Bludgeon"],"picked":"Impervious","floor":16.0},{"not_picked":["Body Slam","Carnage"],"picked":"Perfected Strike","floor":18.0},{"not_picked":["Reckless Charge","Dual Wield"],"picked":"Searing Blow+1","floor":20.0},{"not_picked":["Anger","Second Wind"],"picked":"Blood for Blood","floor":21.0},{"not_picked":["Reckless Charge","Shockwave"],"picked":"Pommel Strike","floor":22.0},{"not_picked":["Feel No Pain","Flex"],"picked":"Sever Soul","floor":27.0},{"not_picked":["Armaments","Sword Boomerang"],"picked":"Hemokinesis","floor":28.0},{"not_picked":["Searing Blow+1","Armaments"],"picked":"Sword Boomerang+1","floor":29.0},{"not_picked":["Dark Embrace","Heavy Blade"],"picked":"Bloodletting","floor":30.0},{"not_picked":["Bludgeon","Berserk"],"picked":"Feed","floor":33.0},{"not_picked":["Feel No Pain","Reckless Charge+1"],"picked":"Twin Strike+1","floor":35},{"not_picked":["Warcry","Combust+1"],"picked":"Rage+1","floor":36},{"not_picked":["Uppercut","Thunderclap"],"picked":"Headbutt+1","floor":37},{"not_picked":["Blood for Blood","Cleave"],"picked":"Entrench+1","floor":39}],"player_experience":44874,"relics_obtained":[{"floor":6.0,"key":"Ice Cream"},{"floor":8.0,"key":"Dodecahedron"},{"floor":9.0,"key":"Darkstone Periapt"},{"floor":11.0,"key":"Peace Pipe"},{"floor":14.0,"key":"Pocketwatch"},{"floor":26.0,"key":"Bird Faced Urn"},{"floor":29.0,"key":"Pear"},{"floor":29.0,"key":"Ornamental Fan"}],"event_choices":[{"event_name":"The Cleric","player_choice":"Leave","floor":3.0,"damage_taken":0.0},{"event_name":"Dead Adventurer","player_choice":"Searched \u00272\u0027 times","floor":12.0,"damage_taken":0.0},{"event_name":"The Library","player_choice":"Read","floor":19.0,"damage_taken":0.0},{"event_name":"Beggar","player_choice":"Gave Gold","floor":24.0,"damage_taken":0.0}],"is_beta":false,"boss_relics":[{"not_picked":["Snecko Eye","Runic Pyramid"],"picked":"Black Star"},{"not_picked":["Cursed Key","Calling Bell"],"picked":"Lizard Tail"}],"items_purged_floors":[],"is_endless":false,"potions_floor_spawned":[5,11,13,16,20,21,22,27,30,33,36,37],"killed_by":"Giant Head","ascension_level":1}