{"gold_per_floor":[113,113,113,113,38,78,78,97,97,97,130,130,169,169,169,293,293,313,326,28,52,76,76,99,99,179,94,94,125,125,145,145,265,265,283,283,301,317,417,417,432,432,504,518,539,539],"floor_reached":46,"playtime":2057,"items_purged":["Regret"],"score":798,"play_id":"15749f97-1965-4612-a5f6-724488804fa5","local_time":"20190609222846","is_ascension_mode":true,"campfire_choices":[{"data":"Inflame","floor":7.0,"key":"SMITH"},{"data":"1","floor":10.0,"key":"LIFT"},{"data":"Whirlwind","floor":12.0,"key":"SMITH"},{"data":"Shockwave","floor":15.0,"key":"SMITH"},{"floor":23.0,"key":"REST"},{"data":"2","floor":28.0,"key":"LIFT"},{"floor":32.0,"key":"REST"},{"floor":40,"key":"REST"},{"floor":42,"key":"REST"}],"neow_cost":"NONE","seed_source_timestamp":108542468171309,"circlet_count":0,"master_deck":["AscendersBane","Strike_R","Strike_R","Strike_R","Strike_R","Defend_R","Defend_R","Defend_R+1","Defend_R+1","Bash","Shockwave+1","Inflame+1","Whirlwind+1","Demon Form+1","Limit Break+1","Rage","Heavy Blade","Armaments","Flame Barrier","Parasite","Metallicize+1"],"special_seed":0,"relics":["Black Blood","NeowsBlessing","War Paint","Golden Idol","Ice Cream","Girya","Frozen Egg 2","Centennial Puzzle","Fusion Hammer","Mango","Bottled Lightning","Kunai","Bag of Marbles","Darkstone Periapt","Bottled Tornado"],"potions_floor_usage":[38],"damage_taken":[{"damage":0.0,"enemies":"2 Louse","floor":1.0,"turns":1.0},{"damage":0.0,"enemies":"3 Sentries","floor":6.0,"turns":2.0},{"damage":0.0,"enemies":"Cultist","floor":8.0,"turns":1.0},{"damage":24.0,"enemies":"Gremlin Nob","floor":11.0,"turns":4.0},{"damage":7.0,"enemies":"Lagavulin","floor":13.0,"turns":5.0},{"damage":33.0,"enemies":"The Guardian","floor":16.0,"turns":7.0},{"damage":0.0,"enemies":"Chosen","floor":18.0,"turns":4.0},{"damage":33.0,"enemies":"2 Thieves","floor":19.0,"turns":3.0},{"damage":8.0,"enemies":"Snecko","floor":21.0,"turns":4.0},{"damage":26.0,"enemies":"Shelled Parasite and Fungi","floor":22.0,"turns":3.0},{"damage":14.0,"enemies":"Cultist and Chosen","floor":24.0,"turns":4.0},{"damage":41.0,"enemies":"Slavers","floor":29.0,"turns":4.0},{"damage":0.0,"enemies":"Snake Plant","floor":31.0,"turns":2.0},{"damage":28.0,"enemies":"Collector","floor":33.0,"turns":6.0},{"damage":12.0,"enemies":"3 Darklings","floor":35.0,"turns":2.0},{"damage":39.0,"enemies":"3 Shapes","floor":37.0,"turns":2.0},{"damage":43,"enemies":"Spire Growth","floor":38,"turns":5},{"damage":26,"enemies":"Writhing Mass","floor":41,"turns":6},{"damage":21,"enemies":"Maw","floor":44,"turns":5},{"damage":35,"enemies":"3 Darklings","floor":45,"turns":5},{"damage":34,"enemies":"Spire Growth","floor":46,"turns":3}],"seed_played":"-6176346733177287048","potions_obtained":[{"floor":1.0,"key":"PowerPotion"},{"floor":11.0,"key":"Energy Potion"},{"floor":13.0,"key":"AttackPotion"},{"floor":18.0,"key":"Poison Potion"},{"floor":19.0,"key":"LiquidBronze"},{"floor":22.0,"key":"EntropicBrew"},{"floor":44,"key":"Ancient Potion"}],"is_trial":false,"path_per_floor":["M","$","?","?","$","E","R","M","T","R","E","R","E","?","R","B",null,"M","M","$","M","M","R","M","$","T","?","R","E","T","M","R","B",null,"M","?","M","M","?","R","M","R","T","M","M","M"],"character_chosen":"IRONCLAD","items_purchased":["Mango"],"campfire_rested":4,"item_purchase_floors":[20],"current_hp_per_floor":[78,78,78,58,58,64,64,70,70,70,52,52,51,51,51,24,66,72,45,59,57,37,65,57,57,57,57,57,22,22,28,56,49,83,81,81,52,19,19,47,37,67,67,56,31,0],"gold":539,"neow_bonus":"THREE_ENEMY_KILL","is_prod":false,"is_daily":false,"chose_seed":false,"campfire_upgraded":3,"win_rate":0,"timestamp":1560133726,"path_taken":["M","$","?","?","$","E","R","M","T","R","E","R","E","?","R","BOSS","M","M","$","M","M","R","M","$","T","?","R","E","?","M","R","BOSS","M","?","?","M","?","R","M","R","T","M","M","?"],"build_version":"2019-01-23","purchased_purges":1,"victory":false,"max_hp_per_floor":[80,80,80,80,80,80,80,80,80,80,80,80,80,80,80,80,80,80,80,94,94,94,94,94,94,94,94,94,94,94,94,94,94,94,94,94,94,94,94,94,100,100,100,100,100,100],"card_choices":[{"not_picked":["Second Wind","Armaments"],"picked":"Shockwave","floor":1.0},{"not_picked":["Heavy Blade","True Grit"],"picked":"Inflame","floor":6.0},{"not_picked":["Sword Boomerang","Anger","Uppercut"],"picked":"SKIP","floor":8.0},{"not_picked":["Shockwave","Clothesline"],"picked":"Whirlwind","floor":11.0},{"not_picked":["Clothesline","Clash"],"picked":"Demon Form+1","floor":13.0},{"not_picked":["Reaper","Berserk+1"],"picked":"Limit Break","floor":16.0},{"not_picked":["Disarm","Iron Wave","Sentinel"],"picked":"SKIP","floor":18.0},{"not_picked":["Clothesline","Pummel"],"picked":"Rage","floor":19.0},{"not_picked":["Twin Strike","Body Slam+1"],"picked":"Heavy Blade","floor":21.0},{"not_picked":["Entrench","Warcry+1","Flex+1"],"picked":"SKIP","floor":22.0},{"not_picked":["Heavy Blade","Headbutt","Rampage"],"picked":"SKIP","floor":24.0},{"not_picked":["Searing Blow","Entrench"],"picked":"Armaments","floor":29.0},{"not_picked":["True Grit","Anger+1","Inflame+1"],"picked":"SKIP","floor":31.0},{"not_picked":["Reckless Charge","Bloodletting","Spot Weakness"],"picked":"SKIP","floor":35.0},{"not_picked":["Thunderclap","Heavy Blade"],"picked":"Flame Barrier","floor":37.0},{"not_picked":["Intimidate+1","Rampage","Havoc"],"picked":"SKIP","floor":38},{"not_picked":["Corruption+1","Iron Wave+1"],"picked":"Metallicize+1","floor":41},{"not_picked":["Clash","Entrench+1","Shockwave"],"picked":"SKIP","floor":44},{"not_picked":["Thunderclap","Headbutt","Sever Soul"],"picked":"SKIP","floor":45}],"player_experience":346831,"relics_obtained":[{"floor":6.0,"key":"Ice Cream"},{"floor":9.0,"key":"Girya"},{"floor":11.0,"key":"Frozen Egg 2"},{"floor":13.0,"key":"Centennial Puzzle"},{"floor":26.0,"key":"Bottled Lightning"},{"floor":29.0,"key":"Bag of Marbles"},{"floor":30.0,"key":"Darkstone Periapt"},{"floor":43,"key":"Bottled Tornado"}],"event_choices":[{"damage_healed":0.0,"max_hp_gain":0.0,"max_hp_loss":0.0,"gold_gain":0.0,"event_name":"Big Fish","player_choice":"Box","floor":3.0,"gold_loss":0.0,"damage_taken":0.0,"relics_obtained":["War Paint"],"cards_obtained":["Regret"]},{"damage_healed":0.0,"max_hp_gain":0.0,"max_hp_loss":0.0,"gold_gain":0.0,"event_name":"Golden Idol","player_choice":"Take Damage","floor":4.0,"gold_loss":0.0,"damage_taken":20.0,"relics_obtained":["Golden Idol"]},{"cards_removed":["Strike_R"],"damage_healed":0.0,"max_hp_gain":0.0,"max_hp_loss":0.0,"gold_gain":0.0,"event_name":"Purifier","player_choice":"Purged","floor":14.0,"gold_loss":0.0,"damage_taken":0.0},{"damage_healed":0.0,"max_hp_gain":0.0,"max_hp_loss":0.0,"gold_gain":0.0,"event_name":"Addict","player_choice":"Obtained Relic","floor":27.0,"gold_loss":85.0,"damage_taken":0.0,"relics_obtained":["Kunai"]},{"damage_healed":0.0,"max_hp_gain":0.0,"max_hp_loss":0.0,"gold_gain":0.0,"event_name":"Upgrade Shrine","player_choice":"Upgraded","floor":36.0,"gold_loss":0.0,"damage_taken":0.0,"cards_upgraded":["Limit Break"]},{"damage_healed":0,"gold_gain":100,"player_choice":"Pray","damage_taken":0,"max_hp_gain":0,"max_hp_loss":0,"event_name":"Golden Shrine","floor":39,"gold_loss":0}],"is_beta":false,"boss_relics":[{"not_picked":["Runic Cube","Philosopher\u0027s Stone"],"picked":"Fusion Hammer"},{"not_picked":["Pandora\u0027s Box","Runic Dome"],"picked":"Black Blood"}],"items_purged_floors":[5],"is_endless":false,"potions_floor_spawned":[1,11,13,18,19,22,44],"killed_by":"Spire Growth","ascension_level":12}