{"gold_per_floor":[114,114,414,429,444,444,459,459,459,474,474,69,69,84,84,184,184,199,9,24,24,24,24,24,24,49,49,49,64,79,79,79,179,179,194,209,12,12],"floor_reached":38,"playtime":3810,"items_purged":[],"score":514,"play_id":"3e824352-bce5-4ae6-a708-7b899fd6ec3f","local_time":"20180727201546","daily_mods":["Specialized","Night Terrors","Hoarder"],"is_ascension_mode":false,"campfire_choices":[{"floor":6,"key":"REST"},{"data":"Corruption","floor":8,"key":"SMITH"},{"floor":13,"key":"REST"},{"data":"Fire Breathing","floor":15,"key":"SMITH"},{"floor":23,"key":"REST"},{"data":"Fire Breathing","floor":25,"key":"SMITH"},{"data":"Fire Breathing","floor":27,"key":"SMITH"},{"floor":32,"key":"REST"}],"neow_cost":"","seed_source_timestamp":0,"circlet_count":0,"master_deck":["Strike_R","Strike_R","Strike_R","Strike_R","Strike_R","Defend_R","Defend_R","Defend_R","Defend_R","Bash","Exhume","Exhume","Exhume","Exhume","Exhume","Exhume","Exhume","Exhume","Exhume","Exhume","Exhume","Exhume","Exhume","Exhume","Headbutt","Headbutt","Headbutt","Juggernaut","Juggernaut","Juggernaut","Normality","Normality","Normality","Corruption","Corruption","Corruption+1","Clash","Clash","Feel No Pain","Feel No Pain","Feel No Pain","Headbutt","Headbutt","Headbutt","Fire Breathing+1","Fire Breathing+1","Fire Breathing+1","Secret Technique","Secret Technique","Secret Technique","Deep Breath","Deep Breath","Deep Breath","Second Wind","Second Wind","Second Wind","Thunderclap","Thunderclap","Thunderclap","Demon Form","Demon Form","Demon Form","Heavy Blade","Heavy Blade","Heavy Blade","Seeing Red","Seeing Red","Seeing Red","Intimidate+1","Intimidate+1","Intimidate+1","Heavy Blade","Heavy Blade","Heavy Blade","Ghostly Armor+1","Ghostly Armor+1","Ghostly Armor+1","Anger","Anger","Anger","Inflame","Inflame","Inflame","Barricade","Barricade","Barricade","Headbutt+1","Headbutt+1","Headbutt+1","Dropkick+1","Dropkick+1","Dropkick+1","Shrug It Off","Shrug It Off","Shrug It Off"],"special_seed":17739,"relics":["Black Blood","Old Coin","Shuriken","Dodecahedron","Sozu","Blood Vial","Happy Flower","Strawberry","Boot"],"potions_floor_usage":[7,14,18],"damage_taken":[{"damage":17,"enemies":"2 Louse","floor":1,"turns":5},{"damage":18,"enemies":"Jaw Worm","floor":4,"turns":3},{"damage":19,"enemies":"Small Slimes","floor":5,"turns":6},{"damage":15,"enemies":"Looter","floor":7,"turns":3},{"damage":42,"enemies":"Gremlin Gang","floor":10,"turns":5},{"damage":0,"enemies":"2 Fungi Beasts","floor":14,"turns":3},{"damage":59,"enemies":"The Guardian","floor":16,"turns":12},{"damage":20,"enemies":"Spheric Guardian","floor":18,"turns":4},{"damage":51,"enemies":"2 Thieves","floor":20,"turns":4},{"damage":14,"enemies":"Centurion and Healer","floor":29,"turns":7},{"damage":6,"enemies":"Cultist and Chosen","floor":30,"turns":8},{"damage":15,"enemies":"Champ","floor":33,"turns":9},{"damage":44,"enemies":"Orb Walker","floor":35,"turns":5},{"damage":22,"enemies":"3 Shapes","floor":36,"turns":7},{"damage":32,"enemies":"Spire Growth","floor":38,"turns":3}],"seed_played":"-8062012140041976232","potions_obtained":[{"floor":5,"key":"Poison Potion"},{"floor":10,"key":"AttackPotion"},{"floor":16,"key":"AttackPotion"}],"is_trial":false,"path_per_floor":["M","?","?","M","M","R","M","R","T","M","?","$","R","M","R","B",null,"M","$","M","?","?","R","$","R","T","R","?","M","M","?","R","B",null,"M","M","$"],"character_chosen":"IRONCLAD","items_purchased":["Fire Breathing","Secret Technique","Deep Breath","Second Wind","Blood Vial","Seeing Red","Boot","Shrug It Off"],"campfire_rested":4,"item_purchase_floors":[12,12,12,12,19,19,37,37],"current_hp_per_floor":[69,69,69,57,44,75,66,66,66,30,30,30,70,70,70,17,70,56,56,13,13,13,65,65,65,65,65,72,64,66,66,67,58,67,33,23,23,0],"gold":12,"neow_bonus":"","is_prod":false,"is_daily":true,"chose_seed":false,"campfire_upgraded":4,"win_rate":0,"timestamp":1532693746,"path_taken":["M","?","?","M","M","R","M","R","T","M","?","$","R","M","R","BOSS","M","$","M","?","?","R","?","R","T","R","?","?","?","?","R","BOSS","M","M","$","M"],"build_version":"2018-07-26","purchased_purges":0,"victory":false,"max_hp_per_floor":[80,80,80,80,80,75,75,75,75,75,75,75,70,70,70,70,70,70,70,70,70,70,65,65,65,65,65,72,72,72,72,67,67,67,67,67,67,67],"card_choices":[{"not_picked":["Perfected Strike","Twin Strike"],"picked":"Headbutt","floor":1},{"not_picked":["Second Wind","Havoc"],"picked":"Corruption","floor":4},{"not_picked":["Pommel Strike","Wild Strike"],"picked":"Clash","floor":5},{"not_picked":["Dual Wield","Iron Wave"],"picked":"Feel No Pain","floor":7},{"not_picked":["Heavy Blade","Pommel Strike"],"picked":"Headbutt","floor":10},{"not_picked":["Spot Weakness","Headbutt"],"picked":"Thunderclap","floor":14},{"not_picked":["Exhume","Barricade"],"picked":"Demon Form","floor":16},{"not_picked":["Anger","Pommel Strike"],"picked":"Heavy Blade","floor":18},{"not_picked":["Pommel Strike","Sentinel"],"picked":"Intimidate+1","floor":20},{"not_picked":["Body Slam","Hemokinesis"],"picked":"Ghostly Armor+1","floor":29},{"not_picked":["Havoc","Rampage"],"picked":"Anger","floor":30},{"not_picked":["Exhume","Juggernaut"],"picked":"Barricade","floor":33},{"not_picked":["Ghostly Armor","Pommel Strike"],"picked":"Headbutt+1","floor":35},{"not_picked":["Evolve","Clothesline"],"picked":"Dropkick+1","floor":36}],"player_experience":840396,"relics_obtained":[{"floor":9,"key":"Shuriken"},{"floor":26,"key":"Happy Flower"}],"event_choices":[{"event_name":"Living Wall","player_choice":"Change","floor":2,"damage_taken":0},{"event_name":"Accursed Blacksmith","player_choice":"Rummage","floor":3,"damage_taken":0},{"event_name":"WeMeetAgain","player_choice":"Card","floor":11,"damage_taken":0},{"event_name":"Cursed Tome","player_choice":"Ignored","floor":21,"damage_taken":0},{"event_name":"Duplicator","player_choice":"One dupe","floor":22,"damage_taken":0},{"event_name":"The Mausoleum","player_choice":"Yes","floor":28,"damage_taken":0},{"event_name":"The Library","player_choice":"Read","floor":31,"damage_taken":0}],"is_beta":false,"boss_relics":[{"not_picked":["Cursed Key","Coffee Dripper"],"picked":"Sozu"},{"not_picked":["Runic Dome","Velvet Choker"],"picked":"Black Blood"}],"items_purged_floors":[],"is_endless":false,"potions_floor_spawned":[5,10,16,18,29,33,36],"killed_by":"Spire Growth","ascension_level":0}