{"gold_per_floor":[116,116,132,145,158,184,184,210,210,310,337,29,43,61,61,165,165,185,185,110,129,140,167,266,266,290,290,290,34,34,47,47,147,147,163,163,38,138,155,188,188,215,215,215,155,171,206,221,221,221],"floor_reached":51,"playtime":9384,"items_purged":["Strike_R","Strike_R","Strike_R"],"score":960,"play_id":"3c05171e-4c09-42c0-a38e-d3545ad1cd89","local_time":"20190910164801","is_ascension_mode":true,"campfire_choices":[{"data":"Shockwave","floor":7.0,"key":"SMITH"},{"data":"Impervious","floor":15.0,"key":"SMITH"},{"floor":27.0,"key":"REST"},{"floor":32.0,"key":"REST"},{"data":"Metamorphosis","floor":41.0,"key":"SMITH"},{"data":"Power Through","floor":44.0,"key":"SMITH"},{"floor":49.0,"key":"REST"}],"neow_cost":"NONE","seed_source_timestamp":0,"circlet_count":0,"master_deck":["Defend_R+1","Defend_R+1","Defend_R+1","Defend_R","Armaments","Shockwave+1","Impervious+1","Metamorphosis+1","Seeing Red","Power Through+1","Juggernaut","Evolve","Shockwave","Uppercut+1","Battle Trance+1","Necronomicurse","Demon Form","Reaper","Power Through+1","Battle Trance+1","Sever Soul","Fire Breathing+1","Body Slam","Evolve","Headbutt","Armaments+1","Dual Wield+1","Disarm+1"],"special_seed":0,"relics":["Burning Blood","PreservedInsect","Darkstone Periapt","Shuriken","Kunai","Velvet Choker","Ice Cream","Necronomicon","Bag of Preparation","Ancient Tea Set","Busted Crown","FossilizedHelix","Dream Catcher","Whetstone","War Paint","Paper Frog"],"potions_floor_usage":[50],"damage_taken":[{"damage":6.0,"enemies":"Small Slimes","floor":1.0,"turns":5.0},{"damage":0.0,"enemies":"Cultist","floor":3.0,"turns":4.0},{"damage":7.0,"enemies":"Jaw Worm","floor":4.0,"turns":5.0},{"damage":1.0,"enemies":"Looter","floor":5.0,"turns":4.0},{"damage":6.0,"enemies":"Gremlin Nob","floor":6.0,"turns":4.0},{"damage":24.0,"enemies":"3 Sentries","floor":8.0,"turns":8.0},{"damage":16.0,"enemies":"Gremlin Nob","floor":11.0,"turns":3.0},{"damage":0.0,"enemies":"Large Slime","floor":13.0,"turns":5.0},{"damage":1.0,"enemies":"3 Louse","floor":14.0,"turns":5.0},{"damage":16.0,"enemies":"The Guardian","floor":16.0,"turns":11.0},{"damage":18.0,"enemies":"Chosen","floor":18.0,"turns":6.0},{"damage":6.0,"enemies":"3 Byrds","floor":21.0,"turns":5.0},{"damage":3.0,"enemies":"3 Cultists","floor":22.0,"turns":7.0},{"damage":7.0,"enemies":"Gremlin Leader","floor":23.0,"turns":5.0},{"damage":33.0,"enemies":"Shelled Parasite and Fungi","floor":31.0,"turns":7.0},{"damage":41.0,"enemies":"Champ","floor":33.0,"turns":7.0},{"damage":0.0,"enemies":"3 Shapes","floor":35.0,"turns":3.0},{"damage":1.0,"enemies":"Mind Bloom Boss Battle","floor":38.0,"turns":6.0},{"damage":0.0,"enemies":"Orb Walker","floor":39.0,"turns":4.0},{"damage":13.0,"enemies":"Giant Head","floor":40.0,"turns":6.0},{"damage":0.0,"enemies":"Nemesis","floor":42.0,"turns":5.0},{"damage":12.0,"enemies":"Maw","floor":46.0,"turns":6.0},{"damage":59.0,"enemies":"Reptomancer","floor":47.0,"turns":5.0},{"damage":33.0,"enemies":"4 Shapes","floor":48.0,"turns":4.0},{"damage":83,"enemies":"Donu and Deca","floor":50,"turns":6}],"seed_played":"-9146581671381364084","potions_obtained":[{"floor":2.0,"key":"Block Potion"},{"floor":2.0,"key":"Block Potion"},{"floor":2.0,"key":"Fire Potion"},{"floor":6.0,"key":"Fire Potion"},{"floor":8.0,"key":"SteroidPotion"},{"floor":11.0,"key":"SkillPotion"},{"floor":18.0,"key":"Explosive Potion"},{"floor":22.0,"key":"Explosive Potion"},{"floor":31.0,"key":"BloodPotion"},{"floor":40.0,"key":"Poison Potion"},{"floor":42.0,"key":"Block Potion"},{"floor":46.0,"key":"SkillPotion"}],"is_trial":false,"path_per_floor":["M","?","M","M","M","E","R","E","T","?","E","$","M","M","R","B",null,"M","?","?","M","M","E","?","?","T","R","?","$","$","M","R","B",null,"M","?","$","?","M","E","R","E","T","R","?","M","E","M","R","B",null],"character_chosen":"IRONCLAD","items_purchased":["Block Potion","Metamorphosis","Ancient Tea Set"],"campfire_rested":3,"item_purchase_floors":[12,12,29],"current_hp_per_floor":[80,80,80,79,80,80,80,62,62,62,55,55,64,73,73,63,83,71,71,71,74,77,76,76,66,66,95,75,75,75,48,79,44,89,107,107,107,107,107,100,100,107,107,107,107,101,48,86,107,107],"gold":221,"neow_bonus":"UPGRADE_CARD","is_prod":false,"is_daily":false,"chose_seed":false,"campfire_upgraded":4,"win_rate":0,"timestamp":1568126881,"path_taken":["M","?","?","M","M","E","R","E","T","?","E","?","M","M","R","BOSS","M","?","?","M","M","E","?","?","T","R","?","?","$","M","R","BOSS","M","?","$","?","M","E","R","E","T","R","?","M","E","M","R","BOSS"],"build_version":"2019-07-17","purchased_purges":3,"victory":true,"max_hp_per_floor":[80,80,80,80,80,80,80,80,80,80,83,83,86,90,90,90,90,90,90,90,93,93,93,93,99,99,99,104,104,104,104,104,104,104,107,107,107,107,107,107,107,107,107,107,107,107,107,107,107,107],"card_choices":[{"not_picked":["Heavy Blade","Wild Strike"],"picked":"Armaments","floor":1.0},{"not_picked":["Anger","Wild Strike"],"picked":"Shockwave","floor":3.0},{"not_picked":["Twin Strike","Sever Soul","Thunderclap"],"picked":"SKIP","floor":4.0},{"not_picked":["Headbutt","Clothesline","Rampage"],"picked":"SKIP","floor":5.0},{"not_picked":["Intimidate","Sword Boomerang","Pommel Strike"],"picked":"SKIP","floor":6.0},{"not_picked":["Sword Boomerang","Spot Weakness"],"picked":"Feed","floor":8.0},{"not_picked":["Anger","Armaments"],"picked":"Impervious","floor":11.0},{"not_picked":["Hemokinesis","Combust"],"picked":"Seeing Red","floor":13.0},{"not_picked":["Anger","Shrug It Off"],"picked":"Power Through","floor":14.0},{"not_picked":["Feed","Limit Break"],"picked":"Juggernaut","floor":16.0},{"not_picked":["Headbutt","Infernal Blade"],"picked":"Evolve","floor":18.0},{"not_picked":["Sword Boomerang","Flex"],"picked":"Shockwave","floor":21.0},{"not_picked":["Flex","Clash"],"picked":"Uppercut+1","floor":22.0},{"not_picked":["Exhume","Clash"],"picked":"Battle Trance+1","floor":23.0},{"not_picked":["Wild Strike+1","Armaments+1"],"picked":"Demon Form","floor":31.0},{"not_picked":["Dark Embrace","Brutality"],"picked":"Reaper","floor":33.0},{"not_picked":[],"picked":"Power Through+1","floor":35.0},{"not_picked":[],"picked":"Battle Trance+1","floor":38.0},{"not_picked":[],"picked":"Sever Soul","floor":39.0},{"not_picked":[],"picked":"Fire Breathing+1","floor":40.0},{"not_picked":[],"picked":"Body Slam","floor":42.0},{"not_picked":["Battle Trance"],"picked":"SKIP","floor":46.0},{"not_picked":[],"picked":"Armaments+1","floor":47.0},{"not_picked":[],"picked":"Dual Wield+1","floor":48.0},{"not_picked":[],"picked":"Disarm+1","floor":49.0}],"player_experience":244136,"relics_obtained":[{"floor":6.0,"key":"PreservedInsect"},{"floor":8.0,"key":"Darkstone Periapt"},{"floor":9.0,"key":"Shuriken"},{"floor":11.0,"key":"Kunai"},{"floor":23.0,"key":"Ice Cream"},{"floor":25.0,"key":"Necronomicon"},{"floor":26.0,"key":"Bag of Preparation"},{"floor":38.0,"key":"FossilizedHelix"},{"floor":40.0,"key":"Dream Catcher"},{"floor":42.0,"key":"Whetstone"},{"floor":43.0,"key":"War Paint"},{"floor":47.0,"key":"Paper Frog"}],"event_choices":[{"damage_healed":0.0,"max_hp_gain":0.0,"max_hp_loss":0.0,"gold_gain":0.0,"event_name":"Lab","player_choice":"Got Potions","floor":2.0,"gold_loss":0.0,"damage_taken":0.0},{"damage_healed":0.0,"max_hp_gain":0.0,"max_hp_loss":0.0,"gold_gain":100.0,"event_name":"Golden Shrine","player_choice":"Pray","floor":10.0,"gold_loss":0.0,"damage_taken":0.0},{"damage_healed":0.0,"max_hp_gain":0.0,"max_hp_loss":0.0,"gold_gain":0.0,"event_name":"The Mausoleum","player_choice":"Ignored","floor":19.0,"gold_loss":0.0,"damage_taken":0.0},{"cards_removed":["Bash"],"damage_healed":0.0,"max_hp_gain":0.0,"max_hp_loss":0.0,"gold_gain":0.0,"event_name":"Beggar","player_choice":"Gave Gold","floor":20.0,"gold_loss":75.0,"damage_taken":0.0},{"damage_healed":0.0,"max_hp_gain":0.0,"max_hp_loss":0.0,"gold_gain":99.0,"event_name":"Nest","player_choice":"Stole From Cult","floor":24.0,"gold_loss":0.0,"damage_taken":0.0},{"damage_healed":0.0,"max_hp_gain":0.0,"max_hp_loss":0.0,"gold_gain":0.0,"event_name":"Cursed Tome","player_choice":"Obtained Book","floor":25.0,"gold_loss":0.0,"damage_taken":16.0},{"damage_healed":0.0,"max_hp_gain":5.0,"max_hp_loss":0.0,"gold_gain":0.0,"event_name":"Forgotten Altar","player_choice":"Shed Blood","floor":28.0,"gold_loss":0.0,"damage_taken":25.0},{"cards_removed":["Feed"],"damage_healed":0.0,"max_hp_gain":0.0,"max_hp_loss":0.0,"gold_gain":0.0,"event_name":"Falling","player_choice":"Removed Attack","floor":36.0,"gold_loss":0.0,"damage_taken":0.0},{"damage_healed":0.0,"max_hp_gain":0.0,"max_hp_loss":0.0,"gold_gain":0.0,"event_name":"MindBloom","player_choice":"Fight","floor":38.0,"gold_loss":0.0,"damage_taken":0.0},{"damage_healed":0.0,"max_hp_gain":0.0,"max_hp_loss":0.0,"gold_gain":0.0,"cards_transformed":["Strike_R","Strike_R"],"event_name":"Designer","player_choice":"Transformed Cards","floor":45.0,"gold_loss":60.0,"damage_taken":0.0,"cards_obtained":["Evolve","Headbutt"]}],"is_beta":false,"boss_relics":[{"not_picked":["Fusion Hammer","Eternal Feather"],"picked":"Velvet Choker"},{"not_picked":["White Beast Statue","Calling Bell"],"picked":"Busted Crown"}],"items_purged_floors":[12,29,37],"is_endless":false,"potions_floor_spawned":[4,6,8,11,18,22,31,40,42,46],"ascension_level":5}