{"gold_per_floor":[111,111,286,303,321,321,341,341,341,341,351,365,36,47,47,144,144,161,161,76,93,107,107,107],"floor_reached":24,"playtime":2704,"items_purged":["Doubt"],"score":190,"play_id":"bf208a9d-9e3c-4dd3-987b-825ec3f094eb","local_time":"20190816171442","is_ascension_mode":false,"campfire_choices":[{"data":"Footwork","floor":6,"key":"SMITH"},{"data":"Backflip","floor":8,"key":"SMITH"},{"data":"Footwork","floor":10,"key":"SMITH"},{"data":"Backflip","floor":15,"key":"SMITH"},{"floor":23,"key":"REST"}],"neow_cost":"NONE","seed_source_timestamp":23187928452883,"circlet_count":0,"master_deck":["Strike_G","Strike_G","Strike_G","Strike_G","Strike_G","Defend_G","Defend_G","Defend_G","Defend_G","Defend_G","Survivor","Neutralize","Outmaneuver+1","Footwork+1","Footwork+1","Backflip+1","Doppelganger","Calculated Gamble","Backflip+1","After Image","Outmaneuver+1","Outmaneuver+1","Catalyst"],"relics":["Ring of the Snake","Mummified Hand","Letter Opener","Velvet Choker","MutagenicStrength","Bag of Marbles"],"potions_floor_usage":[11,16,16,16],"damage_taken":[{"damage":2,"enemies":"Small Slimes","floor":1,"turns":6},{"damage":2,"enemies":"2 Louse","floor":4,"turns":4},{"damage":7,"enemies":"Jaw Worm","floor":5,"turns":7},{"damage":1,"enemies":"3 Louse","floor":7,"turns":7},{"damage":9,"enemies":"Large Slime","floor":11,"turns":18},{"damage":0,"enemies":"Lots of Slimes","floor":12,"turns":11},{"damage":0,"enemies":"2 Fungi Beasts","floor":14,"turns":5},{"damage":20,"enemies":"Slime Boss","floor":16,"turns":19},{"damage":5,"enemies":"Shell Parasite","floor":18,"turns":13},{"damage":33,"enemies":"Chosen","floor":21,"turns":11},{"damage":9,"enemies":"Shelled Parasite and Fungi","floor":22,"turns":20},{"damage":70,"enemies":"Cultist and Chosen","floor":24,"turns":7}],"seed_played":"-1154569755956732001","potions_obtained":[{"floor":4,"key":"Strength Potion"},{"floor":5,"key":"Poison Potion"},{"floor":7,"key":"Fruit Juice"},{"floor":12,"key":"Strength Potion"}],"is_trial":false,"path_per_floor":["M","?","?","M","M","R","M","R","T","R","M","M","$","M","R","B",null,"M","?","?","M","M","R","M"],"character_chosen":"THE_SILENT","items_purchased":["Letter Opener"],"campfire_rested":1,"item_purchase_floors":[13],"current_hp_per_floor":[75,75,75,73,66,66,65,65,65,65,61,61,61,61,61,41,82,77,77,77,44,35,59,0],"gold":107,"neow_bonus":"TEN_PERCENT_HP_BONUS","is_prod":false,"is_daily":false,"chose_seed":false,"campfire_upgraded":4,"win_rate":0.0,"timestamp":1565993682,"path_taken":["M","?","?","M","M","R","M","R","T","R","M","M","?","M","R","BOSS","M","?","?","M","M","R","M"],"build_version":"2019-07-17","purchased_purges":1,"victory":false,"max_hp_per_floor":[77,77,77,77,77,77,77,77,77,77,82,82,82,82,82,82,82,82,82,82,82,82,82,82],"card_choices":[{"not_picked":["Quick Slash","Dagger Throw"],"picked":"Outmaneuver","floor":1},{"not_picked":["Poisoned Stab","Outmaneuver"],"picked":"Footwork","floor":4},{"not_picked":["Blade Dance","Deadly Poison"],"picked":"Footwork","floor":5},{"not_picked":["Cloak And Dagger","Slice"],"picked":"Backflip","floor":7},{"not_picked":["Accuracy","Prepared"],"picked":"Doppelganger","floor":11},{"not_picked":["Bane","Flying Knee"],"picked":"Calculated Gamble","floor":12},{"not_picked":["Calculated Gamble","Backstab"],"picked":"Backflip","floor":14},{"not_picked":["Storm of Steel","Venomology"],"picked":"After Image","floor":16},{"not_picked":["PiercingWail","Slice"],"picked":"Outmaneuver+1","floor":18},{"not_picked":["Predator","Dagger Throw"],"picked":"Outmaneuver+1","floor":21},{"not_picked":["Deflect","Dagger Spray"],"picked":"Catalyst","floor":22}],"player_experience":181431,"relics_obtained":[{"floor":9,"key":"Mummified Hand"}],"event_choices":[{"damage_healed":0,"gold_gain":0,"player_choice":"Grow","damage_taken":0,"max_hp_gain":0,"max_hp_loss":0,"event_name":"Living Wall","floor":2,"gold_loss":0,"cards_upgraded":["Outmaneuver"]},{"damage_healed":0,"gold_gain":175,"player_choice":"AGREE","damage_taken":0,"max_hp_gain":0,"max_hp_loss":0,"event_name":"Liars Game","floor":3,"gold_loss":0,"cards_obtained":["Doubt"]},{"damage_healed":0,"gold_gain":0,"player_choice":"Inject Mutagens","damage_taken":0,"relics_obtained":["MutagenicStrength"],"max_hp_gain":0,"max_hp_loss":0,"event_name":"Drug Dealer","floor":19,"gold_loss":0},{"damage_healed":0,"gold_gain":0,"player_choice":"Obtained Relic","damage_taken":0,"relics_obtained":["Bag of Marbles"],"max_hp_gain":0,"max_hp_loss":0,"event_name":"Addict","floor":20,"gold_loss":85}],"is_beta":false,"boss_relics":[{"not_picked":["Orrery","Calling Bell"],"picked":"Velvet Choker"}],"items_purged_floors":[13],"is_endless":false,"potions_floor_spawned":[4,5,7,12],"killed_by":"Cultist and Chosen","ascension_level":0}