{"gold_per_floor":[119,194,212,162,162,162,172,188,211,211,229,72,98,98,98,198,198,216,69,88,99,115,115,144,144,144,144,156,181,198,146,146,245,245,262,194,0,17,17,17,31,31,57,69,99,121,185,216,228,240],"floor_reached":50,"playtime":1731,"items_purged":[],"score":509,"play_id":"338329b4-566f-465e-bf92-83d7b224625f","local_time":"20190623225342","is_ascension_mode":false,"campfire_choices":[{"data":"Inflame","floor":6.0,"key":"SMITH"},{"data":"Shrug It Off","floor":10.0,"key":"SMITH"},{"data":"Bash","floor":15.0,"key":"SMITH"},{"floor":23.0,"key":"REST"},{"floor":25.0,"key":"REST"},{"data":"Limit Break","floor":27.0,"key":"SMITH"},{"data":"Heavy Blade","floor":32.0,"key":"SMITH"},{"data":"Whirlwind","floor":40.0,"key":"SMITH"},{"floor":44.0,"key":"REST"},{"floor":49.0,"key":"REST"}],"neow_cost":"TEN_PERCENT_HP_LOSS","seed_source_timestamp":0,"circlet_count":0,"master_deck":["Strike_R","Strike_R","Strike_R","Strike_R","Defend_R","Defend_R","Bash+1","Inflame+1","Shrug It Off+1","Shockwave+1","Limit Break+1","Inflame+1","Flame Barrier+1","Battle Trance","Heavy Blade+1","Impervious","Whirlwind+1","Pummel+1","Inflame+1","Sword Boomerang+1"],"special_seed":0,"relics":["Burning Blood","Unceasing Top","Ancient Tea Set","PreservedInsect","Orichalcum","Black Star","Happy Flower","Oddly Smooth Stone","Dream Catcher","Kunai","Blood Vial","Bronze Scales","Orrery","Red Mask","MawBank","Ginger"],"potions_floor_usage":[50,50],"damage_taken":[{"damage":1.0,"enemies":"Cultist","floor":1.0,"turns":4.0},{"damage":5.0,"enemies":"2 Louse","floor":3.0,"turns":2.0},{"damage":0.0,"enemies":"Jaw Worm","floor":7.0,"turns":3.0},{"damage":9.0,"enemies":"Gremlin Gang","floor":8.0,"turns":5.0},{"damage":1.0,"enemies":"2 Fungi Beasts","floor":11.0,"turns":3.0},{"damage":25.0,"enemies":"Lagavulin","floor":13.0,"turns":4.0},{"damage":38.0,"enemies":"Slime Boss","floor":16.0,"turns":14.0},{"damage":3.0,"enemies":"Shell Parasite","floor":18.0,"turns":6.0},{"damage":18.0,"enemies":"Spheric Guardian","floor":20.0,"turns":5.0},{"damage":17.0,"enemies":"Centurion and Healer","floor":21.0,"turns":5.0},{"damage":19.0,"enemies":"Snake Plant","floor":22.0,"turns":5.0},{"damage":22.0,"enemies":"Book of Stabbing","floor":24.0,"turns":5.0},{"damage":1.0,"enemies":"Cultist and Chosen","floor":28.0,"turns":5.0},{"damage":20.0,"enemies":"Slavers","floor":29.0,"turns":5.0},{"damage":10.0,"enemies":"Shelled Parasite and Fungi","floor":30.0,"turns":5.0},{"damage":39.0,"enemies":"Automaton","floor":33.0,"turns":8.0},{"damage":22.0,"enemies":"Orb Walker","floor":35.0,"turns":4.0},{"damage":4.0,"enemies":"3 Darklings","floor":38.0,"turns":5.0},{"damage":17.0,"enemies":"Jaw Worm Horde","floor":41.0,"turns":4.0},{"damage":3.0,"enemies":"Transient","floor":45.0,"turns":5.0},{"damage":14.0,"enemies":"3 Darklings","floor":46.0,"turns":2.0},{"damage":40.0,"enemies":"2 Orb Walkers","floor":47.0,"turns":5.0},{"damage":11.0,"enemies":"4 Shapes","floor":48.0,"turns":4.0},{"damage":55,"enemies":"Donu and Deca","floor":50,"turns":4}],"seed_played":"4744884599651590458","potions_obtained":[{"floor":1.0,"key":"Dexterity Potion"},{"floor":7.0,"key":"Swift Potion"},{"floor":11.0,"key":"Poison Potion"},{"floor":13.0,"key":"SteroidPotion"},{"floor":18.0,"key":"Energy Potion"},{"floor":29.0,"key":"SteroidPotion"},{"floor":30.0,"key":"SpeedPotion"},{"floor":38.0,"key":"Energy Potion"}],"is_trial":false,"path_per_floor":["M","?","M","?","?","R","M","M","T","R","M","$","E","?","R","B",null,"M","$","M","M","M","R","E","R","T","R","M","E","M","$","R","B",null,"M","$","?","M","$","R","M","?","T","R","M","M","?","M","R","B"],"character_chosen":"IRONCLAD","items_purchased":["PreservedInsect","Happy Flower","Heavy Blade","Whirlwind"],"campfire_rested":4,"item_purchase_floors":[12,19,31,36],"current_hp_per_floor":[72,61,62,62,62,62,68,65,65,65,70,70,51,51,51,19,72,72,72,60,49,36,57,41,62,62,62,67,53,51,51,51,20,72,56,56,56,60,60,60,51,51,51,72,72,64,32,29,50,0],"gold":240,"neow_bonus":"ONE_RARE_RELIC","is_prod":false,"is_daily":false,"chose_seed":false,"campfire_upgraded":6,"win_rate":0,"timestamp":1561344822,"path_taken":["M","?","M","?","?","R","M","?","T","R","M","?","E","?","R","BOSS","M","$","M","?","M","R","E","R","T","R","M","E","M","$","R","BOSS","M","$","?","M","$","R","M","?","T","R","M","M","?","M","R","BOSS"],"build_version":"2019-01-23","purchased_purges":0,"victory":false,"max_hp_per_floor":[72,72,72,72,72,72,72,72,72,72,72,72,72,72,72,72,72,72,72,72,72,72,72,72,72,72,72,72,72,72,72,72,72,72,72,72,72,72,72,72,72,72,72,72,72,72,72,72,72,72],"card_choices":[{"not_picked":["Rage","Combust"],"picked":"Inflame","floor":1.0},{"not_picked":["Uppercut","Rampage"],"picked":"Shrug It Off","floor":3.0},{"not_picked":["Wild Strike","Uppercut","Hemokinesis"],"picked":"SKIP","floor":7.0},{"not_picked":["Carnage","Rage","Headbutt"],"picked":"SKIP","floor":8.0},{"not_picked":["Cleave","Sword Boomerang","Wild Strike"],"picked":"SKIP","floor":11.0},{"not_picked":["Bloodletting","Rupture"],"picked":"Shockwave","floor":13.0},{"not_picked":["Barricade","Immolate"],"picked":"Limit Break","floor":16.0},{"not_picked":["Corruption","Heavy Blade"],"picked":"Inflame+1","floor":18.0},{"not_picked":["Wild Strike+1","Perfected Strike","Twin Strike"],"picked":"SKIP","floor":20.0},{"not_picked":["Rupture","Thunderclap","Headbutt"],"picked":"SKIP","floor":21.0},{"not_picked":["Feel No Pain+1","Thunderclap","Pommel Strike"],"picked":"SKIP","floor":22.0},{"not_picked":["Wild Strike","Rupture","Sword Boomerang"],"picked":"SKIP","floor":24.0},{"not_picked":["Clothesline","Reckless Charge","Immolate"],"picked":"SKIP","floor":28.0},{"not_picked":["Clothesline+1","Cleave+1"],"picked":"Flame Barrier+1","floor":29.0},{"not_picked":["Disarm","Armaments"],"picked":"Battle Trance","floor":30.0},{"not_picked":["Dark Embrace","Reaper"],"picked":"Impervious","floor":33.0},{"not_picked":["Perfected Strike","Iron Wave+1","Reckless Charge"],"picked":"SKIP","floor":35.0},{"not_picked":["Flame Barrier+1","Infernal Blade"],"picked":"Pummel+1","floor":38.0},{"not_picked":["Sentinel+1","Hemokinesis","Reckless Charge"],"picked":"SKIP","floor":41.0},{"not_picked":["Flex","Metallicize"],"picked":"Inflame+1","floor":44.0},{"not_picked":["Clash+1","Thunderclap+1","Havoc+1"],"picked":"SKIP","floor":45.0},{"not_picked":["Burning Pact+1","Perfected Strike","Offering"],"picked":"SKIP","floor":46.0},{"not_picked":["Clash+1","Carnage+1"],"picked":"Sword Boomerang+1","floor":47.0},{"not_picked":["Sword Boomerang","Hemokinesis+1","Anger+1"],"picked":"SKIP","floor":48.0}],"player_experience":402062,"relics_obtained":[{"floor":9.0,"key":"Ancient Tea Set"},{"floor":13.0,"key":"Orichalcum"},{"floor":24.0,"key":"Oddly Smooth Stone"},{"floor":24.0,"key":"Dream Catcher"},{"floor":26.0,"key":"Kunai"},{"floor":29.0,"key":"Blood Vial"},{"floor":29.0,"key":"Bronze Scales"},{"floor":43.0,"key":"MawBank"},{"floor":47.0,"key":"Ginger"}],"event_choices":[{"damage_healed":0.0,"max_hp_gain":0.0,"max_hp_loss":0.0,"gold_gain":75.0,"event_name":"World of Goop","player_choice":"Gather Gold","floor":2.0,"gold_loss":0.0,"damage_taken":11.0},{"cards_removed":["Defend_R"],"damage_healed":0.0,"max_hp_gain":0.0,"max_hp_loss":0.0,"gold_gain":0.0,"event_name":"The Cleric","player_choice":"Card Removal","floor":4.0,"gold_loss":50.0,"damage_taken":0.0},{"cards_removed":["Strike_R"],"damage_healed":0.0,"max_hp_gain":0.0,"max_hp_loss":0.0,"gold_gain":0.0,"event_name":"Bonfire Elementals","player_choice":"Offered Basic","floor":5.0,"gold_loss":0.0,"damage_taken":0.0},{"damage_healed":0.0,"max_hp_gain":0.0,"max_hp_loss":0.0,"gold_gain":0.0,"event_name":"Accursed Blacksmith","player_choice":"Forge","floor":14.0,"gold_loss":0.0,"damage_taken":0.0,"cards_upgraded":["Shockwave"]},{"damage_healed":0.0,"max_hp_gain":0.0,"max_hp_loss":0.0,"gold_gain":0.0,"event_name":"Tomb of Lord Red Mask","player_choice":"Paid","floor":37.0,"gold_loss":194.0,"damage_taken":0.0,"relics_obtained":["Red Mask"]},{"cards_removed":["Defend_R"],"damage_healed":0.0,"max_hp_gain":0.0,"max_hp_loss":0.0,"gold_gain":0.0,"event_name":"Falling","player_choice":"Removed Skill","floor":42.0,"gold_loss":0.0,"damage_taken":0.0},{"damage_healed":0.0,"max_hp_gain":0.0,"max_hp_loss":0.0,"gold_gain":0.0,"event_name":"Mysterious Sphere","player_choice":"Fight","floor":47.0,"gold_loss":0.0,"damage_taken":0.0}],"is_beta":false,"boss_relics":[{"not_picked":["Empty Cage","Pandora\u0027s Box"],"picked":"Black Star"},{"not_picked":["White Beast Statue","Coffee Dripper"],"picked":"Orrery"}],"items_purged_floors":[],"is_endless":false,"potions_floor_spawned":[1,7,11,13,18,21,28,29,30,38,47,48],"killed_by":"Donu and Deca","ascension_level":0}