{"gold_per_floor":[210,230,188,208,14,14,43,43,43,43,62,72,72,101,101,177,177,193,211,211,20,20,20,20],"floor_reached":24,"playtime":1123,"items_purged":[],"score":413,"play_id":"46cfbb79-00a0-4262-9bf0-5b46b900fdfc","local_time":"20190905124957","is_ascension_mode":true,"campfire_choices":[{"data":"Combust","floor":6.0,"key":"SMITH"},{"data":"True Grit","floor":8.0,"key":"SMITH"},{"data":"Evolve","floor":15.0,"key":"SMITH"},{"floor":23,"key":"REST"}],"neow_cost":"NONE","seed_source_timestamp":0,"circlet_count":0,"master_deck":["AscendersBane","Strike_R","Strike_R","Strike_R","Strike_R","Strike_R","Defend_R","Defend_R","Defend_R","Defend_R","Bash","True Grit+1","Reckless Charge","Combust+1","Spot Weakness","Feel No Pain+1","Offering","Battle Trance","Evolve+1","Iron Wave+1","Feed+1","Cleave+1","Blood for Blood+1","Rupture","Panacea"],"special_seed":0,"relics":["Burning Blood","Mummified Hand","Molten Egg 2","Blue Candle","Pear","Velvet Choker"],"potions_floor_usage":[19],"damage_taken":[{"damage":6.0,"enemies":"Cultist","floor":1.0,"turns":3.0},{"damage":3.0,"enemies":"Small Slimes","floor":2.0,"turns":5.0},{"damage":3.0,"enemies":"2 Louse","floor":4.0,"turns":3.0},{"damage":24.0,"enemies":"Lagavulin","floor":7.0,"turns":6.0},{"damage":10.0,"enemies":"Large Slime","floor":11.0,"turns":4.0},{"damage":26.0,"enemies":"Exordium Wildlife","floor":12.0,"turns":3.0},{"damage":15.0,"enemies":"3 Sentries","floor":14.0,"turns":4.0},{"damage":40.0,"enemies":"Slime Boss","floor":16.0,"turns":7.0},{"damage":22.0,"enemies":"3 Byrds","floor":18.0,"turns":4.0},{"damage":26,"enemies":"2 Thieves","floor":19,"turns":4},{"damage":47,"enemies":"Cultist and Chosen","floor":24,"turns":4}],"seed_played":"-8946426091487127406","potions_obtained":[{"floor":1.0,"key":"Strength Potion"},{"floor":4.0,"key":"Poison Potion"},{"floor":7.0,"key":"BloodPotion"},{"floor":12.0,"key":"Fire Potion"},{"floor":14.0,"key":"Swift Potion"}],"is_trial":false,"path_per_floor":["M","M","$","M","$","R","E","R","T","?","M","M","?","E","R","B",null,"M","M","?","$","?","R","M"],"character_chosen":"IRONCLAD","items_purchased":["Combust","Feel No Pain","Fruit Juice","Rupture","Panacea"],"campfire_rested":1,"item_purchase_floors":[3,5,5,21,21],"current_hp_per_floor":[68,71,71,74,74,79,61,61,61,61,57,57,57,58,58,24,74,62,46,46,46,17,47,0],"gold":20,"neow_bonus":"HUNDRED_GOLD","is_prod":false,"is_daily":false,"chose_seed":false,"campfire_upgraded":3,"win_rate":0,"timestamp":1567712997,"path_taken":["M","M","?","M","$","R","E","R","T","?","M","?","?","E","R","BOSS","M","M","?","$","?","R","M"],"build_version":"2019-07-17","purchased_purges":0,"victory":false,"max_hp_per_floor":[75,75,75,75,75,80,80,80,80,80,80,80,80,90,90,90,90,94,98,98,98,103,103,103],"card_choices":[{"not_picked":["Entrench","Warcry"],"picked":"True Grit","floor":1.0},{"not_picked":["Perfected Strike","Rage"],"picked":"Reckless Charge","floor":2.0},{"not_picked":["Clash","Body Slam"],"picked":"Spot Weakness","floor":4.0},{"not_picked":["Armaments","Searing Blow"],"picked":"Offering","floor":7.0},{"not_picked":["Clash+1","Headbutt+1"],"picked":"Battle Trance","floor":11.0},{"not_picked":["Shrug It Off","Anger+1"],"picked":"Evolve","floor":12.0},{"not_picked":["Armaments","Double Tap"],"picked":"Iron Wave+1","floor":14.0},{"not_picked":["Brutality","Dark Embrace"],"picked":"Feed+1","floor":16.0},{"not_picked":["Metallicize","Pommel Strike+1"],"picked":"Cleave+1","floor":18.0},{"not_picked":["Cleave+1","Intimidate+1"],"picked":"Blood for Blood+1","floor":19}],"player_experience":821237,"relics_obtained":[{"floor":7.0,"key":"Mummified Hand"},{"floor":9.0,"key":"Molten Egg 2"},{"floor":14.0,"key":"Pear"}],"event_choices":[{"damage_healed":0.0,"max_hp_gain":0.0,"max_hp_loss":0.0,"gold_gain":0.0,"event_name":"Upgrade Shrine","player_choice":"Upgraded","floor":10.0,"gold_loss":0.0,"damage_taken":0.0,"cards_upgraded":["Feel No Pain"]},{"damage_healed":0.0,"max_hp_gain":0.0,"max_hp_loss":0.0,"gold_gain":0.0,"event_name":"Dead Adventurer","player_choice":"Searched \u00272\u0027 times","floor":13.0,"gold_loss":0.0,"damage_taken":0.0,"relics_obtained":["Blue Candle"]},{"damage_healed":0,"gold_gain":0,"player_choice":"Ignored","damage_taken":0,"max_hp_gain":0,"max_hp_loss":0,"event_name":"The Mausoleum","floor":20,"gold_loss":0},{"damage_healed":0,"gold_gain":0,"player_choice":"Shed Blood","damage_taken":34,"max_hp_gain":5,"max_hp_loss":0,"event_name":"Forgotten Altar","floor":22,"gold_loss":0}],"is_beta":false,"boss_relics":[{"not_picked":["White Beast Statue","Pandora\u0027s Box"],"picked":"Velvet Choker"}],"items_purged_floors":[],"is_endless":false,"potions_floor_spawned":[1,4,7,12,14],"killed_by":"Cultist and Chosen","ascension_level":18}