{"gold_per_floor":[12,12,30,30,43,43,74,85,85,120,120,139,150,176,176,280,280,299,299,52,52,52,52,72,105,105,105,45,59,76,92,92,193,193,205,205,224,235,37,37,53,53,79,91,133,160,172,197,209,221],"floor_reached":51,"playtime":1947,"items_purged":["Decay"],"score":769,"play_id":"eb94abcb-8671-40b3-bc55-13b04d867940","local_time":"20180811122317","is_ascension_mode":false,"campfire_choices":[{"data":"Dropkick","floor":6,"key":"SMITH"},{"data":"Infernal Blade","floor":11,"key":"SMITH"},{"data":"Twin Strike","floor":15,"key":"SMITH"},{"data":"Bludgeon","floor":23,"key":"SMITH"},{"data":"Bludgeon","floor":27,"key":"SMITH"},{"data":"Flex","floor":32,"key":"SMITH"},{"floor":40,"key":"REST"},{"floor":42,"key":"REST"},{"floor":47,"key":"REST"},{"floor":49,"key":"REST"}],"neow_cost":"NO_GOLD","seed_source_timestamp":401480254746538,"circlet_count":0,"master_deck":["Strike_R","Strike_R+1","Strike_R","Strike_R","Defend_R","Defend_R","Defend_R","Defend_R","Bash","Pommel Strike","Infernal Blade+1","Dropkick+1","Impervious","Twin Strike+1","Bludgeon+1","Headbutt+1","Bludgeon+1","Flex+1","Pommel Strike+1","Thunderclap","Immolate","Wild Strike","Apotheosis","Master of Strategy","Sword Boomerang","Cleave+1","Flex","Flex","Warcry+1","Doubt","Power Through+1","Thunderclap+1"],"relics":["Burning Blood","Thread and Needle","Mercury Hourglass","Bottled Lightning","The Courier","Cursed Key","Anchor","Whetstone","Strawberry","Gremlin Horn","Fusion Hammer","Vajra","MawBank","Red Skull"],"potions_floor_usage":[33,50,50,50],"damage_taken":[{"damage":1,"enemies":"Cultist","floor":1,"turns":3},{"damage":7,"enemies":"Small Slimes","floor":3,"turns":4},{"damage":5,"enemies":"2 Louse","floor":5,"turns":2},{"damage":13,"enemies":"Gremlin Nob","floor":7,"turns":3},{"damage":16,"enemies":"Large Slime","floor":8,"turns":6},{"damage":28,"enemies":"3 Sentries","floor":10,"turns":5},{"damage":1,"enemies":"Looter","floor":12,"turns":2},{"damage":0,"enemies":"Exordium Thugs","floor":13,"turns":3},{"damage":14,"enemies":"Lagavulin","floor":14,"turns":5},{"damage":52,"enemies":"The Guardian","floor":16,"turns":9},{"damage":8,"enemies":"2 Thieves","floor":18,"turns":3},{"damage":0,"enemies":"Spheric Guardian","floor":24,"turns":3},{"damage":0,"enemies":"Gremlin Leader","floor":25,"turns":5},{"damage":3,"enemies":"Cultist and Chosen","floor":29,"turns":3},{"damage":0,"enemies":"3 Cultists","floor":30,"turns":3},{"damage":7,"enemies":"Snake Plant","floor":31,"turns":2},{"damage":73,"enemies":"Collector","floor":33,"turns":5},{"damage":0,"enemies":"Flame Bruiser 1 Orb","floor":35,"turns":2},{"damage":12,"enemies":"3 Darklings","floor":37,"turns":3},{"damage":28,"enemies":"Spire Growth","floor":38,"turns":4},{"damage":0,"enemies":"Transient","floor":41,"turns":5},{"damage":11,"enemies":"2 Orb Walkers","floor":45,"turns":3},{"damage":0,"enemies":"Flame Bruiser 2 Orb","floor":46,"turns":1},{"damage":5,"enemies":"3 Darklings","floor":48,"turns":3},{"damage":87,"enemies":"Awakened One","floor":50,"turns":9}],"seed_played":"-1186158832323474533","potions_obtained":[{"floor":5,"key":"Strength Potion"},{"floor":10,"key":"Weak Potion"},{"floor":13,"key":"EssenceOfSteel"},{"floor":31,"key":"Energy Potion"},{"floor":35,"key":"EssenceOfSteel"}],"is_trial":false,"path_per_floor":["M","?","M","?","M","R","E","M","T","E","R","M","M","E","R","B",null,"M","?","$","?","?","R","M","E","T","R","$","M","M","M","R","B",null,"M","?","M","M","$","R","M","R","T","?","E","M","R","M","R","B"],"character_chosen":"IRONCLAD","items_purchased":["Anchor","Whetstone","Vajra","Flex","Flex"],"campfire_rested":4,"item_purchase_floors":[20,20,39,39,39],"current_hp_per_floor":[96,96,95,95,96,96,89,79,79,57,57,62,68,60,60,14,96,94,94,94,94,78,78,84,97,97,97,97,100,103,102,102,35,103,103,98,92,70,70,100,103,103,103,103,98,103,103,103,103,22],"gold":233,"neow_bonus":"TWENTY_PERCENT_HP_BONUS","is_prod":false,"is_daily":false,"chose_seed":false,"campfire_upgraded":6,"win_rate":0,"timestamp":1534004597,"path_taken":["M","?","M","?","M","R","E","?","T","E","R","M","M","E","R","BOSS","M","?","$","?","?","R","?","E","T","R","?","M","M","M","R","BOSS","M","?","M","?","$","R","M","R","T","?","E","M","R","M","R","BOSS"],"build_version":"2018-08-09","purchased_purges":1,"victory":true,"max_hp_per_floor":[96,96,96,96,96,96,96,96,96,96,96,96,96,96,96,96,96,96,96,96,96,96,96,96,103,103,103,103,103,103,103,103,103,103,103,103,103,103,103,103,103,103,103,103,103,103,103,103,103,103],"card_choices":[{"not_picked":["Havoc","Corruption"],"picked":"Pommel Strike","floor":1},{"not_picked":["Clothesline","Disarm"],"picked":"Infernal Blade","floor":3},{"not_picked":["Sever Soul","Body Slam"],"picked":"Dropkick","floor":5},{"not_picked":["Perfected Strike","Sever Soul"],"picked":"Impervious","floor":7},{"not_picked":["Warcry","Blood for Blood"],"picked":"Dropkick","floor":8},{"not_picked":["Heavy Blade","Entrench","Disarm"],"picked":"SKIP","floor":10},{"not_picked":["Cleave","Searing Blow","Clothesline"],"picked":"SKIP","floor":12},{"not_picked":["Cleave","Perfected Strike","Entrench"],"picked":"SKIP","floor":13},{"not_picked":["Intimidate","Battle Trance"],"picked":"Twin Strike","floor":14},{"not_picked":["Limit Break","Fiend Fire"],"picked":"Bludgeon","floor":16},{"not_picked":["Wild Strike","Sword Boomerang"],"picked":"Headbutt","floor":18},{"not_picked":["Shrug It Off","Twin Strike"],"picked":"Flex","floor":24},{"not_picked":["Pummel","Blood for Blood"],"picked":"Pommel Strike+1","floor":25},{"not_picked":["Warcry","Cleave","Pummel"],"picked":"SKIP","floor":29},{"not_picked":["Wild Strike+1","Anger","Warcry"],"picked":"SKIP","floor":30},{"not_picked":["Ghostly Armor","Whirlwind"],"picked":"Thunderclap","floor":31},{"not_picked":["Exhume","Offering"],"picked":"Immolate","floor":33},{"not_picked":["Armaments","Sever Soul+1"],"picked":"Wild Strike","floor":35},{"not_picked":["Good Instincts","Sadistic Nature"],"picked":"Apotheosis","floor":36},{"not_picked":["Good Instincts","Jack Of All Trades"],"picked":"Master of Strategy","floor":36},{"not_picked":["Thunderclap","Clash"],"picked":"Sword Boomerang","floor":37},{"not_picked":["Twin Strike","Warcry+1"],"picked":"Cleave+1","floor":38},{"not_picked":["Shockwave","Rupture+1"],"picked":"Warcry+1","floor":41},{"not_picked":["Flex","Rage"],"picked":"Power Through+1","floor":45},{"not_picked":["Corruption","Exhume","True Grit+1"],"picked":"SKIP","floor":46},{"not_picked":["Corruption+1","True Grit"],"picked":"Thunderclap+1","floor":48}],"player_experience":113996,"relics_obtained":[{"floor":7,"key":"Thread and Needle"},{"floor":9,"key":"Mercury Hourglass"},{"floor":10,"key":"Bottled Lightning"},{"floor":14,"key":"The Courier"},{"floor":25,"key":"Strawberry"},{"floor":26,"key":"Gremlin Horn"},{"floor":43,"key":"MawBank"},{"floor":45,"key":"Red Skull"}],"event_choices":[{"event_name":"Purifier","player_choice":"One Purge","floor":2,"damage_taken":0},{"event_name":"The Cleric","player_choice":"Leave","floor":4,"damage_taken":0},{"event_name":"Duplicator","player_choice":"One dupe","floor":19,"damage_taken":0},{"event_name":"Addict","player_choice":"Ignored","floor":21,"damage_taken":0},{"event_name":"Cursed Tome","player_choice":"Obtained Book","floor":22,"damage_taken":0},{"event_name":"SensoryStone","player_choice":"Memory 2","floor":36,"damage_taken":0},{"event_name":"Falling","player_choice":"Removed Attack","floor":44,"damage_taken":0}],"is_beta":false,"boss_relics":[{"not_picked":["Runic Pyramid","White Beast Statue"],"picked":"Cursed Key"},{"not_picked":["Velvet Choker","Empty Cage"],"picked":"Fusion Hammer"}],"items_purged_floors":[28],"is_endless":false,"potions_floor_spawned":[5,10,13,14,18,25,31,35,41,45],"ascension_level":0}