{"gold_per_floor":[110,60,60,11,22,22,80,93,119,194,210,210],"floor_reached":12,"playtime":267,"items_purged":[],"score":125,"play_id":"a1e47d98-fe8a-4409-8b36-a728bda5cd88","local_time":"20190608230112","is_ascension_mode":true,"campfire_choices":[{"floor":6.0,"key":"REST"}],"neow_cost":"NONE","seed_source_timestamp":26040474656130,"circlet_count":0,"master_deck":["AscendersBane","Strike_R","Strike_R","Strike_R","Strike_R","Strike_R","Defend_R","Defend_R","Defend_R","Bash","Regret","Shrug It Off+1","Flex+1"],"special_seed":0,"relics":["Runic Dome","Dream Catcher","Tiny Chest","War Paint","Ornamental Fan"],"potions_floor_usage":[],"damage_taken":[{"damage":12.0,"enemies":"Jaw Worm","floor":1.0,"turns":3.0},{"damage":11.0,"enemies":"2 Louse","floor":5.0,"turns":3.0},{"damage":66.0,"enemies":"Lagavulin","floor":7.0,"turns":7.0},{"damage":1,"enemies":"Cultist","floor":8,"turns":3},{"damage":1,"enemies":"2 Fungi Beasts","floor":11,"turns":3},{"damage":18,"enemies":"3 Sentries","floor":12,"turns":2}],"seed_played":"4877393874488381408","potions_obtained":[{"floor":5.0,"key":"FairyPotion"}],"is_trial":false,"path_per_floor":["M","?","?","$","M","R","E","M","T","T","M","E"],"character_chosen":"IRONCLAD","items_purchased":["Shrug It Off"],"campfire_rested":1,"item_purchase_floors":[4],"current_hp_per_floor":[60,60,60,60,49,73,7,6,6,6,5,0],"gold":210,"neow_bonus":"BOSS_RELIC","is_prod":false,"is_daily":false,"chose_seed":false,"campfire_upgraded":0,"win_rate":0,"timestamp":1560049272,"path_taken":["M","?","?","$","M","R","E","M","T","?","M","E"],"build_version":"2019-01-23","purchased_purges":0,"victory":false,"max_hp_per_floor":[80,80,80,80,80,80,80,80,80,80,80,80],"card_choices":[{"not_picked":["Clash","Wild Strike","Uppercut"],"picked":"SKIP","floor":1.0},{"not_picked":["Sever Soul","Bloodletting","Headbutt"],"picked":"SKIP","floor":5.0},{"not_picked":["Anger","Havoc"],"picked":"Flex","floor":7.0},{"not_picked":["Power Through","Infernal Blade","Rampage"],"picked":"SKIP","floor":8},{"not_picked":["Blood for Blood","Armaments","Cleave"],"picked":"SKIP","floor":11}],"player_experience":343857,"relics_obtained":[{"floor":7.0,"key":"Tiny Chest"},{"floor":9,"key":"War Paint"},{"floor":10,"key":"Ornamental Fan"}],"event_choices":[{"cards_removed":["Defend_R"],"damage_healed":0.0,"max_hp_gain":0.0,"max_hp_loss":0.0,"gold_gain":0.0,"event_name":"The Cleric","player_choice":"Card Removal","floor":2.0,"gold_loss":50.0,"damage_taken":0.0},{"damage_healed":0.0,"max_hp_gain":0.0,"max_hp_loss":0.0,"gold_gain":0.0,"event_name":"Big Fish","player_choice":"Box","floor":3.0,"gold_loss":0.0,"damage_taken":0.0,"relics_obtained":["Dream Catcher"],"cards_obtained":["Regret"]}],"is_beta":false,"boss_relics":[],"items_purged_floors":[],"is_endless":false,"potions_floor_spawned":[5],"killed_by":"3 Sentries","ascension_level":12}