{"gold_per_floor":[111,186,361,374,389,389,389,420,445,456,242,242,242,259,259,259],"floor_reached":16,"playtime":710,"items_purged":["Doubt"],"score":155,"play_id":"9f8a858d-31ed-4383-98d7-4b2864632915","local_time":"20190608203329","is_ascension_mode":true,"campfire_choices":[{"floor":7.0,"key":"REST"},{"floor":13,"key":"REST"},{"data":"Juggernaut","floor":15,"key":"SMITH"}],"neow_cost":"TEN_PERCENT_HP_LOSS","seed_source_timestamp":16748329768325,"circlet_count":0,"master_deck":["AscendersBane","Strike_R","Strike_R","Strike_R","Strike_R","Defend_R","Defend_R","Defend_R","Bash","Whirlwind","Shrug It Off","Juggernaut+1"],"special_seed":0,"relics":["Burning Blood","Potion Belt","Omamori","Regal Pillow","Oddly Smooth Stone"],"potions_floor_usage":[8,10],"damage_taken":[{"damage":8.0,"enemies":"Jaw Worm","floor":1.0,"turns":4.0},{"damage":14.0,"enemies":"2 Louse","floor":4.0,"turns":2.0},{"damage":10.0,"enemies":"Small Slimes","floor":5.0,"turns":4.0},{"damage":40,"enemies":"Gremlin Nob","floor":8,"turns":5},{"damage":3,"enemies":"2 Fungi Beasts","floor":10,"turns":3},{"damage":16,"enemies":"Red Slaver","floor":14,"turns":7},{"damage":53,"enemies":"Hexaghost","floor":16,"turns":9}],"seed_played":"2200199091071245911","potions_obtained":[{"floor":1.0,"key":"FearPotion"},{"floor":4.0,"key":"FearPotion"},{"floor":8,"key":"Block Potion"}],"is_trial":false,"path_per_floor":["M","?","?","M","M","?","R","E","T","M","$","?","R","M","R","B"],"character_chosen":"IRONCLAD","items_purchased":["Juggernaut"],"campfire_rested":2,"item_purchase_floors":[11],"current_hp_per_floor":[70,59,59,51,47,35,56,22,22,25,25,25,61,51,51,0],"gold":259,"neow_bonus":"REMOVE_TWO","is_prod":false,"is_daily":false,"chose_seed":false,"campfire_upgraded":1,"win_rate":0,"timestamp":1560040409,"path_taken":["M","?","?","M","M","?","R","E","T","M","$","?","R","?","R","BOSS"],"build_version":"2019-01-23","purchased_purges":1,"victory":false,"max_hp_per_floor":[72,72,72,72,72,72,72,72,72,72,72,72,72,72,72,72],"card_choices":[{"not_picked":["Pummel","Anger"],"picked":"Whirlwind","floor":1.0},{"not_picked":["Thunderclap","Wild Strike","True Grit"],"picked":"SKIP","floor":4.0},{"not_picked":["Evolve","Wild Strike","Clash"],"picked":"SKIP","floor":5.0},{"not_picked":["Corruption","Searing Blow","Wild Strike"],"picked":"SKIP","floor":8},{"not_picked":["Dual Wield","Thunderclap"],"picked":"Shrug It Off","floor":10},{"not_picked":["Body Slam","Hemokinesis","True Grit"],"picked":"SKIP","floor":14}],"player_experience":336296,"relics_obtained":[{"floor":8,"key":"Omamori"},{"floor":9,"key":"Regal Pillow"}],"event_choices":[{"damage_healed":0.0,"max_hp_gain":0.0,"max_hp_loss":0.0,"gold_gain":75.0,"event_name":"World of Goop","player_choice":"Gather Gold","floor":2.0,"gold_loss":0.0,"damage_taken":11.0},{"damage_healed":0.0,"max_hp_gain":0.0,"max_hp_loss":0.0,"gold_gain":175.0,"event_name":"Liars Game","player_choice":"AGREE","floor":3.0,"gold_loss":0.0,"damage_taken":0.0,"cards_obtained":["Doubt"]},{"damage_healed":0.0,"max_hp_gain":0.0,"max_hp_loss":0.0,"gold_gain":0.0,"event_name":"Scrap Ooze","player_choice":"Success","floor":6.0,"gold_loss":0.0,"damage_taken":12.0,"relics_obtained":["Potion Belt"]},{"damage_healed":0,"gold_gain":0,"player_choice":"Gave Potion","damage_taken":0,"relics_obtained":["Oddly Smooth Stone"],"max_hp_gain":0,"max_hp_loss":0,"event_name":"WeMeetAgain","floor":12,"gold_loss":0}],"is_beta":false,"boss_relics":[],"items_purged_floors":[11],"is_endless":false,"potions_floor_spawned":[1,4,8],"killed_by":"Hexaghost","ascension_level":11}