{"gold_per_floor":[115,78,78,253,253,292,307,307,330,353,353,353,367,383,383,508,508,529,529,16,106,125,101,101,78,104,104,104,142,142,163,163,291,291,309,328,347,45,69,69,69,85,85,85,98,98,138,10,10,10],"floor_reached":50,"playtime":2160,"items_purged":["Doubt"],"score":613,"play_id":"f786ca42-7210-4a71-85cc-10a0ba57320d","local_time":"20190519164427","is_ascension_mode":true,"campfire_choices":[{"floor":12.0,"key":"REST"},{"floor":15.0,"key":"REST"},{"data":"Crippling Poison","floor":24.0,"key":"SMITH"},{"data":"Bouncing Flask","floor":28.0,"key":"SMITH"},{"floor":30.0,"key":"REST"},{"floor":32.0,"key":"REST"},{"floor":44.0,"key":"REST"},{"floor":46.0,"key":"REST"},{"data":"Panacea","floor":49.0,"key":"SMITH"}],"neow_cost":"NONE","seed_source_timestamp":368515007206320,"circlet_count":0,"master_deck":["Defend_G+1","Defend_G","Defend_G","Defend_G","Defend_G","Strike_G","Strike_G+1","Strike_G","Strike_G","Strike_G","Survivor","Neutralize","Poisoned Stab+1","Crippling Poison+1","Poisoned Stab+1","Flying Knee","Die Die Die+1","Bouncing Flask+1","Dodge and Roll","Adrenaline","Catalyst+1","Backflip","Blur+1","Outmaneuver","Dagger Throw","Predator+1","Flying Knee","Die Die Die","Bane+1","Tactician","Escape Plan","Panacea+1"],"special_seed":0,"relics":["Ring of the Snake","Orichalcum","Golden Idol","Omamori","Paper Crane","Whetstone","White Beast Statue","MutagenicStrength","Oddly Smooth Stone","Mercury Hourglass","PreservedInsect","Singing Bowl","Potion Belt","Velvet Choker","Lantern","Regal Pillow","Letter Opener","Art of War"],"potions_floor_usage":[50,50,50],"damage_taken":[{"damage":0.0,"enemies":"Small Slimes","floor":1.0,"turns":6.0},{"damage":33.0,"enemies":"Lagavulin","floor":6.0,"turns":9.0},{"damage":0.0,"enemies":"2 Louse","floor":7.0,"turns":2.0},{"damage":0.0,"enemies":"Cultist","floor":10.0,"turns":4.0},{"damage":0.0,"enemies":"Exordium Thugs","floor":13.0,"turns":3.0},{"damage":0.0,"enemies":"Exordium Wildlife","floor":14.0,"turns":1.0},{"damage":16.0,"enemies":"Hexaghost","floor":16.0,"turns":9.0},{"damage":6.0,"enemies":"2 Thieves","floor":18.0,"turns":2.0},{"damage":0.0,"enemies":"Spheric Guardian","floor":22.0,"turns":4.0},{"damage":15.0,"enemies":"Book of Stabbing","floor":29.0,"turns":4.0},{"damage":13.0,"enemies":"Snecko","floor":31.0,"turns":4.0},{"damage":35.0,"enemies":"Champ","floor":33.0,"turns":8.0},{"damage":3.0,"enemies":"Orb Walker","floor":35.0,"turns":3.0},{"damage":0.0,"enemies":"3 Shapes","floor":36.0,"turns":2.0},{"damage":56.0,"enemies":"Spire Growth","floor":37.0,"turns":5.0},{"damage":17.0,"enemies":"Sphere and 2 Shapes","floor":39.0,"turns":5.0},{"damage":0.0,"enemies":"3 Darklings","floor":41.0,"turns":1.0},{"damage":2.0,"enemies":"Maw","floor":42.0,"turns":5.0},{"damage":3.0,"enemies":"Jaw Worm Horde","floor":45.0,"turns":3.0},{"damage":2.0,"enemies":"Giant Head","floor":47.0,"turns":5.0},{"damage":97,"enemies":"Time Eater","floor":50,"turns":11}],"seed_played":"-8276744589780716278","potions_obtained":[{"floor":6.0,"key":"Fire Potion"},{"floor":7.0,"key":"Fire Potion"},{"floor":14.0,"key":"PowerPotion"},{"floor":16.0,"key":"FearPotion"},{"floor":18.0,"key":"GhostInAJar"},{"floor":22.0,"key":"Weak Potion"},{"floor":29.0,"key":"Dexterity Potion"},{"floor":31.0,"key":"Energy Potion"},{"floor":33.0,"key":"Fruit Juice"},{"floor":35.0,"key":"Dexterity Potion"},{"floor":36.0,"key":"Swift Potion"},{"floor":37.0,"key":"Ancient Potion"},{"floor":39.0,"key":"Poison Potion"},{"floor":40.0,"key":"FairyPotion"},{"floor":40.0,"key":"SmokeBomb"},{"floor":42.0,"key":"Block Potion"},{"floor":45.0,"key":"Block Potion"}],"is_trial":false,"path_per_floor":["M","$","?","?","?","E","M","T","T","M","?","R","M","M","R","B",null,"M","?","$","?","M","$","R","$","T","T","R","E","R","M","R","B",null,"M","M","M","$","M","?","M","M","T","R","M","R","E","$","R","B"],"character_chosen":"THE_SILENT","items_purchased":["Crippling Poison","Oddly Smooth Stone","Mercury Hourglass","Backflip","Outmaneuver","Dagger Throw","Lantern","Regal Pillow","Escape Plan","Panacea"],"campfire_rested":6,"item_purchase_floors":[2,20,20,20,23,25,38,38,48,48],"current_hp_per_floor":[70,70,56,56,39,6,6,6,6,6,6,27,27,27,48,32,70,64,64,64,50,50,50,50,50,50,50,50,35,56,43,64,29,70,72,74,20,20,5,5,5,5,5,44,41,80,80,80,80,0],"gold":10,"neow_bonus":"RANDOM_COMMON_RELIC","is_prod":false,"is_daily":false,"chose_seed":false,"campfire_upgraded":3,"win_rate":0,"timestamp":1558298667,"path_taken":["M","$","?","?","?","E","M","?","T","M","?","R","M","M","R","BOSS","M","?","$","?","?","$","R","?","T","?","R","E","R","M","R","BOSS","M","M","M","$","M","?","M","M","T","R","?","R","E","?","R","BOSS"],"build_version":"2019-01-23","purchased_purges":1,"victory":false,"max_hp_per_floor":[70,70,70,70,70,70,70,70,70,70,70,70,70,70,70,70,70,70,70,70,70,70,70,70,70,70,70,70,70,70,70,70,70,70,75,77,79,79,81,81,81,83,83,83,83,83,85,85,85,85],"card_choices":[{"not_picked":["Quick Slash","Slice"],"picked":"Poisoned Stab","floor":1.0},{"not_picked":["Dagger Spray","Deadly Poison"],"picked":"Poisoned Stab","floor":6.0},{"not_picked":["Deflect","Dagger Spray"],"picked":"Flying Knee","floor":7.0},{"not_picked":["PiercingWail","Setup"],"picked":"Die Die Die","floor":10.0},{"not_picked":["Infinite Blades","Cloak And Dagger"],"picked":"Bouncing Flask","floor":13.0},{"not_picked":["All Out Attack","Underhanded Strike"],"picked":"Dodge and Roll","floor":14.0},{"not_picked":["Storm of Steel","Burst"],"picked":"Adrenaline","floor":16.0},{"not_picked":["Outmaneuver","Bane"],"picked":"Catalyst+1","floor":18.0},{"not_picked":["Quick Slash+1","Flying Knee+1"],"picked":"Blur+1","floor":22.0},{"not_picked":["Setup+1","Calculated Gamble"],"picked":"Predator+1","floor":29.0},{"not_picked":["Flechettes","Dagger Throw"],"picked":"Flying Knee","floor":31.0},{"not_picked":["Bullet Time","Grand Finale"],"picked":"Die Die Die","floor":33.0},{"not_picked":["Noxious Fumes","Poisoned Stab+1"],"picked":"Bane+1","floor":35.0},{"not_picked":["Reflex","PiercingWail+1","Blade Dance"],"picked":"Singing Bowl","floor":36.0},{"not_picked":["Deadly Poison","Quick Slash","Flying Knee"],"picked":"Singing Bowl","floor":37.0},{"not_picked":["Flying Knee","Cloak And Dagger","Underhanded Strike+1"],"picked":"Singing Bowl","floor":39.0},{"not_picked":["All Out Attack","Cloak And Dagger","Outmaneuver"],"picked":"Singing Bowl","floor":42.0},{"not_picked":["Underhanded Strike","Terror"],"picked":"Tactician","floor":45.0},{"not_picked":["Flechettes","Acrobatics+1","Choke+1"],"picked":"Singing Bowl","floor":47.0}],"player_experience":250662,"relics_obtained":[{"floor":6.0,"key":"Omamori"},{"floor":8.0,"key":"Paper Crane"},{"floor":9.0,"key":"Whetstone"},{"floor":26.0,"key":"PreservedInsect"},{"floor":27.0,"key":"Singing Bowl"},{"floor":29.0,"key":"Potion Belt"},{"floor":43.0,"key":"Letter Opener"},{"floor":47.0,"key":"Art of War"}],"event_choices":[{"damage_healed":0.0,"max_hp_gain":0.0,"max_hp_loss":0.0,"gold_gain":0.0,"event_name":"Shining Light","player_choice":"Entered Light","floor":3.0,"gold_loss":0.0,"damage_taken":14.0,"cards_upgraded":["Defend_G","Poisoned Stab"]},{"damage_healed":0.0,"max_hp_gain":0.0,"max_hp_loss":0.0,"gold_gain":175.0,"event_name":"Liars Game","player_choice":"AGREE","floor":4.0,"gold_loss":0.0,"damage_taken":0.0,"cards_obtained":["Doubt"]},{"damage_healed":0.0,"max_hp_gain":0.0,"max_hp_loss":0.0,"gold_gain":0.0,"event_name":"Golden Idol","player_choice":"Take Damage","floor":5.0,"gold_loss":0.0,"damage_taken":17.0,"relics_obtained":["Golden Idol"]},{"damage_healed":0.0,"max_hp_gain":0.0,"max_hp_loss":0.0,"gold_gain":0.0,"event_name":"Living Wall","player_choice":"Grow","floor":11.0,"gold_loss":0.0,"damage_taken":0.0,"cards_upgraded":["Die Die Die"]},{"damage_healed":0.0,"max_hp_gain":0.0,"max_hp_loss":0.0,"gold_gain":0.0,"event_name":"Drug Dealer","player_choice":"Inject Mutagens","floor":19.0,"gold_loss":0.0,"damage_taken":0.0,"relics_obtained":["MutagenicStrength"]},{"damage_healed":0.0,"max_hp_gain":0.0,"max_hp_loss":0.0,"gold_gain":90.0,"event_name":"Knowing Skull","player_choice":"GOLD ","floor":21.0,"potions_obtained":[],"gold_loss":0.0,"damage_taken":14.0,"cards_obtained":[]},{"damage_healed":0.0,"max_hp_gain":0.0,"max_hp_loss":0.0,"gold_gain":0.0,"event_name":"Lab","player_choice":"Got Potions","floor":40.0,"gold_loss":0.0,"damage_taken":0.0}],"is_beta":false,"boss_relics":[{"not_picked":["HoveringKite","Sozu"],"picked":"White Beast Statue"},{"not_picked":["Coffee Dripper","WristBlade"],"picked":"Velvet Choker"}],"items_purged_floors":[20],"is_endless":false,"potions_floor_spawned":[6,7,14,16,18,22,29,31,33,35,36,37,39,41,42,45,47],"killed_by":"Time Eater","ascension_level":4}