{"gold_per_floor":[109,109,128,56,70,70,81,110,164,20,35,48,48,67,67,172,172,172,142,90,90,90,90,90,90,90,90,90,90,90,15,15,15,15,15,15,15,15,15,15,15,15,15,15,15,15,15,15,15,15],"floor_reached":50,"playtime":2399,"items_purged":[],"score":565,"play_id":"42fb6e2f-fa49-4ccf-9f89-951eb1613979","local_time":"20190910155409","is_ascension_mode":false,"campfire_choices":[{"data":"Perfected Strike","floor":6,"key":"SMITH"},{"data":"Shrug It Off","floor":13,"key":"SMITH"},{"data":"Body Slam","floor":15,"key":"SMITH"},{"data":"Perfected Strike","floor":25,"key":"SMITH"},{"data":"Shrug It Off","floor":29,"key":"SMITH"},{"data":"Body Slam","floor":32,"key":"SMITH"},{"data":"Cleave","floor":40,"key":"SMITH"},{"data":"Body Slam","floor":47,"key":"SMITH"},{"floor":49,"key":"REST"}],"neow_cost":"PERCENT_DAMAGE","seed_source_timestamp":416863330125200,"circlet_count":0,"master_deck":["Strike_R","Strike_R","Strike_R","Strike_R","Defend_R","Defend_R","Defend_R+1","Defend_R","Bash","Shrug It Off+1","Cleave+1","Armaments+1","Perfected Strike+1","Pommel Strike","Shrug It Off+1","Pommel Strike","Body Slam+1","Body Slam+1","Wild Strike+1","Perfected Strike+1","Havoc+1","Thunderclap+1","Twin Strike+1","Body Slam+1","Cleave","Shrug It Off+1"],"special_seed":0,"relics":["Black Blood","Thread and Needle","Letter Opener","Red Skull","War Paint","Ectoplasm","Strawberry","Dream Catcher","PreservedInsect","Pen Nib","Ginger","Dead Branch","Dodecahedron"],"potions_floor_usage":[5,8,12,16,16,22,33,35,41,50],"damage_taken":[{"damage":2.0,"enemies":"Jaw Worm","floor":1.0,"turns":4.0},{"damage":0,"enemies":"Cultist","floor":3,"turns":4},{"damage":0,"enemies":"2 Louse","floor":5,"turns":2},{"damage":0,"enemies":"2 Fungi Beasts","floor":7,"turns":3},{"damage":0,"enemies":"3 Sentries","floor":8,"turns":7},{"damage":0,"enemies":"Blue Slaver","floor":11,"turns":3},{"damage":4,"enemies":"Exordium Thugs","floor":12,"turns":5},{"damage":0,"enemies":"2 Fungi Beasts","floor":14,"turns":3},{"damage":5,"enemies":"Slime Boss","floor":16,"turns":11},{"damage":0,"enemies":"Chosen","floor":18,"turns":3},{"damage":6,"enemies":"2 Thieves","floor":19,"turns":3},{"damage":16,"enemies":"Sentry and Sphere","floor":21,"turns":4},{"damage":1,"enemies":"Snake Plant","floor":22,"turns":3},{"damage":6,"enemies":"Gremlin Leader","floor":23,"turns":6},{"damage":0,"enemies":"Snecko","floor":24,"turns":2},{"damage":0,"enemies":"Sentry and Sphere","floor":27,"turns":3},{"damage":19,"enemies":"Book of Stabbing","floor":28,"turns":4},{"damage":61,"enemies":"Automaton","floor":33,"turns":9},{"damage":6,"enemies":"3 Darklings","floor":35,"turns":5},{"damage":0,"enemies":"3 Shapes","floor":38,"turns":5},{"damage":22,"enemies":"Reptomancer","floor":41,"turns":5},{"damage":0,"enemies":"Mind Bloom Boss Battle","floor":42,"turns":4},{"damage":9,"enemies":"Giant Head","floor":48,"turns":6},{"damage":117,"enemies":"Awakened One","floor":50,"turns":14}],"seed_played":"6122627870619254377","potions_obtained":[{"floor":3,"key":"Fruit Juice"},{"floor":7,"key":"GamblersBrew"},{"floor":8,"key":"Regen Potion"},{"floor":11,"key":"Energy Potion"},{"floor":14,"key":"Strength Potion"},{"floor":18,"key":"Explosive Potion"},{"floor":19,"key":"BloodPotion"},{"floor":33,"key":"Explosive Potion"},{"floor":38,"key":"SteroidPotion"}],"is_trial":false,"path_per_floor":["M","?","M","$","M","R","M","E","T","$","M","M","R","M","R","B",null,"M","M","$","M","M","E","M","R","T","M","E","R","?","?","R","B",null,"M","?","?","M","$","R","E","?","T","?","$","?","R","E","R","B"],"character_chosen":"IRONCLAD","items_purchased":["Armaments","PowerPotion","War Paint","Perfected Strike"],"campfire_rested":1,"item_purchase_floors":[4,4,10,20],"current_hp_per_floor":[60,60,66,66,77,77,83,85,85,85,85,85,85,85,85,85,85,85,85,85,75,80,87,92,92,92,92,79,79,79,79,79,36,92,92,87,87,87,87,87,75,85,85,85,85,85,85,86,87,0],"gold":15,"neow_bonus":"ONE_RARE_RELIC","is_prod":false,"is_daily":false,"chose_seed":false,"campfire_upgraded":8,"win_rate":0,"timestamp":1568156049,"path_taken":["M","?","M","$","M","R","M","E","T","?","M","M","R","M","R","BOSS","M","M","$","M","M","E","M","R","T","M","E","R","?","?","R","BOSS","M","?","?","?","$","R","E","?","T","?","$","?","R","E","R","BOSS"],"build_version":"2019-07-17","purchased_purges":0,"victory":false,"max_hp_per_floor":[80,80,80,80,85,85,85,85,85,85,85,85,85,85,85,85,85,85,85,85,85,85,92,92,92,92,92,92,92,92,92,92,92,92,92,87,87,87,87,87,87,87,87,87,87,87,87,87,87,87],"card_choices":[{"not_picked":["Heavy Blade","Havoc"],"picked":"Shrug It Off","floor":1.0},{"not_picked":["Thunderclap","Sword Boomerang"],"picked":"Cleave","floor":3},{"not_picked":["Twin Strike","Reckless Charge"],"picked":"Perfected Strike","floor":5},{"not_picked":["Warcry","Headbutt"],"picked":"Pommel Strike","floor":7},{"not_picked":["Immolate","Reckless Charge"],"picked":"Shrug It Off","floor":8},{"not_picked":["Armaments","Clothesline"],"picked":"Pommel Strike","floor":11},{"not_picked":["Clash","Warcry","Anger"],"picked":"SKIP","floor":12},{"not_picked":["Clothesline","Wild Strike"],"picked":"Body Slam","floor":14},{"not_picked":["Rupture+1","True Grit"],"picked":"Body Slam","floor":18},{"not_picked":["Whirlwind","Anger"],"picked":"Wild Strike+1","floor":19},{"not_picked":["Feel No Pain+1","Seeing Red"],"picked":"Havoc+1","floor":21},{"not_picked":["Rampage","Whirlwind"],"picked":"Thunderclap","floor":22},{"not_picked":["Intimidate","Sever Soul","Cleave"],"picked":"SKIP","floor":23},{"not_picked":["Flex","Whirlwind","Warcry"],"picked":"SKIP","floor":24},{"not_picked":["Flame Barrier","Iron Wave+1","Blood for Blood"],"picked":"SKIP","floor":27},{"not_picked":["Rupture","Barricade"],"picked":"Twin Strike+1","floor":28},{"not_picked":["Evolve","Armaments","Metallicize"],"picked":"SKIP","floor":35},{"not_picked":["Sword Boomerang","Searing Blow+1","Headbutt"],"picked":"SKIP","floor":38},{"not_picked":["Sword Boomerang+1","Perfected Strike"],"picked":"Body Slam","floor":41},{"not_picked":["Wild Strike+1","Clash+1","Uppercut+1"],"picked":"SKIP","floor":48},{"not_picked":["Corruption","Warcry+1"],"picked":"Shrug It Off+1","floor":49}],"player_experience":885267,"relics_obtained":[{"floor":8,"key":"Letter Opener"},{"floor":9,"key":"Red Skull"},{"floor":23,"key":"Strawberry"},{"floor":26,"key":"Dream Catcher"},{"floor":28,"key":"PreservedInsect"},{"floor":41,"key":"Pen Nib"},{"floor":42,"key":"Ginger"},{"floor":43,"key":"Dead Branch"},{"floor":48,"key":"Dodecahedron"}],"event_choices":[{"damage_healed":0,"gold_gain":0,"player_choice":"Ignored","damage_taken":0,"max_hp_gain":0,"max_hp_loss":0,"event_name":"Transmorgrifier","floor":2,"gold_loss":0},{"damage_healed":0,"gold_gain":99,"player_choice":"Stole From Cult","damage_taken":0,"max_hp_gain":0,"max_hp_loss":0,"event_name":"Nest","floor":30,"gold_loss":0},{"cards_removed":["Strike_R"],"damage_healed":0,"gold_gain":0,"player_choice":"Gave Gold","damage_taken":0,"max_hp_gain":0,"max_hp_loss":0,"event_name":"Beggar","floor":31,"gold_loss":75},{"damage_healed":0,"gold_gain":0,"player_choice":"Max HP","damage_taken":0,"max_hp_gain":0,"max_hp_loss":5,"event_name":"Winding Halls","floor":36,"gold_loss":0},{"damage_healed":0,"gold_gain":0,"player_choice":"Upgraded","damage_taken":0,"max_hp_gain":0,"max_hp_loss":0,"event_name":"Upgrade Shrine","floor":37,"gold_loss":0,"cards_upgraded":["Thunderclap"]},{"damage_healed":0,"gold_gain":0,"player_choice":"Fight","damage_taken":0,"max_hp_gain":0,"max_hp_loss":0,"event_name":"MindBloom","floor":42,"gold_loss":0},{"damage_healed":0,"gold_gain":0,"player_choice":"Ignored","damage_taken":0,"max_hp_gain":0,"max_hp_loss":0,"event_name":"Mysterious Sphere","floor":44,"gold_loss":0},{"damage_healed":0,"gold_gain":0,"player_choice":"1 cards matched","damage_taken":0,"max_hp_gain":0,"max_hp_loss":0,"event_name":"Match and Keep!","floor":46,"gold_loss":0,"cards_obtained":["Cleave"]}],"is_beta":false,"boss_relics":[{"not_picked":["Calling Bell","Philosopher\u0027s Stone"],"picked":"Ectoplasm"},{"not_picked":["Orrery","Busted Crown"],"picked":"Black Blood"}],"items_purged_floors":[],"is_endless":false,"potions_floor_spawned":[3,7,8,11,14,18,19,33,38],"killed_by":"Awakened One","ascension_level":0}