{"gold_per_floor":[11,11,11,86,102,102,112,112,112,124,139,139,139,168,168,264,264,277,277,294,294,105,105],"floor_reached":23,"playtime":1747,"items_purged":[],"score":255,"play_id":"56c26f7b-5a99-41a9-aa82-ba0441d41a1a","local_time":"20190604002223","is_ascension_mode":true,"campfire_choices":[{"data":"Prepared","floor":6.0,"key":"SMITH"},{"data":"Survivor","floor":8.0,"key":"SMITH"},{"data":"Flying Knee","floor":12.0,"key":"SMITH"},{"floor":15.0,"key":"REST"}],"neow_cost":"NO_GOLD","seed_source_timestamp":352706313291664,"circlet_count":0,"master_deck":["Defend_G","Defend_G","Defend_G","Defend_G","Strike_G+1","Strike_G","Strike_G+1","Strike_G","Survivor+1","Neutralize","Flying Knee+1","Prepared+1","Reflex","Tactician","Acrobatics","Footwork","Phantasmal Killer","Underhanded Strike","Prepared+1","Quick Slash"],"special_seed":0,"relics":["Ring of the Snake","Bottled Flame","Gambling Chip","HoveringKite","Gremlin Horn","Juzu Bracelet"],"potions_floor_usage":[16,20],"damage_taken":[{"damage":1.0,"enemies":"Jaw Worm","floor":1.0,"turns":4.0},{"damage":0.0,"enemies":"2 Louse","floor":5.0,"turns":2.0},{"damage":3.0,"enemies":"Small Slimes","floor":7.0,"turns":4.0},{"damage":5.0,"enemies":"Gremlin Gang","floor":10.0,"turns":6.0},{"damage":14.0,"enemies":"Exordium Thugs","floor":11.0,"turns":6.0},{"damage":22.0,"enemies":"Gremlin Nob","floor":14.0,"turns":4.0},{"damage":27,"enemies":"Hexaghost","floor":16,"turns":12},{"damage":34,"enemies":"Shell Parasite","floor":18,"turns":8},{"damage":5,"enemies":"Chosen","floor":20,"turns":5},{"damage":10,"enemies":"Book of Stabbing","floor":23,"turns":2}],"seed_played":"6660563555275976886","potions_obtained":[{"floor":5.0,"key":"FearPotion"},{"floor":14.0,"key":"Strength Potion"},{"floor":18,"key":"Block Potion"},{"floor":20,"key":"FearPotion"}],"is_trial":false,"path_per_floor":["M","?","?","?","M","R","M","R","T","M","M","R","$","E","R","B",null,"M","?","M","T","$","E"],"character_chosen":"THE_SILENT","items_purchased":["Quick Slash","Juzu Bracelet"],"campfire_rested":1,"item_purchase_floors":[22,22],"current_hp_per_floor":[62,48,70,63,63,63,60,60,60,55,41,41,41,19,40,13,56,22,15,10,10,10,0],"gold":105,"neow_bonus":"REMOVE_TWO","is_prod":false,"is_daily":false,"chose_seed":false,"campfire_upgraded":3,"win_rate":0,"timestamp":1559622143,"path_taken":["M","?","?","?","M","R","M","R","T","?","M","R","$","E","R","BOSS","M","?","?","?","$","E"],"build_version":"2019-01-23","purchased_purges":0,"victory":false,"max_hp_per_floor":[70,70,70,70,70,70,70,70,70,70,70,70,70,70,70,70,70,70,70,70,70,70,70],"card_choices":[{"not_picked":["Outmaneuver","Dagger Throw"],"picked":"Flying Knee","floor":1.0},{"not_picked":["Acrobatics","Footwork"],"picked":"Prepared","floor":5.0},{"not_picked":["Bane","Wraith Form v2"],"picked":"Reflex","floor":7.0},{"not_picked":["Dagger Throw","Setup"],"picked":"Tactician","floor":10.0},{"not_picked":["Outmaneuver","Blade Dance"],"picked":"Acrobatics","floor":11.0},{"not_picked":["Dash","Dagger Spray"],"picked":"Footwork","floor":14.0},{"not_picked":["Unload","Night Terror"],"picked":"Phantasmal Killer","floor":16},{"not_picked":["Finisher","Dagger Throw+1"],"picked":"Underhanded Strike","floor":18},{"not_picked":["Noxious Fumes","Dodge and Roll"],"picked":"Prepared+1","floor":20}],"player_experience":318976,"relics_obtained":[{"floor":9.0,"key":"Bottled Flame"},{"floor":14.0,"key":"Gambling Chip"},{"floor":21,"key":"Gremlin Horn"}],"event_choices":[{"damage_healed":0.0,"max_hp_gain":0.0,"max_hp_loss":0.0,"gold_gain":0.0,"event_name":"Shining Light","player_choice":"Entered Light","floor":2.0,"gold_loss":0.0,"damage_taken":14.0,"cards_upgraded":["Strike_G","Strike_G"]},{"damage_healed":23.0,"max_hp_gain":0.0,"max_hp_loss":0.0,"gold_gain":0.0,"event_name":"Big Fish","player_choice":"Banana","floor":3.0,"gold_loss":0.0,"damage_taken":0.0},{"damage_healed":0.0,"max_hp_gain":0.0,"max_hp_loss":0.0,"gold_gain":75.0,"event_name":"FaceTrader","player_choice":"Touch","floor":4.0,"gold_loss":0.0,"damage_taken":7.0},{"damage_healed":0,"gold_gain":0,"player_choice":"Damaged","damage_taken":7,"max_hp_gain":0,"max_hp_loss":0,"event_name":"Wheel of Change","floor":19,"gold_loss":0}],"is_beta":false,"boss_relics":[{"not_picked":["Tiny House","Busted Crown"],"picked":"HoveringKite"}],"items_purged_floors":[],"is_endless":false,"potions_floor_spawned":[5,14,18,20],"killed_by":"Book of Stabbing","ascension_level":7}