{"gold_per_floor":[111,111,111,128,0,0,34,34,34,47,122,122,146,160,160,264,264,278,278],"floor_reached":19,"playtime":719,"items_purged":["Strike_B"],"score":165,"play_id":"48481563-7e91-4cef-86c8-f855fb7f5871","local_time":"20190910170044","is_ascension_mode":false,"campfire_choices":[{"data":"Zap","floor":6,"key":"SMITH"},{"data":"Dualcast","floor":12,"key":"SMITH"},{"floor":15,"key":"REST"}],"neow_cost":"NONE","seed_source_timestamp":0,"circlet_count":0,"master_deck":["Strike_B","Strike_B","Strike_B","Defend_B","Defend_B","Defend_B","Defend_B","Zap+1","Dualcast+1","Loop","Hologram","Ball Lightning","Steam","Go for the Eyes","Buffer","Decay","Doubt","Regret","Stack+1"],"special_seed":0,"relics":["Cracked Core","Anchor","Shuriken","Strawberry","Blue Candle","PreservedInsect","Calling Bell","Bag of Marbles","Dodecahedron","WingedGreaves"],"potions_floor_usage":[16,19],"damage_taken":[{"damage":0,"enemies":"2 Louse","floor":1,"turns":3},{"damage":0,"enemies":"Small Slimes","floor":4,"turns":3},{"damage":22,"enemies":"Lagavulin","floor":7,"turns":5},{"damage":0,"enemies":"Jaw Worm","floor":10,"turns":2},{"damage":0,"enemies":"2 Fungi Beasts","floor":14,"turns":2},{"damage":56,"enemies":"Hexaghost","floor":16,"turns":11},{"damage":37,"enemies":"Spheric Guardian","floor":18,"turns":6},{"damage":47,"enemies":"Masked Bandits","floor":19,"turns":3}],"seed_played":"8953090886666368971","potions_obtained":[{"floor":7,"key":"Dexterity Potion"},{"floor":16,"key":"SteroidPotion"},{"floor":18,"key":"Poison Potion"}],"is_trial":false,"path_per_floor":["M","?","?","M","$","R","E","$","T","M","?","R","T","M","R","B",null,"M","?"],"character_chosen":"DEFECT","items_purchased":["Ball Lightning"],"campfire_rested":1,"item_purchase_floors":[5],"current_hp_per_floor":[75,75,75,75,75,75,60,60,60,60,49,49,49,49,73,17,82,45,0],"gold":278,"neow_bonus":"RANDOM_COMMON_RELIC","is_prod":false,"is_daily":false,"chose_seed":false,"campfire_upgraded":2,"win_rate":0,"timestamp":1568106044,"path_taken":["M","?","?","M","?","R","E","$","T","M","?","R","?","M","R","BOSS","M","?"],"build_version":"2019-07-17","purchased_purges":1,"victory":false,"max_hp_per_floor":[75,75,75,75,75,75,82,82,82,82,82,82,82,82,82,82,82,82,82],"card_choices":[{"not_picked":["Rebound","Hologram"],"picked":"Loop","floor":1},{"not_picked":["Hello World","Lockon"],"picked":"Hologram","floor":4},{"not_picked":["Force Field","Stack"],"picked":"Steam","floor":7},{"not_picked":["Loop","Sunder"],"picked":"Go for the Eyes","floor":10},{"not_picked":["Hello World","Steam","Doom and Gloom"],"picked":"SKIP","floor":14},{"not_picked":["Amplify","Multi-Cast"],"picked":"Buffer","floor":16},{"not_picked":["Aggregate","Streamline"],"picked":"Stack+1","floor":18}],"player_experience":343817,"relics_obtained":[{"floor":7,"key":"Strawberry"},{"floor":9,"key":"Blue Candle"},{"floor":13,"key":"PreservedInsect"},{"floor":17,"key":"Bag of Marbles"},{"floor":17,"key":"Dodecahedron"},{"floor":17,"key":"WingedGreaves"}],"event_choices":[{"damage_healed":0,"gold_gain":0,"player_choice":"Box","damage_taken":0,"relics_obtained":["Shuriken"],"max_hp_gain":0,"max_hp_loss":0,"event_name":"Big Fish","floor":2,"gold_loss":0,"cards_obtained":["Regret"]},{"cards_removed":["Regret"],"damage_healed":0,"gold_gain":0,"player_choice":"Forget","damage_taken":0,"max_hp_gain":0,"max_hp_loss":0,"event_name":"Living Wall","floor":3,"gold_loss":0},{"damage_healed":0,"gold_gain":75,"player_choice":"Gather Gold","damage_taken":11,"max_hp_gain":0,"max_hp_loss":0,"event_name":"World of Goop","floor":11,"gold_loss":0},{"damage_healed":0,"gold_gain":0,"player_choice":"Fought Bandits","damage_taken":0,"max_hp_gain":0,"max_hp_loss":0,"event_name":"Masked Bandits","floor":19,"gold_loss":0}],"is_beta":false,"boss_relics":[{"not_picked":["Tiny House","Snecko Eye"],"picked":"Calling Bell"}],"items_purged_floors":[5],"is_endless":false,"potions_floor_spawned":[7,16,18],"killed_by":"Masked Bandits","ascension_level":0}