{"gold_per_floor":[216,232,232,16,28,28,39,39,64,91,91,141,173,193,193,267,267,283,283,41,60,78,78,88,107,179,50,50,70,70,70,70,70],"floor_reached":33,"playtime":2333,"items_purged":["Strike_G","Strike_G"],"score":500,"play_id":"259d279a-a75f-494a-a3fc-468de605d8e0","local_time":"20190913192724","is_ascension_mode":true,"campfire_choices":[{"data":"Dagger Throw","floor":6,"key":"SMITH"},{"data":"Bouncing Flask","floor":8,"key":"SMITH"},{"floor":11,"key":"REST"},{"data":"Terror","floor":15,"key":"SMITH"},{"floor":23,"key":"REST"},{"floor":28,"key":"REST"},{"data":"Night Terror","floor":32,"key":"SMITH"}],"neow_cost":"NONE","seed_source_timestamp":689066497913300,"circlet_count":0,"master_deck":["AscendersBane","Defend_G","Defend_G","Defend_G","Defend_G","Defend_G","Survivor","Neutralize","Backflip","Dagger Throw+1","Terror+1","Choke","Bouncing Flask+1","PiercingWail","Dodge and Roll","Night Terror+1","Blur","Sucker Punch","Footwork","Sucker Punch","Footwork","PiercingWail","Blur","Bite","Bite","Bite","Bite","Bite"],"relics":["Ring of the Snake","Ancient Tea Set","Art of War","Anchor","Sozu","Letter Opener","Tiny Chest","Shuriken","Ninja Scroll"],"potions_floor_usage":[2,10,16],"damage_taken":[{"damage":0,"enemies":"2 Louse","floor":1,"turns":3},{"damage":1,"enemies":"Cultist","floor":2,"turns":5},{"damage":4,"enemies":"Jaw Worm","floor":5,"turns":5},{"damage":1,"enemies":"Red Slaver","floor":7,"turns":5},{"damage":29,"enemies":"3 Sentries","floor":10,"turns":11},{"damage":18,"enemies":"Gremlin Nob","floor":13,"turns":3},{"damage":2,"enemies":"Gremlin Gang","floor":14,"turns":5},{"damage":7,"enemies":"The Guardian","floor":16,"turns":10},{"damage":2,"enemies":"3 Byrds","floor":18,"turns":6},{"damage":16,"enemies":"Shell Parasite","floor":21,"turns":6},{"damage":21,"enemies":"Cultist and Chosen","floor":22,"turns":6},{"damage":23,"enemies":"Shelled Parasite and Fungi","floor":24,"turns":9},{"damage":5,"enemies":"Sentry and Sphere","floor":25,"turns":5},{"damage":0,"enemies":"Snecko","floor":29,"turns":5},{"damage":59,"enemies":"Champ","floor":33,"turns":12}],"seed_played":"-306032354407902581","potions_obtained":[{"floor":1,"key":"Block Potion"},{"floor":7,"key":"Block Potion"},{"floor":10,"key":"GamblersBrew"},{"floor":13,"key":"Strength Potion"},{"floor":16,"key":"Fire Potion"}],"is_trial":false,"path_per_floor":["M","M","?","$","M","R","M","R","T","E","R","?","E","M","R","B",null,"M","T","$","M","M","R","M","M","T","$","R","M","?","T","R","B"],"character_chosen":"THE_SILENT","items_purchased":["Choke","FearPotion","Tiny Chest","Footwork","PiercingWail"],"campfire_rested":3,"item_purchase_floors":[4,4,20,27,27],"current_hp_per_floor":[59,58,58,58,54,54,53,53,53,24,43,43,25,23,23,16,54,52,52,52,36,15,34,11,6,6,6,25,25,25,25,25,0],"gold":70,"neow_bonus":"HUNDRED_GOLD","is_prod":false,"is_daily":false,"chose_seed":false,"campfire_upgraded":4,"win_rate":0,"timestamp":1568428044,"path_taken":["M","M","?","$","?","R","M","R","T","E","R","?","E","M","R","BOSS","M","?","$","M","M","R","M","?","T","$","R","M","?","?","R","BOSS"],"build_version":"2019-07-17","purchased_purges":2,"victory":false,"max_hp_per_floor":[66,66,66,66,66,66,66,66,66,66,66,66,66,66,66,66,66,66,66,66,66,66,66,66,66,66,66,66,66,46,46,46,46],"card_choices":[{"not_picked":["Caltrops","Underhanded Strike"],"picked":"Backflip","floor":1},{"not_picked":["Dodge and Roll","Infinite Blades"],"picked":"Dagger Throw","floor":2},{"not_picked":["Predator","Flying Knee"],"picked":"Bouncing Flask","floor":5},{"not_picked":["Bane","Concentrate","Reflex"],"picked":"SKIP","floor":7},{"not_picked":["Blade Dance","Underhanded Strike","Accuracy"],"picked":"SKIP","floor":10},{"not_picked":["Acrobatics","Escape Plan"],"picked":"PiercingWail","floor":13},{"not_picked":["Slice","Dash"],"picked":"Dodge and Roll","floor":14},{"not_picked":["Adrenaline","Phantasmal Killer"],"picked":"Night Terror","floor":16},{"not_picked":["Dodge and Roll","Blade Dance"],"picked":"Blur","floor":18},{"not_picked":["Distraction","Dodge and Roll"],"picked":"Sucker Punch","floor":21},{"not_picked":["Deadly Poison","Quick Slash"],"picked":"Footwork","floor":22},{"not_picked":["Deflect","Acrobatics","Outmaneuver+1"],"picked":"SKIP","floor":24},{"not_picked":["Blade Dance","Dagger Spray+1"],"picked":"Sucker Punch","floor":25},{"not_picked":["Outmaneuver","Prepared"],"picked":"Blur","floor":29}],"player_experience":957613,"relics_obtained":[{"floor":9,"key":"Ancient Tea Set"},{"floor":10,"key":"Art of War"},{"floor":13,"key":"Anchor"},{"floor":19,"key":"Letter Opener"},{"floor":26,"key":"Shuriken"},{"floor":31,"key":"Ninja Scroll"}],"event_choices":[{"damage_healed":0,"gold_gain":0,"cards_transformed":["Strike_G"],"player_choice":"Transformed","damage_taken":0,"max_hp_gain":0,"max_hp_loss":0,"event_name":"Transmorgrifier","floor":3,"gold_loss":0,"cards_obtained":["Terror"]},{"damage_healed":0,"gold_gain":50,"player_choice":"Pray","damage_taken":0,"max_hp_gain":0,"max_hp_loss":0,"event_name":"Golden Shrine","floor":12,"gold_loss":0},{"damage_healed":0,"gold_gain":0,"player_choice":"Became a vampire","damage_taken":0,"max_hp_gain":0,"max_hp_loss":20,"event_name":"Vampires","floor":30,"gold_loss":0,"cards_obtained":["Bite","Bite","Bite","Bite","Bite"]}],"is_beta":false,"boss_relics":[{"not_picked":["Calling Bell","Cursed Key"],"picked":"Sozu"}],"items_purged_floors":[4,20],"is_endless":false,"potions_floor_spawned":[1,7,10,13,16,21,25,29],"killed_by":"Champ","ascension_level":17}