{"gold_per_floor":[118,145,165,165,165,193,193,203,203,218,218,235,254,273,273,273],"floor_reached":16,"playtime":856,"items_purged":[],"score":155,"play_id":"43af0205-4d3d-4f14-9f4b-4d7c92047b8a","local_time":"20190914151236","is_ascension_mode":true,"campfire_choices":[{"floor":11,"key":"RECALL"},{"floor":15,"key":"REST"}],"neow_cost":"NONE","seed_source_timestamp":255525754706200,"circlet_count":0,"master_deck":["Strike_G","Strike_G","Strike_G","Strike_G","Strike_G","Defend_G","Defend_G+1","Defend_G","Defend_G","Defend_G","Survivor","Neutralize","Backflip+1","Bane+1","Escape Plan+1","Infinite Blades","Catalyst","Escape Plan","Escape Plan","Footwork"],"relics":["Ring of the Snake","NeowsBlessing","Bottled Flame","War Paint"],"potions_floor_usage":[16],"damage_taken":[{"damage":0,"enemies":"Cultist","floor":1,"turns":1},{"damage":0,"enemies":"2 Louse","floor":3,"turns":1},{"damage":0,"enemies":"Lagavulin","floor":6,"turns":1},{"damage":0,"enemies":"Small Slimes","floor":8,"turns":3},{"damage":0,"enemies":"2 Fungi Beasts","floor":10,"turns":4},{"damage":0,"enemies":"Exordium Wildlife","floor":12,"turns":5},{"damage":9,"enemies":"3 Louse","floor":13,"turns":4},{"damage":8,"enemies":"Large Slime","floor":14,"turns":7},{"damage":62,"enemies":"Hexaghost","floor":16,"turns":16}],"seed_played":"-2954527107705913113","potions_obtained":[{"floor":3,"key":"AttackPotion"},{"floor":10,"key":"SteroidPotion"}],"is_trial":false,"path_per_floor":["M","T","M","?","$","E","?","M","T","M","R","M","M","M","R","B"],"character_chosen":"THE_SILENT","items_purchased":[],"campfire_rested":1,"item_purchase_floors":[],"current_hp_per_floor":[70,70,70,70,70,70,56,56,56,56,56,56,47,39,60,0],"gold":273,"neow_bonus":"THREE_ENEMY_KILL","is_prod":false,"is_daily":false,"chose_seed":false,"campfire_upgraded":0,"win_rate":0,"timestamp":1568491956,"path_taken":["M","?","?","?","$","E","?","M","T","M","R","M","M","M","R","BOSS"],"build_version":"2019-07-17","purchased_purges":0,"victory":false,"max_hp_per_floor":[70,70,70,70,70,70,70,70,70,70,70,70,70,70,70,70],"card_choices":[{"not_picked":["Prepared","Deflect"],"picked":"Backflip","floor":1},{"not_picked":["Flying Knee","All Out Attack"],"picked":"Bane","floor":3},{"not_picked":["Setup","Deadly Poison"],"picked":"Escape Plan","floor":6},{"not_picked":["Flying Knee","Endless Agony"],"picked":"Infinite Blades","floor":8},{"not_picked":["Deadly Poison","Tactician"],"picked":"Catalyst","floor":10},{"not_picked":["Expertise","Finisher"],"picked":"Escape Plan","floor":12},{"not_picked":["Heel Hook","PiercingWail"],"picked":"Escape Plan","floor":13},{"not_picked":["PiercingWail","Expertise"],"picked":"Footwork","floor":14}],"player_experience":393704,"relics_obtained":[{"floor":6,"key":"Bottled Flame"},{"floor":9,"key":"War Paint"}],"event_choices":[{"damage_healed":0,"gold_gain":0,"player_choice":"Leave","damage_taken":0,"max_hp_gain":0,"max_hp_loss":0,"event_name":"The Cleric","floor":4,"gold_loss":0},{"damage_healed":0,"gold_gain":0,"player_choice":"Entered Light","damage_taken":14,"max_hp_gain":0,"max_hp_loss":0,"event_name":"Shining Light","floor":7,"gold_loss":0,"cards_upgraded":["Bane","Backflip"]}],"is_beta":false,"boss_relics":[],"items_purged_floors":[],"is_endless":false,"potions_floor_spawned":[3,10],"killed_by":"Hexaghost","ascension_level":4}