{"gold_per_floor":[119,44,59,234,246,246,280,294,294,294,310,2,2,15,15,110,110,125,125,125,141,141,141,154,154,154,185,60,94,94,109,109,205,205,218,218,218,0,0,0,14,29,54,72,88,88,107,123,123,123],"floor_reached":51,"playtime":2578,"items_purged":["Defend_R","Defend_R"],"score":689,"play_id":"fde4ce7f-1a00-46a0-a975-88b5681b5ff5","local_time":"20180722003158","is_ascension_mode":false,"campfire_choices":[{"data":"1","floor":6,"key":"LIFT"},{"data":"2","floor":10,"key":"LIFT"},{"floor":15,"key":"REST"},{"data":"3","floor":25,"key":"LIFT"},{"floor":32,"key":"REST"},{"data":"Clash","floor":40,"key":"SMITH"},{"floor":46,"key":"REST"},{"data":"Searing Blow+1","floor":49,"key":"SMITH"}],"neow_cost":"TEN_PERCENT_HP_LOSS","seed_source_timestamp":703671180027296,"circlet_count":0,"master_deck":["Strike_R","Strike_R","Strike_R+1","Strike_R","Strike_R","Defend_R","Bash","Cleave","Cleave","Doubt","Anger","Pummel","Flex+1","Shrug It Off+1","Sword Boomerang+1","Flex+1","Iron Wave+1","RitualDagger","Clash+1","Searing Blow+2","Flex+1","Shrug It Off+1","Offering+1","Anger","Bandage Up+1","Dramatic Entrance","Pommel Strike+1","Pummel+1","Cleave+1","Anger"],"relics":["Burning Blood","Girya","Dream Catcher","Toxic Egg 2","Gremlin Horn","Unceasing Top","Sozu","Meat on the Bone","Paper Frog","Dodecahedron","Lizard Tail","Red Mask","Whetstone"],"potions_floor_usage":[16,16,16,16,33,50],"damage_taken":[{"damage":0,"enemies":"Small Slimes","floor":1,"turns":3},{"damage":6,"enemies":"2 Louse","floor":3,"turns":3},{"damage":6,"enemies":"Cultist","floor":5,"turns":3},{"damage":43,"enemies":"Gremlin Nob","floor":7,"turns":5},{"damage":20,"enemies":"Looter","floor":8,"turns":3},{"damage":5,"enemies":"Exordium Thugs","floor":11,"turns":4},{"damage":0,"enemies":"Large Slime","floor":14,"turns":3},{"damage":44,"enemies":"Hexaghost","floor":16,"turns":8},{"damage":15,"enemies":"2 Thieves","floor":18,"turns":3},{"damage":8,"enemies":"3 Byrds","floor":21,"turns":3},{"damage":19,"enemies":"Centurion and Healer","floor":24,"turns":3},{"damage":29,"enemies":"Gremlin Leader","floor":27,"turns":5},{"damage":28,"enemies":"Book of Stabbing","floor":29,"turns":4},{"damage":8,"enemies":"Snecko","floor":31,"turns":3},{"damage":41,"enemies":"Collector","floor":33,"turns":4},{"damage":5,"enemies":"3 Shapes","floor":35,"turns":2},{"damage":7,"enemies":"3 Darklings","floor":41,"turns":2},{"damage":23,"enemies":"Transient","floor":42,"turns":5},{"damage":58,"enemies":"Maw","floor":44,"turns":5},{"damage":9,"enemies":"4 Shapes","floor":45,"turns":1},{"damage":0,"enemies":"Flame Bruiser 2 Orb","floor":47,"turns":3},{"damage":0,"enemies":"Spire Growth","floor":48,"turns":2},{"damage":99,"enemies":"Awakened One","floor":50,"turns":8}],"seed_played":"-4538354185512674534","potions_obtained":[{"floor":3,"key":"EntropicBrew"},{"floor":5,"key":"Fire Potion"},{"floor":7,"key":"SkillPotion"},{"floor":11,"key":"AttackPotion"}],"is_trial":false,"path_per_floor":["M","$","M","?","M","R","E","M","T","R","M","$","?","M","R","B",null,"M","?","?","M","?","?","M","R","T","E","$","E","$","M","R","B",null,"M","?","?","?","$","R","M","M","T","M","M","R","M","M","R","B"],"character_chosen":"IRONCLAD","items_purchased":["Gremlin Horn","Shrug It Off+1","Flex+1"],"campfire_rested":3,"item_purchase_floors":[12,12,28],"current_hp_per_floor":[72,72,72,72,72,72,35,21,21,21,22,22,22,28,49,11,72,63,57,57,55,55,55,42,42,42,31,31,21,21,31,52,29,72,72,72,67,67,67,67,66,55,55,21,30,51,63,69,69,54],"gold":123,"neow_bonus":"ONE_RARE_RELIC","is_prod":false,"is_daily":false,"chose_seed":false,"campfire_upgraded":2,"win_rate":0.0,"timestamp":1532233918,"path_taken":["M","$","M","?","M","R","E","M","T","R","M","$","?","?","R","BOSS","M","?","?","M","?","?","M","R","T","E","$","E","$","M","R","BOSS","M","?","?","?","?","R","M","M","T","M","M","R","M","M","R","BOSS"],"build_version":"2018-07-19v2","purchased_purges":2,"victory":true,"max_hp_per_floor":[72,72,72,72,72,72,72,72,72,72,72,72,72,72,72,72,72,72,72,72,72,72,72,72,72,72,72,72,72,72,72,72,72,72,72,72,72,72,72,72,72,72,72,72,72,72,72,72,72,72],"card_choices":[{"not_picked":["Headbutt","True Grit"],"picked":"Cleave","floor":1},{"not_picked":["Dual Wield","Uppercut"],"picked":"Cleave","floor":3},{"not_picked":["Entrench","Shockwave"],"picked":"Anger","floor":5},{"not_picked":["Limit Break","Pommel Strike","Rage"],"picked":"SKIP","floor":7},{"not_picked":["Pommel Strike","Burning Pact"],"picked":"Pummel","floor":8},{"not_picked":["Pummel","Rampage"],"picked":"Flex+1","floor":11},{"not_picked":["Second Wind+1","True Grit+1"],"picked":"Sword Boomerang","floor":14},{"not_picked":["Warcry+1","Body Slam"],"picked":"Flex+1","floor":15},{"not_picked":["Cleave+1","Sever Soul+1"],"picked":"Iron Wave+1","floor":18},{"not_picked":["Intimidate+1","Perfected Strike"],"picked":"Clash","floor":21},{"not_picked":["Second Wind+1","Ghostly Armor+1"],"picked":"Searing Blow+1","floor":24},{"not_picked":["Searing Blow","Rage+1","Rupture"],"picked":"SKIP","floor":27},{"not_picked":["Heavy Blade","Dual Wield+1","Pommel Strike"],"picked":"SKIP","floor":29},{"not_picked":["Reaper","Dual Wield+1","Rage+1"],"picked":"SKIP","floor":31},{"not_picked":["Heavy Blade+1","Armaments+1"],"picked":"Shrug It Off+1","floor":32},{"not_picked":["Dark Embrace","Brutality"],"picked":"Offering+1","floor":33},{"not_picked":["Twin Strike","Iron Wave"],"picked":"Anger","floor":35},{"not_picked":["Blind+1","Panacea+1"],"picked":"Bandage Up+1","floor":37},{"not_picked":["Panache","Enlightenment+1"],"picked":"Dramatic Entrance","floor":37},{"not_picked":["True Grit+1","Clothesline"],"picked":"Pommel Strike+1","floor":41},{"not_picked":["Warcry+1","Clash"],"picked":"Pummel+1","floor":42},{"not_picked":["Pommel Strike","Disarm+1"],"picked":"Cleave+1","floor":44},{"not_picked":["Entrench+1","Warcry+1","Searing Blow"],"picked":"SKIP","floor":45},{"not_picked":["Sword Boomerang","Headbutt"],"picked":"Anger","floor":47},{"not_picked":["Corruption","Uppercut+1","Disarm+1"],"picked":"SKIP","floor":48}],"player_experience":26784,"relics_obtained":[{"floor":7,"key":"Dream Catcher"},{"floor":9,"key":"Toxic Egg 2"},{"floor":26,"key":"Meat on the Bone"},{"floor":27,"key":"Paper Frog"},{"floor":29,"key":"Dodecahedron"},{"floor":43,"key":"Whetstone"}],"event_choices":[{"event_name":"Liars Game","player_choice":"agreed","floor":4,"damage_taken":0},{"event_name":"Wheel of Change","player_choice":"Relic","floor":13,"damage_taken":0},{"event_name":"Nest","player_choice":"Joined the Cult","floor":19,"damage_taken":0},{"event_name":"Purifier","player_choice":"One Purge","floor":20,"damage_taken":0},{"event_name":"The Mausoleum","player_choice":"No","floor":22,"damage_taken":0},{"event_name":"Drug Dealer","player_choice":"Ignored","floor":23,"damage_taken":0},{"event_name":"Mysterious Sphere","player_choice":"Ignore","floor":36,"damage_taken":0},{"event_name":"SensoryStone","player_choice":"Memory 2","floor":37,"damage_taken":0},{"event_name":"Tomb of Lord Red Mask","player_choice":"Paid","floor":38,"damage_taken":0}],"is_beta":false,"boss_relics":[{"not_picked":["Calling Bell","Black Star"],"picked":"Sozu"},{"not_picked":["Cursed Key","Fusion Hammer"],"picked":"Lizard Tail"}],"items_purged_floors":[2,28],"is_endless":false,"potions_floor_spawned":[3,5,7,11,21,24,29,35,45,47],"ascension_level":0}