{"gold_per_floor":[110,110,110,128,146,146,159,159,159,179,210,222,26,40,40,137,137,157,168,168,168,186,186,186,198,224,254,254,288,288,320,320,320],"floor_reached":33,"playtime":1746,"items_purged":["Strike_B"],"score":378,"play_id":"c8882315-a56b-4476-809d-3672928a041a","local_time":"20190827125652","is_ascension_mode":true,"campfire_choices":[{"data":"Scrape","floor":6.0,"key":"SMITH"},{"data":"Zap","floor":8.0,"key":"SMITH"},{"data":"Dualcast","floor":15.0,"key":"SMITH"},{"data":"Beam Cell","floor":23.0,"key":"SMITH"},{"data":"Streamline","floor":28.0,"key":"SMITH"},{"floor":30.0,"key":"REST"},{"data":"Go for the Eyes","floor":32.0,"key":"SMITH"}],"neow_cost":"NONE","seed_source_timestamp":1037116541492800,"circlet_count":0,"master_deck":["Strike_B","Strike_B","Strike_B","Defend_B","Defend_B","Defend_B","Defend_B+1","Zap+1","Dualcast+1","Gash","Gash","Scrape+1","Steam Power+1","Redo+1","Undo+1","Steam+1","Madness+1","Finesse+1","Leap+1","Electrodynamics","Ball Lightning","Go for the Eyes+1","Beam Cell+1","Conserve Battery+1","Streamline+1","Rebound+1","Go for the Eyes+1","Coolheaded+1"],"special_seed":0,"relics":["Cracked Core","Toxic Egg 2","The Courier","Black Star","Dream Catcher","Potion Belt","Centennial Puzzle","Strawberry","Molten Egg 2","War Paint","Matryoshka"],"potions_floor_usage":[33],"damage_taken":[{"damage":2.0,"enemies":"Jaw Worm","floor":1.0,"turns":3.0},{"damage":1.0,"enemies":"Cultist","floor":4.0,"turns":3.0},{"damage":0.0,"enemies":"2 Louse","floor":5.0,"turns":2.0},{"damage":3.0,"enemies":"Blue Slaver","floor":7.0,"turns":2.0},{"damage":0.0,"enemies":"Large Slime","floor":10.0,"turns":3.0},{"damage":15.0,"enemies":"3 Sentries","floor":11.0,"turns":5.0},{"damage":0.0,"enemies":"2 Fungi Beasts","floor":12.0,"turns":2.0},{"damage":0.0,"enemies":"Exordium Thugs","floor":14.0,"turns":4.0},{"damage":22.0,"enemies":"The Guardian","floor":16.0,"turns":12.0},{"damage":0.0,"enemies":"Chosen","floor":18.0,"turns":4.0},{"damage":2.0,"enemies":"Shell Parasite","floor":19.0,"turns":4.0},{"damage":18.0,"enemies":"Centurion and Healer","floor":22.0,"turns":6.0},{"damage":15.0,"enemies":"Snake Plant","floor":25.0,"turns":4.0},{"damage":22.0,"enemies":"Gremlin Leader","floor":27.0,"turns":4.0},{"damage":37.0,"enemies":"Book of Stabbing","floor":29.0,"turns":6.0},{"damage":11.0,"enemies":"Slavers","floor":31.0,"turns":3.0},{"damage":36,"enemies":"Champ","floor":33,"turns":8}],"seed_played":"-4527387599583662225","potions_obtained":[{"floor":3.0,"key":"Regen Potion"},{"floor":3.0,"key":"SteroidPotion"},{"floor":3.0,"key":"SkillPotion"},{"floor":10.0,"key":"Strength Potion"},{"floor":12.0,"key":"Dexterity Potion"},{"floor":14.0,"key":"Swift Potion"},{"floor":16.0,"key":"PowerPotion"},{"floor":27.0,"key":"Poison Potion"},{"floor":29.0,"key":"Energy Potion"}],"is_trial":false,"path_per_floor":["M","?","?","M","M","R","M","R","T","M","E","M","$","M","R","B",null,"M","M","?","?","M","R","T","M","T","E","R","E","R","E","R","B"],"character_chosen":"DEFECT","items_purchased":["Madness+1","Finesse+1"],"campfire_rested":1,"item_purchase_floors":[13,13],"current_hp_per_floor":[80,85,85,84,84,84,81,81,81,81,66,66,66,66,66,44,87,87,85,85,85,67,67,67,52,52,30,30,15,43,32,32,0],"gold":320,"neow_bonus":"TEN_PERCENT_HP_BONUS","is_prod":false,"is_daily":false,"chose_seed":false,"campfire_upgraded":6,"win_rate":0,"timestamp":1566903412,"path_taken":["M","?","?","?","M","R","M","R","T","M","E","M","$","M","R","BOSS","M","M","?","?","M","R","?","M","T","E","R","E","R","E","R","BOSS"],"build_version":"2019-07-17","purchased_purges":1,"victory":false,"max_hp_per_floor":[82,87,87,87,87,87,87,87,87,87,87,87,87,87,87,87,87,87,87,87,87,87,87,87,87,87,87,87,94,94,94,94,94],"card_choices":[{"not_picked":["Blizzard","Capacitor"],"picked":"Gash","floor":1.0},{"not_picked":["Stack","Cold Snap"],"picked":"Gash","floor":4.0},{"not_picked":["Gash","Rainbow"],"picked":"Scrape","floor":5.0},{"not_picked":["Leap","Reprogram"],"picked":"Steam Power","floor":7.0},{"not_picked":["Undo+1","Beam Cell"],"picked":"Redo+1","floor":10.0},{"not_picked":["Glacier+1","Self Repair"],"picked":"Undo+1","floor":11.0},{"not_picked":["Sunder","Steam Power+1"],"picked":"Steam+1","floor":12.0},{"not_picked":["Stack+1","Reprogram+1"],"picked":"Leap+1","floor":14.0},{"not_picked":["Rainbow+1","Reboot+1"],"picked":"Electrodynamics","floor":16.0},{"not_picked":["Stack+1","Sweeping Beam"],"picked":"Ball Lightning","floor":18.0},{"not_picked":["Aggregate+1","Stack+1","Sweeping Beam"],"picked":"SKIP","floor":19.0},{"not_picked":["Ball Lightning","Melter"],"picked":"Beam Cell","floor":22.0},{"not_picked":["Stack+1","Loop+1"],"picked":"Conserve Battery+1","floor":25.0},{"not_picked":["Hologram+1","Rainbow+1"],"picked":"Streamline","floor":27.0},{"not_picked":["Barrage","Aggregate+1"],"picked":"Rebound","floor":29.0},{"not_picked":["Beam Cell+1","Rip and Tear+1"],"picked":"Go for the Eyes+1","floor":30.0},{"not_picked":["Rebound+1","Consume+1"],"picked":"Coolheaded+1","floor":31.0}],"player_experience":216879,"relics_obtained":[{"floor":9.0,"key":"Toxic Egg 2"},{"floor":11.0,"key":"The Courier"},{"floor":26.0,"key":"Dream Catcher"},{"floor":27.0,"key":"Potion Belt"},{"floor":27.0,"key":"Centennial Puzzle"},{"floor":29.0,"key":"Strawberry"},{"floor":29.0,"key":"Molten Egg 2"},{"floor":31.0,"key":"War Paint"},{"floor":31.0,"key":"Matryoshka"}],"event_choices":[{"damage_healed":0.0,"max_hp_gain":5.0,"max_hp_loss":0.0,"gold_gain":0.0,"event_name":"Big Fish","player_choice":"Donut","floor":2.0,"gold_loss":0.0,"damage_taken":0.0},{"damage_healed":0.0,"max_hp_gain":0.0,"max_hp_loss":0.0,"gold_gain":0.0,"event_name":"Lab","player_choice":"Got Potions","floor":3.0,"gold_loss":0.0,"damage_taken":0.0},{"damage_healed":0.0,"max_hp_gain":0.0,"max_hp_loss":0.0,"gold_gain":0.0,"event_name":"The Library","player_choice":"Read","floor":20.0,"gold_loss":0.0,"damage_taken":0.0,"cards_obtained":["Go for the Eyes"]},{"damage_healed":0.0,"max_hp_gain":0.0,"max_hp_loss":0.0,"gold_gain":0.0,"event_name":"Vampires","player_choice":"Ignored","floor":21.0,"gold_loss":0.0,"damage_taken":0.0}],"is_beta":false,"boss_relics":[{"not_picked":["Busted Crown","Runic Dome"],"picked":"Black Star"}],"items_purged_floors":[13],"is_endless":false,"potions_floor_spawned":[4,10,12,14,16,19,22,27,29],"killed_by":"Champ","ascension_level":3}