{"gold_per_floor":[11,30,43,143,156,156,173,186,186,201,201,228,228,79,79,177,177,191,191,116,116,89,89,102,115,115,148,161,161,161,178,178,178],"floor_reached":33,"playtime":1228,"items_purged":["Parasite"],"score":294,"play_id":"01b39607-79b6-442f-a0b2-bf2ef1f01202","local_time":"20190804222820","is_ascension_mode":false,"campfire_choices":[{"data":"Perfected Strike","floor":6.0,"key":"SMITH"},{"floor":13.0,"key":"REST"},{"floor":15.0,"key":"REST"},{"data":"Armaments","floor":23.0,"key":"SMITH"},{"floor":29.0,"key":"REST"},{"floor":32.0,"key":"REST"}],"neow_cost":"NO_GOLD","seed_source_timestamp":4489564342632283,"circlet_count":0,"master_deck":["Strike_R","Strike_R","Strike_R","Strike_R","Defend_R","Defend_R","Defend_R","Bash+1","Perfected Strike+1","Pommel Strike","Demon Form","Rage+1","Armaments+1","Twin Strike+1","Shrug It Off+1","Perfected Strike+1","Twin Strike+1","Perfected Strike+1"],"special_seed":0,"relics":["Burning Blood","Lantern","Dream Catcher","Omamori","Calling Bell","Bag of Preparation","Sundial","Mango","Juzu Bracelet","Enchiridion","Toxic Egg 2","Molten Egg 2"],"potions_floor_usage":[33],"damage_taken":[{"damage":0.0,"enemies":"Small Slimes","floor":1.0,"turns":3.0},{"damage":1.0,"enemies":"Cultist","floor":2.0,"turns":3.0},{"damage":11.0,"enemies":"Jaw Worm","floor":3.0,"turns":4.0},{"damage":13.0,"enemies":"2 Fungi Beasts","floor":5.0,"turns":3.0},{"damage":7.0,"enemies":"3 Louse","floor":7.0,"turns":3.0},{"damage":11.0,"enemies":"Exordium Wildlife","floor":8.0,"turns":4.0},{"damage":10.0,"enemies":"Looter","floor":10.0,"turns":3.0},{"damage":44.0,"enemies":"3 Sentries","floor":12.0,"turns":11.0},{"damage":67.0,"enemies":"The Guardian","floor":16.0,"turns":12.0},{"damage":30.0,"enemies":"Spheric Guardian","floor":18.0,"turns":4.0},{"damage":5.0,"enemies":"2 Thieves","floor":24.0,"turns":3.0},{"damage":34.0,"enemies":"Centurion and Healer","floor":25.0,"turns":5.0},{"damage":33.0,"enemies":"Book of Stabbing","floor":27.0,"turns":4.0},{"damage":2.0,"enemies":"3 Cultists","floor":28.0,"turns":4.0},{"damage":11.0,"enemies":"Snake Plant","floor":31.0,"turns":4.0},{"damage":67,"enemies":"Automaton","floor":33,"turns":8}],"seed_played":"-1487505338857557131","potions_obtained":[{"floor":3.0,"key":"Block Potion"},{"floor":5.0,"key":"Strength Potion"},{"floor":10.0,"key":"Energy Potion"},{"floor":12.0,"key":"Block Potion"},{"floor":16.0,"key":"Dexterity Potion"},{"floor":18.0,"key":"BloodPotion"},{"floor":24.0,"key":"Fire Potion"}],"is_trial":false,"path_per_floor":["M","M","M","?","M","R","M","M","T","M","?","E","R","$","R","B",null,"M","?","$","?","$","R","M","M","T","E","M","R","?","M","R","B"],"character_chosen":"IRONCLAD","items_purchased":["Omamori","Armaments"],"campfire_rested":4,"item_purchase_floors":[14,22],"current_hp_per_floor":[80,80,75,75,68,68,67,62,62,58,58,20,44,44,68,7,94,70,70,70,54,54,54,55,49,49,22,26,53,35,30,58,0],"gold":178,"neow_bonus":"REMOVE_TWO","is_prod":false,"is_daily":false,"chose_seed":false,"campfire_upgraded":2,"win_rate":0,"timestamp":1564972100,"path_taken":["M","M","M","?","M","R","M","?","T","M","?","E","R","$","R","BOSS","M","?","$","?","?","R","M","M","T","E","M","R","?","M","R","BOSS"],"build_version":"2019-07-17","purchased_purges":1,"victory":false,"max_hp_per_floor":[80,80,80,80,80,80,80,80,80,80,80,80,80,80,80,80,94,94,94,91,91,91,91,91,91,91,91,91,91,96,96,96,96],"card_choices":[{"not_picked":["Thunderclap","Sentinel"],"picked":"Perfected Strike","floor":1.0},{"not_picked":["Iron Wave","Clothesline","Thunderclap"],"picked":"SKIP","floor":2.0},{"not_picked":["Sword Boomerang","Second Wind","Intimidate"],"picked":"SKIP","floor":3.0},{"not_picked":["Fiend Fire","Blood for Blood","Clash"],"picked":"SKIP","floor":5.0},{"not_picked":["Cleave","Havoc","Hemokinesis"],"picked":"SKIP","floor":7.0},{"not_picked":["Cleave","Havoc","Twin Strike"],"picked":"SKIP","floor":8.0},{"not_picked":["Twin Strike","Rupture","Cleave"],"picked":"SKIP","floor":10.0},{"not_picked":["Cleave","Rage","Sword Boomerang"],"picked":"SKIP","floor":12.0},{"not_picked":["Clash","Power Through"],"picked":"Pommel Strike","floor":15.0},{"not_picked":["Double Tap","Feed"],"picked":"Demon Form","floor":16.0},{"not_picked":["Second Wind+1","Seeing Red"],"picked":"Rage+1","floor":18.0},{"not_picked":["Flex","Infernal Blade"],"picked":"Twin Strike+1","floor":24.0},{"not_picked":["Entrench","Rupture+1"],"picked":"Shrug It Off+1","floor":25.0},{"not_picked":["Body Slam+1","Combust"],"picked":"Perfected Strike","floor":27.0},{"not_picked":["Cleave+1","Clothesline+1","Exhume+1"],"picked":"SKIP","floor":28.0},{"not_picked":["Dual Wield+1","Clash+1"],"picked":"Twin Strike+1","floor":29.0},{"not_picked":["Clash+1","Disarm+1"],"picked":"Perfected Strike+1","floor":31.0}],"player_experience":516520,"relics_obtained":[{"floor":9.0,"key":"Lantern"},{"floor":12.0,"key":"Dream Catcher"},{"floor":17.0,"key":"Bag of Preparation"},{"floor":17.0,"key":"Sundial"},{"floor":17.0,"key":"Mango"},{"floor":21.0,"key":"Enchiridion"},{"floor":26.0,"key":"Toxic Egg 2"},{"floor":27.0,"key":"Molten Egg 2"}],"event_choices":[{"damage_healed":0.0,"max_hp_gain":0.0,"max_hp_loss":0.0,"gold_gain":100.0,"event_name":"Golden Shrine","player_choice":"Pray","floor":4.0,"gold_loss":0.0,"damage_taken":0.0},{"damage_healed":0.0,"max_hp_gain":0.0,"max_hp_loss":0.0,"gold_gain":0.0,"event_name":"Living Wall","player_choice":"Grow","floor":11.0,"gold_loss":0.0,"damage_taken":0.0,"cards_upgraded":["Bash"]},{"damage_healed":0.0,"max_hp_gain":0.0,"max_hp_loss":0.0,"gold_gain":0.0,"event_name":"The Mausoleum","player_choice":"Opened","floor":19.0,"gold_loss":0.0,"damage_taken":0.0,"relics_obtained":["Juzu Bracelet"]},{"damage_healed":0.0,"max_hp_gain":0.0,"max_hp_loss":0.0,"gold_gain":0.0,"event_name":"Cursed Tome","player_choice":"Obtained Book","floor":21.0,"gold_loss":0.0,"damage_taken":16.0},{"damage_healed":0.0,"max_hp_gain":5.0,"max_hp_loss":0.0,"gold_gain":0.0,"event_name":"Forgotten Altar","player_choice":"Shed Blood","floor":30.0,"gold_loss":0.0,"damage_taken":23.0}],"is_beta":false,"boss_relics":[{"not_picked":["Runic Dome","White Beast Statue"],"picked":"Calling Bell"}],"items_purged_floors":[20],"is_endless":false,"potions_floor_spawned":[3,5,10,12,16,18,24],"killed_by":"Automaton","ascension_level":0}