{"gold_per_floor":[109,72,72,72,72,72,116,116,165,190,221,244,244,267,267,388,388,407,407,14,31,48,48,76,76,103,132,132,57,57,57,57,57],"floor_reached":33,"playtime":2293,"items_purged":["Defend_B"],"score":318,"play_id":"bcc2f7a2-a9d3-43d4-84b2-741660f8d855","local_time":"20180711114743","is_ascension_mode":true,"campfire_choices":[{"data":"Self Repair","floor":6,"key":"SMITH"},{"floor":8,"key":"REST"},{"data":"Genetic Algorithm","floor":13,"key":"SMITH"},{"data":"Dualcast","floor":15,"key":"SMITH"},{"data":"Tempest","floor":23,"key":"SMITH"},{"data":"RitualDagger","floor":28,"key":"SMITH"},{"data":"Stack","floor":30,"key":"SMITH"},{"floor":32,"key":"REST"}],"neow_cost":"","seed_source_timestamp":126862380264487,"circlet_count":0,"master_deck":["Strike_B","Strike_B","Strike_B","Strike_B","Defend_B+1","Defend_B","Defend_B","Zap+1","Dualcast+1","Redo+1","Self Repair+1","Melter","Genetic Algorithm+1","Doom and Gloom","Reboot","Rebound+1","Tempest+1","Ball Lightning+1","RitualDagger+1","Stack+1"],"relics":["Cracked Core","Bloody Idol","Vajra","War Paint","Happy Flower","Ginger","Nuclear Battery","ClockworkSouvenir","Lantern","Pantograph","Potion Belt","Unceasing Top"],"potions_floor_usage":[7,14,16,18],"damage_taken":[{"damage":0,"enemies":"Cultist","floor":1,"turns":3},{"damage":23,"enemies":"Gremlin Nob","floor":7,"turns":4},{"damage":0,"enemies":"2 Louse","floor":10,"turns":1},{"damage":22,"enemies":"Lagavulin","floor":11,"turns":5},{"damage":0,"enemies":"Jaw Worm","floor":12,"turns":3},{"damage":0,"enemies":"2 Fungi Beasts","floor":14,"turns":3},{"damage":37,"enemies":"Hexaghost","floor":16,"turns":7},{"damage":0,"enemies":"Chosen","floor":18,"turns":4},{"damage":2,"enemies":"Shell Parasite","floor":21,"turns":2},{"damage":18,"enemies":"Snecko","floor":22,"turns":4},{"damage":41,"enemies":"Gremlin Leader","floor":24,"turns":6},{"damage":23,"enemies":"Slavers","floor":27,"turns":3},{"damage":103,"enemies":"Automaton","floor":33,"turns":10}],"seed_played":"3937384597953877995","potions_obtained":[{"floor":1,"key":"FearPotion"},{"floor":11,"key":"LiquidBronze"},{"floor":12,"key":"Swift Potion"},{"floor":16,"key":"GamblersBrew"},{"floor":24,"key":"FairyPotion"}],"is_trial":false,"path_per_floor":["M","$","?","?","T","R","E","R","T","M","E","M","R","M","R","B",null,"M","?","$","M","M","R","E","?","T","E","R","$","R","?","R"],"character_chosen":"DEFECT","items_purchased":["Self Repair","ClockworkSouvenir","Tempest","Lantern"],"campfire_rested":2,"item_purchase_floors":[2,20,20,20],"current_hp_per_floor":[75,75,75,57,57,57,44,66,66,66,54,64,64,74,74,47,75,75,75,75,75,72,72,46,40,45,37,37,37,37,37,59,0],"gold":57,"neow_bonus":"","is_prod":false,"is_daily":false,"chose_seed":false,"campfire_upgraded":6,"win_rate":0,"timestamp":1531280863,"path_taken":["M","$","?","?","?","R","E","R","T","M","E","M","R","?","R","BOSS","M","?","$","M","M","R","E","?","T","E","R","?","R","?","R","BOSS"],"build_version":"2018-07-05","purchased_purges":1,"victory":false,"max_hp_per_floor":[75,75,75,75,75,75,75,75,75,75,75,75,75,75,75,75,75,75,75,75,75,75,75,75,75,75,75,75,75,75,75,75,75],"card_choices":[{"not_picked":["Undo","Sweeping Beam"],"picked":"Redo","floor":1},{"not_picked":["FTL","Reprogram"],"picked":"Melter","floor":7},{"not_picked":["Hologram","Ball Lightning"],"picked":"Genetic Algorithm","floor":10},{"not_picked":["Conserve Battery","Rip and Tear","Cold Snap"],"picked":"SKIP","floor":11},{"not_picked":["Ball Lightning","Leap","Steam"],"picked":"SKIP","floor":12},{"not_picked":["Barrage","Ball Lightning"],"picked":"Doom and Gloom","floor":14},{"not_picked":["Core Surge","Amplify"],"picked":"Reboot","floor":16},{"not_picked":["Barrage+1","Leap+1"],"picked":"Rebound+1","floor":18},{"not_picked":["Gash","Beam Cell","Go for the Eyes"],"picked":"SKIP","floor":21},{"not_picked":["Coolheaded","Rip and Tear"],"picked":"Ball Lightning+1","floor":22},{"not_picked":["Beam Cell","Heatsinks","Hologram"],"picked":"SKIP","floor":24},{"not_picked":["Hologram","Steam Power+1"],"picked":"Stack","floor":27}],"player_experience":621566,"relics_obtained":[{"floor":5,"key":"Vajra"},{"floor":7,"key":"War Paint"},{"floor":9,"key":"Happy Flower"},{"floor":11,"key":"Ginger"},{"floor":24,"key":"Pantograph"},{"floor":26,"key":"Potion Belt"},{"floor":27,"key":"Unceasing Top"}],"event_choices":[{"event_name":"Upgrade Shrine","player_choice":"Upgraded","floor":3,"damage_taken":0},{"event_name":"Golden Idol","player_choice":"Take Damage","floor":4,"damage_taken":0},{"event_name":"Forgotten Altar","player_choice":"Gave Idol","floor":19,"damage_taken":0},{"event_name":"Nest","player_choice":"Joined the Cult","floor":25,"damage_taken":0},{"event_name":"Ghosts","player_choice":"Ignored","floor":31,"damage_taken":0}],"boss_relics":[{"not_picked":["Empty Cage","White Beast Statue"],"picked":"Nuclear Battery"}],"items_purged_floors":[29],"is_endless":false,"potions_floor_spawned":[1,11,12,16,24],"killed_by":"Automaton","ascension_level":2}