{"gold_per_floor":[110,130,142,142,142,142,173,173,197,218,218,234,234,258,258,379,379,403,419,30,74,93,93,126,126,126,126,149,149,173,191,191,314,314,339,105,118,143,168,203,203,536,536,567,567,584,584,638,638,638,638,638,2,34,34],"floor_reached":56,"playtime":3185,"items_purged":[],"score":1254,"play_id":"a22971f0-bef7-4763-8e88-39ab4251c996","local_time":"20190724221123","is_ascension_mode":false,"campfire_choices":[{"floor":8.0,"key":"REST"},{"floor":11.0,"key":"REST"},{"data":"Shockwave","floor":13.0,"key":"SMITH"},{"data":"Flex","floor":15.0,"key":"SMITH"},{"data":"Armaments","floor":23.0,"key":"SMITH"},{"floor":25.0,"key":"RECALL"},{"data":"Demon Form","floor":27.0,"key":"SMITH"},{"floor":32.0,"key":"REST"},{"data":"Whirlwind","floor":41,"key":"SMITH"},{"data":"Impervious","floor":45,"key":"SMITH"},{"data":"Perfected Strike","floor":47,"key":"SMITH"},{"data":"Disarm","floor":49,"key":"SMITH"},{"data":"Spot Weakness","floor":52,"key":"SMITH"}],"neow_cost":"NONE","seed_source_timestamp":0,"circlet_count":0,"master_deck":["Strike_R","Strike_R","Strike_R","Strike_R+1","Strike_R+1","Defend_R","Defend_R","Defend_R","Bash","Flex+1","Shockwave+1","Shrug It Off","Disarm+1","Feed","Spot Weakness+1","Perfected Strike+1","Metallicize+1","Armaments+1","Demon Form+1","Heavy Blade+1","Necronomicurse","Whirlwind+1","Impervious+1","Shrug It Off+1","Berserk+1","Perfected Strike+1","Clothesline+1","Reaper+1"],"special_seed":0,"relics":["Burning Blood","Juzu Bracelet","Snecko Eye","Lantern","Singing Bowl","Red Mask","Bottled Lightning","The Courier","Necronomicon","Philosopher\u0027s Stone","FossilizedHelix","Frozen Egg 2","Bottled Flame","Molten Egg 2","Torii","Bronze Scales","Shuriken","Kunai","Centennial Puzzle","Art of War"],"potions_floor_usage":[35,39,55,55,55],"damage_taken":[{"damage":11.0,"enemies":"Jaw Worm","floor":1.0,"turns":2.0},{"damage":7.0,"enemies":"2 Louse","floor":2.0,"turns":3.0},{"damage":1.0,"enemies":"Cultist","floor":3.0,"turns":3.0},{"damage":39.0,"enemies":"Lagavulin","floor":7.0,"turns":6.0},{"damage":14.0,"enemies":"2 Fungi Beasts","floor":10.0,"turns":4.0},{"damage":14.0,"enemies":"Blue Slaver","floor":12.0,"turns":3.0},{"damage":9.0,"enemies":"Exordium Wildlife","floor":14.0,"turns":4.0},{"damage":13.0,"enemies":"Hexaghost","floor":16.0,"turns":10.0},{"damage":27.0,"enemies":"Spheric Guardian","floor":18.0,"turns":4.0},{"damage":10.0,"enemies":"Shell Parasite","floor":19.0,"turns":4.0},{"damage":4.0,"enemies":"Masked Bandits","floor":21.0,"turns":4.0},{"damage":16.0,"enemies":"Centurion and Healer","floor":22.0,"turns":5.0},{"damage":11.0,"enemies":"Book of Stabbing","floor":24.0,"turns":4.0},{"damage":17.0,"enemies":"Snake Plant","floor":28.0,"turns":3.0},{"damage":1.0,"enemies":"Chosen and Byrds","floor":30.0,"turns":4.0},{"damage":13.0,"enemies":"Sentry and Sphere","floor":31.0,"turns":5.0},{"damage":57.0,"enemies":"Automaton","floor":33.0,"turns":9.0},{"damage":6,"enemies":"3 Shapes","floor":35,"turns":3},{"damage":0,"enemies":"3 Darklings","floor":37,"turns":2},{"damage":9,"enemies":"Writhing Mass","floor":38,"turns":4},{"damage":0,"enemies":"Maw","floor":39,"turns":5},{"damage":5,"enemies":"Giant Head","floor":40,"turns":5},{"damage":10,"enemies":"Reptomancer","floor":44,"turns":4},{"damage":0,"enemies":"3 Darklings","floor":46,"turns":1},{"damage":8,"enemies":"2 Orb Walkers","floor":48,"turns":3},{"damage":20,"enemies":"Donu and Deca","floor":50,"turns":4},{"damage":16,"enemies":"Shield and Spear","floor":54,"turns":4},{"damage":89,"enemies":"The Heart","floor":55,"turns":8}],"seed_played":"-369758327834922003","potions_obtained":[{"floor":0.0,"key":"SneckoOil"},{"floor":0.0,"key":"Swift Potion"},{"floor":0.0,"key":"EssenceOfSteel"},{"floor":10.0,"key":"PowerPotion"},{"floor":19.0,"key":"Strength Potion"},{"floor":24.0,"key":"Energy Potion"},{"floor":28.0,"key":"Weak Potion"},{"floor":30.0,"key":"Block Potion"},{"floor":35,"key":"Strength Potion"},{"floor":38,"key":"Ancient Potion"},{"floor":48,"key":"Explosive Potion"}],"is_trial":false,"path_per_floor":["M","M","M","?","?","?","E","R","T","M","R","M","R","M","R","B",null,"M","M","$","?","M","R","E","R","T","R","M","?","M","M","R","B",null,"M","$","M","M","M","E","R","?","T","E","R","M","R","?","R","B",null,"R","$","E","B",null],"character_chosen":"IRONCLAD","items_purchased":["Lantern","Singing Bowl","FossilizedHelix","Bronze Scales","Shuriken","Kunai","Centennial Puzzle"],"campfire_rested":3,"item_purchase_floors":[20,20,36,53,53,53,53],"current_hp_per_floor":[75,74,79,59,43,43,10,34,34,26,50,42,42,39,39,32,80,59,58,58,63,56,56,51,51,51,51,44,28,37,35,65,17,105,107,107,107,106,114,116,116,116,116,112,112,116,116,117,117,103,119,119,119,109,70],"gold":34,"neow_bonus":"THREE_SMALL_POTIONS","is_prod":false,"is_daily":false,"chose_seed":false,"campfire_upgraded":9,"win_rate":0,"timestamp":1564020683,"path_taken":["M","M","M","?","?","?","E","R","T","M","R","M","R","M","R","BOSS","M","M","$","?","M","R","E","R","T","R","M","?","M","M","R","BOSS","M","$","M","M","M","E","R","?","T","E","R","M","R","?","R","BOSS","R","$","E","BOSS"],"build_version":"2019-07-17","purchased_purges":0,"victory":true,"max_hp_per_floor":[80,80,80,80,80,80,80,80,80,80,80,80,80,80,80,80,80,80,83,83,86,89,89,89,89,89,89,93,93,97,102,102,105,105,107,107,107,109,114,116,116,116,116,116,116,116,116,119,119,119,119,119,119,119,119],"card_choices":[{"not_picked":["True Grit","Cleave","Havoc"],"picked":"SKIP","floor":1.0},{"not_picked":["Blood for Blood","Clash","Power Through"],"picked":"SKIP","floor":2.0},{"not_picked":["Iron Wave","Sword Boomerang"],"picked":"Flex","floor":3.0},{"not_picked":["Fiend Fire","Wild Strike","Cleave"],"picked":"SKIP","floor":7.0},{"not_picked":["Ghostly Armor","Heavy Blade","Sword Boomerang"],"picked":"SKIP","floor":10.0},{"not_picked":["Rampage","Clothesline"],"picked":"Shrug It Off","floor":12.0},{"not_picked":["True Grit","Sword Boomerang"],"picked":"Disarm","floor":14.0},{"not_picked":["Barricade","Berserk"],"picked":"Feed","floor":16.0},{"not_picked":["Disarm","Anger"],"picked":"Spot Weakness","floor":18.0},{"not_picked":["Warcry","Ghostly Armor"],"picked":"Perfected Strike","floor":19.0},{"not_picked":["Clash","Anger+1"],"picked":"Metallicize+1","floor":21.0},{"not_picked":["Evolve","Corruption"],"picked":"Armaments","floor":22.0},{"not_picked":["Reckless Charge","Sword Boomerang"],"picked":"Demon Form","floor":24.0},{"not_picked":["Warcry","Intimidate"],"picked":"Heavy Blade+1","floor":28.0},{"not_picked":["Pommel Strike","Body Slam"],"picked":"Whirlwind","floor":30.0},{"not_picked":["Spot Weakness","Blood for Blood","Thunderclap"],"picked":"Singing Bowl","floor":31.0},{"not_picked":["Immolate","Juggernaut"],"picked":"Impervious","floor":33.0},{"not_picked":["Perfected Strike","Evolve","Wild Strike+1"],"picked":"Singing Bowl","floor":35},{"not_picked":["Body Slam+1","Havoc+1"],"picked":"Shrug It Off+1","floor":37},{"not_picked":["Body Slam","Havoc+1","Combust+1"],"picked":"Singing Bowl","floor":38},{"not_picked":["Havoc+1","Fire Breathing+1","Perfected Strike"],"picked":"Singing Bowl","floor":39},{"not_picked":["Headbutt","Perfected Strike","Evolve"],"picked":"Singing Bowl","floor":40},{"not_picked":["Clash+1","Infernal Blade+1"],"picked":"Berserk+1","floor":44},{"not_picked":["True Grit","Clothesline+1"],"picked":"Perfected Strike+1","floor":46},{"not_picked":["Warcry+1","Pommel Strike+1"],"picked":"Clothesline+1","floor":48},{"not_picked":["Clash+1","Body Slam+1"],"picked":"Reaper+1","floor":54}],"player_experience":468682,"relics_obtained":[{"floor":7.0,"key":"Juzu Bracelet"},{"floor":21.0,"key":"Red Mask"},{"floor":24.0,"key":"Bottled Lightning"},{"floor":26.0,"key":"The Courier"},{"floor":29.0,"key":"Necronomicon"},{"floor":40,"key":"Frozen Egg 2"},{"floor":43,"key":"Bottled Flame"},{"floor":44,"key":"Molten Egg 2"},{"floor":48,"key":"Torii"},{"floor":54,"key":"Art of War"}],"event_choices":[{"damage_healed":0.0,"max_hp_gain":0.0,"max_hp_loss":0.0,"gold_gain":0.0,"event_name":"Golden Idol","player_choice":"Take Damage","floor":4.0,"gold_loss":0.0,"damage_taken":20.0,"relics_obtained":["Golden Idol"]},{"damage_healed":0.0,"max_hp_gain":0.0,"max_hp_loss":0.0,"gold_gain":0.0,"event_name":"Shining Light","player_choice":"Entered Light","floor":5.0,"gold_loss":0.0,"damage_taken":16.0,"cards_upgraded":["Strike_R","Strike_R"]},{"damage_healed":0.0,"max_hp_gain":0.0,"max_hp_loss":0.0,"gold_gain":0.0,"cards_transformed":["Defend_R"],"event_name":"Transmorgrifier","player_choice":"Transformed","floor":6.0,"gold_loss":0.0,"damage_taken":0.0,"cards_obtained":["Shockwave"]},{"damage_healed":0.0,"max_hp_gain":0.0,"max_hp_loss":0.0,"gold_gain":0.0,"event_name":"Masked Bandits","player_choice":"Fought Bandits","floor":21.0,"gold_loss":0.0,"damage_taken":0.0},{"damage_healed":0.0,"max_hp_gain":0.0,"max_hp_loss":0.0,"gold_gain":0.0,"event_name":"Cursed Tome","player_choice":"Obtained Book","floor":29.0,"gold_loss":0.0,"damage_taken":16.0},{"damage_healed":0,"gold_gain":333,"player_choice":"Gave Idol","damage_taken":0,"max_hp_gain":0,"max_hp_loss":0,"event_name":"The Moai Head","floor":42,"relics_lost":["Golden Idol"],"gold_loss":0},{"damage_healed":0,"gold_gain":0,"player_choice":"Fight","damage_taken":0,"max_hp_gain":0,"max_hp_loss":0,"event_name":"Mysterious Sphere","floor":48,"gold_loss":0}],"is_beta":false,"boss_relics":[{"not_picked":["Ectoplasm","Coffee Dripper"],"picked":"Snecko Eye"},{"not_picked":["Empty Cage","Black Blood"],"picked":"Philosopher\u0027s Stone"}],"items_purged_floors":[],"is_endless":false,"potions_floor_spawned":[1,10,19,24,28,30,35,38,48],"ascension_level":0}