{"gold_per_floor":[117,134,45,63,75,105,105,105,131,144,174,193,193,208,208,305,305,315,62,62,62,62,62,79,79,79,79,34,52,64,89,89,89],"floor_reached":33,"playtime":3545,"items_purged":["Normality"],"score":277,"play_id":"8036b43f-d79f-4b40-ad2c-14ff0cd80b0d","local_time":"20190812121907","is_ascension_mode":false,"campfire_choices":[{"data":"Perfected Strike","floor":8,"key":"SMITH"},{"data":"Infernal Blade","floor":13,"key":"SMITH"},{"data":"Flex","floor":15,"key":"SMITH"},{"floor":23,"key":"REST"},{"floor":25,"key":"REST"},{"data":"Sword Boomerang","floor":27,"key":"SMITH"},{"floor":32,"key":"REST"}],"neow_cost":"","seed_source_timestamp":241961278464300,"circlet_count":0,"master_deck":["Strike_R+1","Strike_R+1","Strike_R+1","Strike_R+1","Strike_R+1","Defend_R+1","Defend_R+1","Defend_R+1","Defend_R+1","Bash","Headbutt","Inflame","Fire Breathing","Flex+1","Perfected Strike+1","Twin Strike","Infernal Blade+1","Parasite","Twin Strike","Twin Strike","Seeing Red","Combust","Juggernaut","Decay","Shame","Pummel","Body Slam","Sword Boomerang+1","Armaments","Pommel Strike+1","Shrug It Off+1","Perfected Strike"],"relics":["Burning Blood","Potion Belt","Bag of Marbles","Blood Vial","Calling Bell","Boot","Mercury Hourglass","Unceasing Top","Orichalcum","Enchiridion","Centennial Puzzle","Mummified Hand"],"potions_floor_usage":[11,14,16,16,24,29,31,33,33,33,33],"damage_taken":[{"damage":3,"enemies":"Small Slimes","floor":1,"turns":3},{"damage":13,"enemies":"2 Louse","floor":2,"turns":3},{"damage":1,"enemies":"Jaw Worm","floor":4,"turns":3},{"damage":11,"enemies":"2 Fungi Beasts","floor":5,"turns":4},{"damage":18,"enemies":"Gremlin Nob","floor":6,"turns":4},{"damage":10,"enemies":"Looter","floor":10,"turns":2},{"damage":36,"enemies":"Lagavulin","floor":11,"turns":4},{"damage":16,"enemies":"Large Slime","floor":12,"turns":2},{"damage":20,"enemies":"Exordium Thugs","floor":14,"turns":4},{"damage":46,"enemies":"The Guardian","floor":16,"turns":7},{"damage":41,"enemies":"Shell Parasite","floor":18,"turns":5},{"damage":4,"enemies":"Chosen","floor":24,"turns":2},{"damage":28,"enemies":"Snake Plant","floor":29,"turns":3},{"damage":13,"enemies":"Shelled Parasite and Fungi","floor":30,"turns":3},{"damage":37,"enemies":"Book of Stabbing","floor":31,"turns":5},{"damage":67,"enemies":"Champ","floor":33,"turns":9}],"seed_played":"7391379962933351605","potions_obtained":[{"floor":1,"key":"Regen Potion"},{"floor":4,"key":"FearPotion"},{"floor":5,"key":"BloodPotion"},{"floor":12,"key":"Weak Potion"},{"floor":16,"key":"EntropicBrew"},{"floor":29,"key":"Regen Potion"}],"is_trial":false,"path_per_floor":["M","M","$","M","M","E","?","R","T","M","E","M","R","M","R","B",null,"M","$","?","?","?","R","M","R","T","R","$","M","M","E","R","B"],"character_chosen":"IRONCLAD","items_purchased":["Fire Breathing","Flex","Orichalcum","Body Slam","Armaments"],"campfire_rested":3,"item_purchase_floors":[3,3,19,19,28],"current_hp_per_floor":[80,73,73,78,73,61,80,80,80,76,66,58,58,58,58,20,80,45,45,29,29,29,53,57,80,80,80,80,58,53,24,48,0],"gold":89,"neow_bonus":"","is_prod":false,"is_daily":false,"chose_seed":false,"campfire_upgraded":4,"win_rate":0.0,"timestamp":1565605147,"path_taken":["M","M","$","M","M","E","?","R","T","M","E","M","R","M","R","BOSS","M","$","?","?","?","R","M","R","T","R","$","M","?","E","R","BOSS"],"build_version":"2019-07-17","purchased_purges":1,"victory":false,"max_hp_per_floor":[80,80,80,80,80,80,80,80,80,80,80,80,80,80,80,80,80,80,80,80,80,80,80,80,80,80,80,80,80,80,80,80,80],"card_choices":[{"not_picked":["Blood for Blood","Body Slam"],"picked":"Headbutt","floor":1},{"not_picked":["Body Slam","Thunderclap"],"picked":"Inflame","floor":2},{"not_picked":["Flex","Hemokinesis"],"picked":"Perfected Strike","floor":4},{"not_picked":["Clash","Blood for Blood"],"picked":"Twin Strike","floor":5},{"not_picked":["True Grit","Clash"],"picked":"Infernal Blade","floor":6},{"not_picked":["Headbutt","Inflame"],"picked":"Twin Strike","floor":10},{"not_picked":["Intimidate","Clothesline"],"picked":"Twin Strike","floor":11},{"not_picked":["Clash","Uppercut"],"picked":"Seeing Red","floor":12},{"not_picked":["Hemokinesis","Body Slam"],"picked":"Combust","floor":14},{"not_picked":["Feed","Barricade"],"picked":"Juggernaut","floor":16},{"not_picked":["Shrug It Off","Twin Strike"],"picked":"Pummel","floor":18},{"not_picked":["Sever Soul","Clothesline"],"picked":"Sword Boomerang","floor":24},{"not_picked":["Reckless Charge+1","Rupture"],"picked":"Pommel Strike+1","floor":29},{"not_picked":["Body Slam","Seeing Red"],"picked":"Shrug It Off+1","floor":30},{"not_picked":["Ghostly Armor+1","Fire Breathing"],"picked":"Perfected Strike","floor":31}],"player_experience":0,"relics_obtained":[{"floor":6,"key":"Potion Belt"},{"floor":9,"key":"Bag of Marbles"},{"floor":11,"key":"Blood Vial"},{"floor":17,"key":"Boot"},{"floor":17,"key":"Mercury Hourglass"},{"floor":17,"key":"Unceasing Top"},{"floor":20,"key":"Enchiridion"},{"floor":26,"key":"Centennial Puzzle"},{"floor":31,"key":"Mummified Hand"}],"event_choices":[{"damage_healed":20,"gold_gain":0,"player_choice":"Healed and dodged fight","damage_taken":0,"max_hp_gain":0,"max_hp_loss":0,"event_name":"Mushrooms","floor":7,"gold_loss":0,"cards_obtained":["Parasite"]},{"damage_healed":0,"gold_gain":0,"player_choice":"Obtained Book","damage_taken":16,"max_hp_gain":0,"max_hp_loss":0,"event_name":"Cursed Tome","floor":20,"gold_loss":0},{"damage_healed":0,"gold_gain":0,"player_choice":"Ignored","damage_taken":0,"max_hp_gain":0,"max_hp_loss":0,"event_name":"Ghosts","floor":21,"gold_loss":0},{"damage_healed":0,"gold_gain":0,"player_choice":"Simplicity","damage_taken":0,"max_hp_gain":0,"max_hp_loss":0,"event_name":"Back to Basics","floor":22,"gold_loss":0,"cards_upgraded":["Strike_R","Strike_R","Strike_R","Strike_R","Strike_R","Defend_R","Defend_R","Defend_R","Defend_R"]}],"is_beta":false,"boss_relics":[{"not_picked":["Black Blood","Runic Pyramid"],"picked":"Calling Bell"}],"items_purged_floors":[19],"is_endless":false,"potions_floor_spawned":[1,4,5,12,16,24,29],"killed_by":"Champ","ascension_level":0}