{"gold_per_floor":[111,211,101,114,132,161,161,161,161,172,172,192,202,202,202,298,298,315,329,329,93,105,105],"floor_reached":23,"playtime":663,"items_purged":["Defend_R","Defend_R"],"score":193,"play_id":"c090ff9d-3b60-42db-8405-fa1b42cdb13a","local_time":"20181213000404","is_ascension_mode":false,"campfire_choices":[{"data":"Heavy Blade","floor":7,"key":"SMITH"},{"floor":11,"key":"REST"},{"floor":15,"key":"REST"}],"neow_cost":"NONE","seed_source_timestamp":2504020827111922,"circlet_count":0,"master_deck":["Strike_R","Strike_R","Strike_R","Strike_R","Strike_R","Defend_R","Defend_R","Bash","Clash","Inflame","Cleave","Heavy Blade+1","Flex","Perfected Strike","Limit Break","Perfected Strike","Heavy Blade","Madness","Bludgeon"],"relics":["Burning Blood","PreservedInsect","Thread and Needle","Oddly Smooth Stone","Dodecahedron","Matryoshka","Sozu"],"potions_floor_usage":[],"damage_taken":[{"damage":7,"enemies":"2 Louse","floor":1,"turns":2},{"damage":1,"enemies":"Cultist","floor":4,"turns":3},{"damage":6,"enemies":"Jaw Worm","floor":5,"turns":3},{"damage":18,"enemies":"Lagavulin","floor":6,"turns":3},{"damage":16,"enemies":"Exordium Thugs","floor":10,"turns":4},{"damage":4,"enemies":"Lots of Slimes","floor":12,"turns":2},{"damage":0,"enemies":"Looter","floor":13,"turns":3},{"damage":57,"enemies":"The Guardian","floor":16,"turns":8},{"damage":0,"enemies":"Chosen","floor":18,"turns":3},{"damage":13,"enemies":"2 Thieves","floor":19,"turns":3},{"damage":17,"enemies":"Snecko","floor":22,"turns":4},{"damage":61,"enemies":"Slavers","floor":23,"turns":4}],"seed_played":"-1671619800292798643","potions_obtained":[{"floor":1,"key":"SteroidPotion"},{"floor":6,"key":"Swift Potion"}],"is_trial":false,"path_per_floor":["M","?","$","M","M","E","R","?","T","M","R","M","M","T","R","B",null,"M","M","?","$","M","E"],"character_chosen":"IRONCLAD","items_purchased":["Inflame","Bludgeon"],"campfire_rested":2,"item_purchase_floors":[3,21],"current_hp_per_floor":[79,79,79,80,80,68,68,35,35,25,49,51,57,57,80,29,80,80,73,57,57,46,0],"gold":105,"neow_bonus":"RANDOM_COMMON_RELIC","is_prod":false,"is_daily":false,"chose_seed":false,"campfire_upgraded":1,"win_rate":0,"timestamp":1544677444,"path_taken":["M","?","?","M","M","E","R","?","T","M","R","M","M","?","R","BOSS","M","M","?","$","?","E"],"build_version":"2018-12-06","purchased_purges":2,"victory":false,"max_hp_per_floor":[80,80,80,80,80,80,80,80,80,80,80,80,80,80,80,80,80,80,80,80,80,80,80],"card_choices":[{"not_picked":["Bloodletting","Corruption"],"picked":"Clash","floor":1},{"not_picked":["Sword Boomerang","Battle Trance"],"picked":"Cleave","floor":4},{"not_picked":["Headbutt","Wild Strike","Fire Breathing"],"picked":"SKIP","floor":5},{"not_picked":["Headbutt","Sword Boomerang"],"picked":"Heavy Blade","floor":6},{"not_picked":["Inflame","Power Through"],"picked":"Flex","floor":10},{"not_picked":["True Grit","Iron Wave","Dark Embrace"],"picked":"SKIP","floor":12},{"not_picked":["Cleave","Headbutt"],"picked":"Perfected Strike","floor":13},{"not_picked":["Barricade","Impervious"],"picked":"Limit Break","floor":16},{"not_picked":["Whirlwind","Dual Wield"],"picked":"Perfected Strike","floor":18},{"not_picked":["Pummel+1","Iron Wave"],"picked":"Heavy Blade","floor":19},{"not_picked":["Iron Wave","Intimidate","Clothesline"],"picked":"SKIP","floor":22}],"player_experience":212130,"relics_obtained":[{"floor":6,"key":"Thread and Needle"},{"floor":9,"key":"Dodecahedron"},{"floor":14,"key":"Matryoshka"}],"event_choices":[{"damage_healed":0,"gold_gain":100,"player_choice":"Pray","damage_taken":0,"max_hp_gain":0,"max_hp_loss":0,"event_name":"Golden Shrine","floor":2,"gold_loss":0},{"damage_healed":0,"gold_gain":0,"player_choice":"Success","damage_taken":33,"relics_obtained":["Oddly Smooth Stone"],"max_hp_gain":0,"max_hp_loss":0,"event_name":"Scrap Ooze","floor":8,"gold_loss":0},{"damage_healed":0,"gold_gain":0,"player_choice":"CARD ","damage_taken":16,"max_hp_gain":0,"max_hp_loss":0,"event_name":"Knowing Skull","floor":20,"potions_obtained":[],"gold_loss":0,"cards_obtained":["Madness"]}],"is_beta":false,"boss_relics":[{"not_picked":["Ectoplasm","Runic Cube"],"picked":"Sozu"}],"items_purged_floors":[3,21],"is_endless":false,"potions_floor_spawned":[1,6,18],"killed_by":"Slavers","ascension_level":0}