{"gold_per_floor":[116,116,134,149,149,149,166,166,192,218,25,25,44,59,59,158,158,168,182,199,298,315,315,329,329,329,349,349,349],"floor_reached":29,"playtime":3598,"items_purged":[],"score":229,"play_id":"6c92a1ab-41b0-4847-8a71-79f6a2fa0b51","local_time":"20190914011635","is_ascension_mode":false,"campfire_choices":[{"data":"Unraveling","floor":6.0,"key":"SMITH"},{"floor":8.0,"key":"REST"},{"floor":15.0,"key":"REST"},{"floor":23,"key":"REST"},{"floor":25,"key":"REST"},{"floor":28,"key":"REST"}],"neow_cost":"NONE","seed_source_timestamp":86636391068300,"circlet_count":0,"master_deck":["Strike_P","Strike_P","Strike_P","Strike_P","Defend_P","Defend_P","Defend_P","Defend_P","Vigilance","Impatience","EmptyBody","FearNoEvil","Unraveling+1","EmptyFist","Perseverance","Vault+1","EmptyMind","CleanseEvil","Nirvana","SignatureMove","Devotion+1","EmptyBody+1","Meditate","Shame"],"special_seed":0,"relics":["PureWater","Bag of Marbles","Blood Vial","Mummified Hand","Cursed Key","Potion Belt"],"potions_floor_usage":[16,16,22,22],"damage_taken":[{"damage":8.0,"enemies":"Cultist","floor":1.0,"turns":6.0},{"damage":8.0,"enemies":"Jaw Worm","floor":3.0,"turns":8.0},{"damage":0.0,"enemies":"2 Louse","floor":4.0,"turns":3.0},{"damage":14.0,"enemies":"Exordium Wildlife","floor":7.0,"turns":7.0},{"damage":48.0,"enemies":"Gremlin Nob","floor":10.0,"turns":5.0},{"damage":0.0,"enemies":"Large Slime","floor":13.0,"turns":7.0},{"damage":1.0,"enemies":"Looter","floor":14.0,"turns":3.0},{"damage":25,"enemies":"Slime Boss","floor":16,"turns":14},{"damage":5,"enemies":"3 Byrds","floor":18,"turns":5},{"damage":12,"enemies":"Chosen","floor":19,"turns":5},{"damage":4,"enemies":"Snecko","floor":20,"turns":4},{"damage":22,"enemies":"Cultist and Chosen","floor":22,"turns":6},{"damage":20,"enemies":"Centurion and Healer","floor":24,"turns":6},{"damage":17,"enemies":"Snake Plant","floor":27,"turns":4},{"damage":58,"enemies":"Gremlin Leader","floor":29,"turns":7}],"seed_played":"-1758343995655311260","potions_obtained":[{"floor":3.0,"key":"LiquidBronze"},{"floor":10.0,"key":"Weak Potion"},{"floor":13.0,"key":"StancePotion"},{"floor":16,"key":"PowerPotion"},{"floor":18,"key":"PowerPotion"},{"floor":22,"key":"SmokeBomb"}],"is_trial":false,"path_per_floor":["M","T","M","M","?","R","M","R","T","E","$","?","M","M","R","B",null,"M","M","M","?","M","R","M","R","T","M","R","E"],"character_chosen":"WATCHER","items_purchased":["Vault","EmptyMind"],"campfire_rested":5,"item_purchase_floors":[11,11],"current_hp_per_floor":[57,57,49,49,49,49,35,54,54,8,8,8,10,11,30,7,65,60,50,48,48,28,47,29,48,48,33,52,0],"gold":349,"neow_bonus":"RANDOM_COLORLESS","is_prod":false,"is_daily":false,"chose_seed":false,"campfire_upgraded":1,"win_rate":0,"timestamp":1568438195,"path_taken":["M","?","M","M","?","R","?","R","T","E","?","?","M","?","R","BOSS","M","M","M","?","M","R","M","R","T","M","R","E"],"build_version":"2019-09-12","purchased_purges":0,"victory":false,"max_hp_per_floor":[65,65,65,65,65,65,65,65,65,65,65,65,65,65,65,65,65,65,65,65,65,65,65,65,65,65,65,65,65],"card_choices":[{"not_picked":["Halt","FollowUp"],"picked":"EmptyBody","floor":1.0},{"not_picked":["Sanctity","Consecrate","Halt"],"picked":"SKIP","floor":3.0},{"not_picked":["BowlingBash","ThirdEye"],"picked":"FearNoEvil","floor":4.0},{"not_picked":["Sanctity","Collect"],"picked":"EmptyFist","floor":7.0},{"not_picked":["JustLucky","CrushJoints"],"picked":"Perseverance","floor":10.0},{"not_picked":["Crescendo","Halt"],"picked":"CleanseEvil","floor":13.0},{"not_picked":["CrushJoints","FlyingSleeves"],"picked":"Nirvana","floor":14.0},{"not_picked":["FlowState","Blasphemy"],"picked":"SignatureMove","floor":16},{"not_picked":["Collect+1","Meditate"],"picked":"Devotion+1","floor":18},{"not_picked":["Consecrate","FollowUp","Devotion"],"picked":"SKIP","floor":19},{"not_picked":["CleanseEvil+1","EmptyFist"],"picked":"EmptyBody+1","floor":20},{"not_picked":["Consecrate","Weave"],"picked":"Meditate","floor":22},{"not_picked":["BowlingBash","EmptyBody","FlyingSleeves"],"picked":"SKIP","floor":24},{"not_picked":["Nirvana","SandsOfTime","Evaluate"],"picked":"SKIP","floor":27}],"player_experience":614003,"relics_obtained":[{"floor":2.0,"key":"Bag of Marbles"},{"floor":9.0,"key":"Blood Vial"},{"floor":10.0,"key":"Mummified Hand"},{"floor":26,"key":"Potion Belt"}],"event_choices":[{"damage_healed":0.0,"max_hp_gain":0.0,"max_hp_loss":0.0,"gold_gain":0.0,"cards_transformed":["Eruption"],"event_name":"Transmorgrifier","player_choice":"Transformed","floor":5.0,"gold_loss":0.0,"damage_taken":0.0,"cards_obtained":["Unraveling"]},{"damage_healed":0.0,"max_hp_gain":0.0,"max_hp_loss":0.0,"gold_gain":0.0,"event_name":"Upgrade Shrine","player_choice":"Upgraded","floor":12.0,"gold_loss":0.0,"damage_taken":0.0,"cards_upgraded":["Vault"]},{"damage_healed":0,"gold_gain":99,"player_choice":"Stole From Cult","damage_taken":0,"max_hp_gain":0,"max_hp_loss":0,"event_name":"Nest","floor":21,"gold_loss":0}],"is_beta":true,"boss_relics":[{"not_picked":["Black Star","Tiny House"],"picked":"Cursed Key"}],"items_purged_floors":[],"is_endless":false,"potions_floor_spawned":[3,10,13,16,18,22],"killed_by":"Gremlin Leader","ascension_level":0}