{"gold_per_floor":[112,37,50,50,75,75,75,75,75,94,158,178,178,192,192,322,322,247,266,266],"floor_reached":20,"playtime":941,"items_purged":["Strike_R"],"score":164,"play_id":"bd8d2aaf-1c23-4464-81c2-7c36a4e8045c","local_time":"20180729214642","is_ascension_mode":false,"campfire_choices":[{"data":"Shrug It Off","floor":6,"key":"SMITH"},{"data":"Flex","floor":8,"key":"SMITH"},{"floor":13,"key":"REST"},{"floor":15,"key":"REST"}],"neow_cost":"NONE","seed_source_timestamp":355270914678772,"circlet_count":0,"master_deck":["Strike_R","Strike_R","Strike_R","Strike_R","Defend_R","Defend_R+1","Defend_R","Defend_R","Bash","Flex+1","Inflame","Shrug It Off+1","Shrug It Off+1","Reaper","Spot Weakness"],"relics":["Black Blood","Golden Idol","Bottled Lightning","War Paint"],"potions_floor_usage":[11,16,16,20,20],"damage_taken":[{"damage":1,"enemies":"Cultist","floor":1,"turns":3},{"damage":1,"enemies":"Jaw Worm","floor":3,"turns":3},{"damage":2,"enemies":"2 Louse","floor":5,"turns":3},{"damage":5,"enemies":"Looter","floor":10,"turns":4},{"damage":36,"enemies":"3 Sentries","floor":11,"turns":13},{"damage":3,"enemies":"Blue Slaver","floor":12,"turns":5},{"damage":12,"enemies":"2 Fungi Beasts","floor":14,"turns":4},{"damage":29,"enemies":"The Guardian","floor":16,"turns":13},{"damage":28,"enemies":"2 Thieves","floor":18,"turns":5},{"damage":37,"enemies":"Chosen","floor":19,"turns":5},{"damage":63,"enemies":"Sentry and Sphere","floor":20,"turns":7}],"seed_played":"4342323794283792935","potions_obtained":[{"floor":1,"key":"FearPotion"},{"floor":3,"key":"Dexterity Potion"},{"floor":10,"key":"GamblersBrew"},{"floor":11,"key":"BloodPotion"},{"floor":16,"key":"FearPotion"}],"is_trial":false,"path_per_floor":["M","$","M","?","M","R","$","R","T","M","?","M","R","M","R","B",null,"M","M"],"character_chosen":"IRONCLAD","items_purchased":[],"campfire_rested":2,"item_purchase_floors":[],"current_hp_per_floor":[80,80,80,60,64,64,64,64,64,65,35,38,62,56,80,57,80,74,53,0],"gold":266,"neow_bonus":"THREE_CARDS","is_prod":false,"is_daily":false,"chose_seed":false,"campfire_upgraded":2,"win_rate":0,"timestamp":1532915202,"path_taken":["M","$","M","?","M","R","?","R","T","M","?","M","R","M","R","BOSS","M","M","?"],"build_version":"2018-07-26","purchased_purges":1,"victory":false,"max_hp_per_floor":[80,80,80,80,80,80,80,80,80,80,80,80,80,80,80,80,80,80,80,80],"card_choices":[{"not_picked":["Clothesline","Pommel Strike"],"picked":"Flex","floor":0},{"not_picked":["Wild Strike","Iron Wave"],"picked":"Inflame","floor":1},{"not_picked":["True Grit","Metallicize","Searing Blow"],"picked":"SKIP","floor":3},{"not_picked":["Burning Pact","Hemokinesis"],"picked":"Shrug It Off","floor":5},{"not_picked":["Cleave","Armaments"],"picked":"Shrug It Off","floor":10},{"not_picked":["Ghostly Armor","True Grit","Dual Wield"],"picked":"SKIP","floor":12},{"not_picked":["Havoc","Shockwave","Clothesline"],"picked":"SKIP","floor":14},{"not_picked":["Offering","Fiend Fire"],"picked":"Reaper","floor":16},{"not_picked":["Flame Barrier+1","Iron Wave","Pummel"],"picked":"SKIP","floor":18},{"not_picked":["Perfected Strike","Shockwave"],"picked":"Spot Weakness","floor":19}],"player_experience":75326,"relics_obtained":[{"floor":9,"key":"Bottled Lightning"},{"floor":11,"key":"War Paint"}],"event_choices":[{"event_name":"Golden Idol","player_choice":"Take Damage","floor":4,"damage_taken":0},{"event_name":"Dead Adventurer","player_choice":"Searched \u00272\u0027 times","floor":11,"damage_taken":0}],"is_beta":false,"boss_relics":[{"not_picked":["White Beast Statue","Mark of Pain"],"picked":"Black Blood"}],"items_purged_floors":[2],"is_endless":false,"potions_floor_spawned":[1,3,10,11,16],"killed_by":"Sentry and Sphere","ascension_level":0}