{"gold_per_floor":[109,109,109,184,195,195,228,228,228,243,256,269,269,27,27,106,106,116,33,33,52,102,102],"floor_reached":23,"playtime":1913,"items_purged":[],"score":350,"play_id":"9938de2b-2198-413a-8d94-da10237b78f9","local_time":"20190818144621","is_ascension_mode":true,"campfire_choices":[{"data":"Armaments","floor":6.0,"key":"SMITH"},{"floor":8.0,"key":"REST"},{"data":"True Grit","floor":13.0,"key":"SMITH"},{"floor":15.0,"key":"REST"}],"neow_cost":"NONE","seed_source_timestamp":1761961254703,"circlet_count":0,"master_deck":["AscendersBane","Strike_R","Strike_R","Strike_R","Strike_R","Defend_R","Defend_R","Defend_R","Defend_R","Bash","Panacea","Shrug It Off","Armaments+1","True Grit+1","Cleave","Limit Break","True Grit","Feed","Feel No Pain","Spot Weakness","Shrug It Off"],"special_seed":0,"relics":["Burning Blood","Omamori","Regal Pillow","Bottled Lightning","Coffee Dripper","MutagenicStrength"],"potions_floor_usage":[],"damage_taken":[{"damage":12.0,"enemies":"Small Slimes","floor":1.0,"turns":5.0},{"damage":2.0,"enemies":"2 Louse","floor":5.0,"turns":3.0},{"damage":32.0,"enemies":"Lagavulin","floor":7.0,"turns":10.0},{"damage":8.0,"enemies":"Jaw Worm","floor":10.0,"turns":5.0},{"damage":11.0,"enemies":"Gremlin Gang","floor":11.0,"turns":8.0},{"damage":8.0,"enemies":"Large Slime","floor":12.0,"turns":7.0},{"damage":35.0,"enemies":"The Guardian","floor":16.0,"turns":12.0},{"damage":13.0,"enemies":"Shell Parasite","floor":18.0,"turns":12.0},{"damage":29.0,"enemies":"Spheric Guardian","floor":21.0,"turns":11.0},{"damage":43,"enemies":"Book of Stabbing","floor":23,"turns":5}],"seed_played":"-9222721403590193841","potions_obtained":[{"floor":7.0,"key":"Block Potion"},{"floor":10.0,"key":"SteroidPotion"},{"floor":11.0,"key":"LiquidBronze"},{"floor":16.0,"key":"AttackPotion"},{"floor":18.0,"key":"FearPotion"}],"is_trial":false,"path_per_floor":["M","?","?","?","M","R","E","R","T","M","M","M","R","$","R","B",null,"M","$","?","M","?","E"],"character_chosen":"IRONCLAD","items_purchased":["SteroidPotion","Limit Break","True Grit","Spot Weakness"],"campfire_rested":2,"item_purchase_floors":[14,14,14,19],"current_hp_per_floor":[62,51,44,33,37,37,11,48,48,46,41,39,39,39,75,46,68,61,61,61,42,42,0],"gold":102,"neow_bonus":"RANDOM_COLORLESS","is_prod":false,"is_daily":false,"chose_seed":false,"campfire_upgraded":2,"win_rate":0,"timestamp":1566132381,"path_taken":["M","?","?","?","?","R","E","R","T","M","M","?","R","$","R","BOSS","M","$","?","M","?","E"],"build_version":"2019-07-17","purchased_purges":0,"victory":false,"max_hp_per_floor":[75,75,75,75,75,75,75,75,75,75,75,75,75,75,75,75,75,75,75,75,79,79,79],"card_choices":[{"not_picked":["True Grit","Seeing Red"],"picked":"Shrug It Off","floor":1.0},{"not_picked":["Headbutt","Ghostly Armor"],"picked":"Armaments","floor":5.0},{"not_picked":["Wild Strike","Dropkick","Havoc"],"picked":"SKIP","floor":7.0},{"not_picked":["Heavy Blade","Rage"],"picked":"True Grit","floor":10.0},{"not_picked":["Clash","Anger","Bludgeon"],"picked":"SKIP","floor":11.0},{"not_picked":["Entrench","Sentinel"],"picked":"Cleave","floor":12.0},{"not_picked":["Juggernaut","Reaper"],"picked":"Feed","floor":16.0},{"not_picked":["Armaments","True Grit"],"picked":"Feel No Pain","floor":18.0},{"not_picked":["Clothesline","Inflame"],"picked":"Shrug It Off","floor":21.0}],"player_experience":725609,"relics_obtained":[{"floor":7.0,"key":"Regal Pillow"},{"floor":9.0,"key":"Bottled Lightning"}],"event_choices":[{"damage_healed":0.0,"max_hp_gain":0.0,"max_hp_loss":0.0,"gold_gain":0.0,"event_name":"Scrap Ooze","player_choice":"Success","floor":2.0,"gold_loss":0.0,"damage_taken":11.0,"relics_obtained":["Omamori"]},{"cards_removed":["Strike_R"],"damage_healed":0.0,"max_hp_gain":0.0,"max_hp_loss":0.0,"gold_gain":0.0,"event_name":"Golden Wing","player_choice":"Card Removal","floor":3.0,"gold_loss":0.0,"damage_taken":7.0},{"damage_healed":0.0,"max_hp_gain":0.0,"max_hp_loss":0.0,"gold_gain":75.0,"event_name":"World of Goop","player_choice":"Gather Gold","floor":4.0,"gold_loss":0.0,"damage_taken":11.0},{"damage_healed":0.0,"max_hp_gain":0.0,"max_hp_loss":0.0,"gold_gain":0.0,"event_name":"Drug Dealer","player_choice":"Inject Mutagens","floor":20.0,"gold_loss":0.0,"damage_taken":0.0,"relics_obtained":["MutagenicStrength"]},{"damage_healed":0.0,"max_hp_gain":0.0,"max_hp_loss":0.0,"gold_gain":50.0,"event_name":"Nest","player_choice":"Stole From Cult","floor":22.0,"gold_loss":0.0,"damage_taken":0.0}],"is_beta":false,"boss_relics":[{"not_picked":["Eternal Feather","Runic Cube"],"picked":"Coffee Dripper"}],"items_purged_floors":[],"is_endless":false,"potions_floor_spawned":[7,10,11,16,18],"killed_by":"Book of Stabbing","ascension_level":17}