{"gold_per_floor":[119,138,41,41,41,41,76,92,92,92,92,112,124,143,143,242,242,261,279,279,310,48,67,67,85,110,73,73,89,102,102,102,197,197,210,229,245,260,283,283,283,283,283,283,301,523,22,40,40,40],"floor_reached":51,"playtime":4436,"items_purged":[],"score":626,"play_id":"809457fe-135b-46e1-8e4b-3ff8edbd8aa5","local_time":"20180722165920","is_ascension_mode":false,"campfire_choices":[{"data":"Zap","floor":6,"key":"SMITH"},{"floor":11,"key":"REST"},{"floor":15,"key":"REST"},{"data":"Sunder","floor":24,"key":"SMITH"},{"floor":32,"key":"REST"},{"floor":40,"key":"REST"},{"floor":42,"key":"REST"},{"floor":44,"key":"REST"},{"data":"Consume","floor":49,"key":"SMITH"}],"neow_cost":"NONE","seed_source_timestamp":14665914987309,"circlet_count":0,"master_deck":["Strike_B","Strike_B","Strike_B","Strike_B","Defend_B","Defend_B","Defend_B","Defend_B","Zap+1","Dualcast","Chill","Sunder+1","Conserve Battery","Consume+1","Darkness","Storm+1","Coolheaded","Static Discharge+1","Buffer+1","Darkness+1","Sweeping Beam","Go for the Eyes+1","Loop+1","Defragment+1","Streamline+1","Turbo","Electrodynamics+1","Scrape+1","Stack+1","Loop+1","Madness","Madness","Gash","All For One","FTL+1"],"relics":["Cracked Core","Lantern","Frozen Egg 2","Art of War","Ancient Tea Set","Letter Opener","Sozu","Red Mask","Bottled Flame","Bag of Marbles","Nuclear Battery","Bag of Preparation","Dream Catcher","Thread and Needle","Lee\u0027s Waffle"],"potions_floor_usage":[7,12,16,30],"damage_taken":[{"damage":2,"enemies":"Small Slimes","floor":1,"turns":3},{"damage":6,"enemies":"Jaw Worm","floor":2,"turns":4},{"damage":32,"enemies":"Lagavulin","floor":7,"turns":6},{"damage":6,"enemies":"Cultist","floor":8,"turns":3},{"damage":0,"enemies":"Exordium Wildlife","floor":12,"turns":2},{"damage":7,"enemies":"Blue Slaver","floor":13,"turns":3},{"damage":0,"enemies":"Large Slime","floor":14,"turns":5},{"damage":20,"enemies":"Slime Boss","floor":16,"turns":8},{"damage":0,"enemies":"Spheric Guardian","floor":18,"turns":3},{"damage":1,"enemies":"Shell Parasite","floor":19,"turns":4},{"damage":10,"floor":21,"turns":3},{"damage":2,"enemies":"Cultist and Chosen","floor":23,"turns":5},{"damage":0,"enemies":"Snecko","floor":25,"turns":4},{"damage":0,"enemies":"3 Cultists","floor":29,"turns":4},{"damage":3,"enemies":"Snake Plant","floor":30,"turns":2},{"damage":30,"enemies":"Champ","floor":33,"turns":8},{"damage":5,"enemies":"3 Shapes","floor":35,"turns":2},{"damage":4,"enemies":"Orb Walker","floor":36,"turns":3},{"damage":11,"enemies":"3 Darklings","floor":37,"turns":4},{"damage":44,"enemies":"Spire Growth","floor":38,"turns":4},{"damage":32,"enemies":"Maw","floor":45,"turns":5},{"damage":0,"enemies":"3 Darklings","floor":48,"turns":3},{"damage":38,"enemies":"Awakened One","floor":50,"turns":11}],"seed_played":"3607971411910724004","potions_obtained":[{"floor":2,"key":"Weak Potion"},{"floor":8,"key":"Fire Potion"},{"floor":14,"key":"Strength Potion"},{"floor":16,"key":"Block Potion"}],"is_trial":false,"path_per_floor":["M","M","$","?","?","R","E","M","T","?","R","M","M","M","R","B",null,"M","M","?","?","$","M","R","M","T","$","?","M","M","?","R","B",null,"M","M","M","M","T","R","?","R","T","R","M","?","$","M","R","B"],"character_chosen":"DEFECT","items_purchased":["Sunder","Conserve Battery","Bottled Flame","Defragment+1","Thread and Needle","Lee\u0027s Waffle"],"campfire_rested":6,"item_purchase_floors":[3,3,22,27,47,47],"current_hp_per_floor":[73,67,67,67,64,64,32,26,26,26,48,48,41,41,63,43,75,75,74,74,64,64,62,62,62,62,62,62,62,59,45,69,39,80,75,71,60,16,16,40,30,54,54,78,46,46,87,87,87,49],"gold":40,"neow_bonus":"RANDOM_COMMON_RELIC","is_prod":false,"is_daily":false,"chose_seed":false,"campfire_upgraded":3,"win_rate":0,"timestamp":1532249960,"path_taken":["M","M","$","?","?","R","E","M","T","?","R","M","M","M","R","BOSS","M","?","?","?","$","M","R","?","T","$","?","M","M","?","R","BOSS","M","M","?","M","?","R","?","R","T","R","?","?","$","M","R","BOSS"],"build_version":"2018-07-19v2","purchased_purges":0,"victory":true,"max_hp_per_floor":[75,75,75,75,75,75,75,75,75,75,75,75,75,75,75,75,75,75,75,75,75,75,75,75,75,75,75,75,75,75,80,80,80,80,80,80,80,80,80,80,80,80,80,80,80,80,87,87,87,87],"card_choices":[{"not_picked":["Ball Lightning","Barrage","Compile Driver"],"picked":"SKIP","floor":1},{"not_picked":["Steam Power","Aggregate"],"picked":"Chill","floor":2},{"not_picked":["Lockon","Turbo"],"picked":"Consume","floor":7},{"not_picked":["Recycle","Tempest"],"picked":"Darkness","floor":8},{"not_picked":["White Noise","Cold Snap"],"picked":"Storm+1","floor":12},{"not_picked":["Steam","Force Field"],"picked":"Coolheaded","floor":13},{"not_picked":["Beam Cell","Ball Lightning"],"picked":"Static Discharge+1","floor":14},{"not_picked":["Rainbow","Creative AI+1"],"picked":"Buffer+1","floor":16},{"not_picked":["Coolheaded","Cold Snap","Barrage"],"picked":"SKIP","floor":18},{"not_picked":["Coolheaded","Barrage"],"picked":"Darkness+1","floor":19},{"not_picked":["Recycle","Rebound"],"picked":"Sweeping Beam","floor":21},{"not_picked":["Tempest","Barrage+1"],"picked":"Go for the Eyes+1","floor":23},{"not_picked":["Barrage","Chaos+1"],"picked":"Loop+1","floor":25},{"not_picked":["Coolheaded+1","Hologram+1"],"picked":"Streamline+1","floor":29},{"not_picked":["Coolheaded","Barrage"],"picked":"Turbo","floor":30},{"not_picked":["Amplify","Biased Cognition+1"],"picked":"Electrodynamics+1","floor":33},{"not_picked":["Coolheaded+1","Ball Lightning","Rebound"],"picked":"SKIP","floor":35},{"not_picked":["Beam Cell+1","Turbo+1"],"picked":"Scrape+1","floor":36},{"not_picked":["Darkness","Ball Lightning"],"picked":"Stack+1","floor":37},{"not_picked":["Turbo","Rebound+1"],"picked":"Loop+1","floor":38},{"not_picked":["Steam+1","Tempest+1"],"picked":"Gash","floor":44},{"not_picked":["Reprogram","Double Energy"],"picked":"All For One","floor":45},{"not_picked":["Redo","Compile Driver"],"picked":"FTL+1","floor":48}],"player_experience":803441,"relics_obtained":[{"floor":7,"key":"Ancient Tea Set"},{"floor":9,"key":"Letter Opener"},{"floor":21,"key":"Red Mask"},{"floor":26,"key":"Bag of Marbles"},{"floor":39,"key":"Bag of Preparation"},{"floor":43,"key":"Dream Catcher"}],"event_choices":[{"event_name":"Big Fish","player_choice":"Box","floor":4,"damage_taken":0},{"event_name":"Scrap Ooze","player_choice":"success","floor":5,"damage_taken":3},{"event_name":"Living Wall","player_choice":"Forget","floor":10,"damage_taken":0},{"event_name":"The Lab","player_choice":"Got Potions","floor":20,"damage_taken":0},{"event_name":"Masked Bandits","player_choice":"Fought over 279 gold","floor":21,"damage_taken":0},{"event_name":"Ghosts","player_choice":"Ignored","floor":28,"damage_taken":0},{"event_name":"Forgotten Altar","player_choice":"Shed Blood","floor":31,"damage_taken":0},{"event_name":"Winding Halls","player_choice":"Embrace Madness","floor":41,"damage_taken":0},{"event_name":"Tomb of Lord Red Mask","player_choice":"Wore Mask","floor":46,"damage_taken":0}],"is_beta":false,"boss_relics":[{"not_picked":["Busted Crown","Orrery"],"picked":"Sozu"},{"not_picked":["Snecko Eye","White Beast Statue"],"picked":"Nuclear Battery"}],"items_purged_floors":[],"is_endless":false,"potions_floor_spawned":[2,8,14,16,19,21,30,33,36,37],"ascension_level":0}