{"gold_per_floor":[113,113,129,129,145,178,178,178],"floor_reached":8,"playtime":303,"items_purged":[],"score":64,"play_id":"ce54f516-6c74-426f-88d1-72d4a7d9e01b","local_time":"20190825004144","is_ascension_mode":true,"campfire_choices":[{"data":"Zap","floor":7.0,"key":"SMITH"}],"neow_cost":"NONE","seed_source_timestamp":821720996695400,"circlet_count":0,"master_deck":["Strike_B","Strike_B","Strike_B+1","Defend_B","Defend_B","Defend_B","Defend_B","Zap+1","Dualcast","Loop+1","Conserve Battery","Barrage","Redo"],"special_seed":0,"relics":["Cursed Key","Mummified Hand"],"potions_floor_usage":[8,8],"damage_taken":[{"damage":3.0,"enemies":"2 Louse","floor":1.0,"turns":2.0},{"damage":1.0,"enemies":"Cultist","floor":3.0,"turns":3.0},{"damage":2.0,"enemies":"Jaw Worm","floor":5.0,"turns":4.0},{"damage":11.0,"enemies":"Lagavulin","floor":6.0,"turns":7.0},{"damage":51,"enemies":"Gremlin Nob","floor":8,"turns":4}],"seed_played":"-5953182916646857855","potions_obtained":[{"floor":1.0,"key":"LiquidBronze"},{"floor":3.0,"key":"Dexterity Potion"}],"is_trial":false,"path_per_floor":["M","?","M","?","M","E","R","E"],"character_chosen":"DEFECT","items_purchased":[],"campfire_rested":0,"item_purchase_floors":[],"current_hp_per_floor":[72,72,71,56,54,43,43,0],"gold":178,"neow_bonus":"BOSS_RELIC","is_prod":false,"is_daily":false,"chose_seed":false,"campfire_upgraded":1,"win_rate":0,"timestamp":1566686504,"path_taken":["M","?","?","?","M","E","R","E"],"build_version":"2019-07-17","purchased_purges":0,"victory":false,"max_hp_per_floor":[75,75,75,75,75,75,75,75],"card_choices":[{"not_picked":["BootSequence","Turbo"],"picked":"Loop","floor":1.0},{"not_picked":["Hologram","Darkness"],"picked":"Conserve Battery","floor":3.0},{"not_picked":["Sweeping Beam","Turbo"],"picked":"Barrage","floor":5.0},{"not_picked":["Compile Driver","Skim"],"picked":"Redo","floor":6.0}],"player_experience":195461,"relics_obtained":[{"floor":6.0,"key":"Mummified Hand"}],"event_choices":[{"cards_removed":["Strike_B"],"damage_healed":0.0,"max_hp_gain":0.0,"max_hp_loss":0.0,"gold_gain":0.0,"event_name":"Purifier","player_choice":"Purged","floor":2.0,"gold_loss":0.0,"damage_taken":0.0},{"damage_healed":0.0,"max_hp_gain":0.0,"max_hp_loss":0.0,"gold_gain":0.0,"event_name":"Shining Light","player_choice":"Entered Light","floor":4.0,"gold_loss":0.0,"damage_taken":15.0,"cards_upgraded":["Loop","Strike_B"]}],"is_beta":false,"boss_relics":[],"items_purged_floors":[],"is_endless":false,"potions_floor_spawned":[1,3],"killed_by":"Gremlin Nob","ascension_level":3}