{"gold_per_floor":[412,243,254,267,267,296,16,49,103,103,115,115,142,154,154,230,280,299,330,33,47,47,47],"floor_reached":23,"playtime":1603,"items_purged":["Strike_G"],"score":387,"play_id":"abcba8d0-b908-4395-8b06-8c9a66322ac5","local_time":"20190909235103","is_ascension_mode":true,"campfire_choices":[{"floor":10,"key":"REST"},{"data":"Well Laid Plans","floor":12,"key":"SMITH"},{"floor":15,"key":"REST"}],"neow_cost":"PERCENT_DAMAGE","seed_source_timestamp":360018128524600,"circlet_count":0,"master_deck":["AscendersBane","Strike_G","Strike_G","Strike_G","Defend_G","Defend_G","Defend_G","Defend_G+1","Defend_G","Survivor+1","Neutralize","Sucker Punch","Leg Sweep","Dagger Throw","Poisoned Stab","PiercingWail","Predator","Well Laid Plans+1","Dagger Spray","Corpse Explosion","Adrenaline","PiercingWail","PiercingWail+1","Dodge and Roll","Backflip","Pain"],"relics":["Ring of the Snake","Old Coin","Gremlin Horn","Oddly Smooth Stone","Blood Vial","Happy Flower","Juzu Bracelet","Tiny House","Red Mask","War Paint","WarpedTongs"],"potions_floor_usage":[6,7,8,13,13,19,23],"damage_taken":[{"damage":4,"enemies":"Cultist","floor":1,"turns":5},{"damage":1,"enemies":"2 Louse","floor":3,"turns":2},{"damage":0,"enemies":"Small Slimes","floor":4,"turns":4},{"damage":14,"enemies":"Gremlin Nob","floor":6,"turns":5},{"damage":24,"enemies":"3 Sentries","floor":8,"turns":11},{"damage":0,"enemies":"Exordium Wildlife","floor":11,"turns":3},{"damage":12,"enemies":"Gremlin Nob","floor":13,"turns":3},{"damage":18,"enemies":"Large Slime","floor":14,"turns":4},{"damage":22,"enemies":"The Guardian","floor":16,"turns":14},{"damage":7,"enemies":"2 Thieves","floor":18,"turns":3},{"damage":45,"enemies":"Masked Bandits","floor":19,"turns":4},{"damage":7,"enemies":"Shell Parasite","floor":21,"turns":10},{"damage":13,"enemies":"Slavers","floor":23,"turns":3}],"seed_played":"-8783089875553562106","potions_obtained":[{"floor":3,"key":"GamblersBrew"},{"floor":6,"key":"Fruit Juice"},{"floor":8,"key":"FearPotion"},{"floor":13,"key":"Weak Potion"},{"floor":17,"key":"SmokeBomb"},{"floor":18,"key":"PowerPotion"},{"floor":21,"key":"Poison Potion"}],"is_trial":false,"path_per_floor":["M","$","M","M","?","E","$","E","T","R","M","R","E","M","R","B",null,"M","?","$","M","?","E"],"character_chosen":"THE_SILENT","items_purchased":["Leg Sweep","Dagger Throw","Block Potion","Well Laid Plans","Oddly Smooth Stone","Regen Potion","Dodge and Roll","War Paint"],"campfire_rested":2,"item_purchase_floors":[2,2,2,7,7,7,20,20],"current_hp_per_floor":[40,40,39,39,39,25,30,21,21,42,44,44,34,18,39,19,63,58,15,15,10,10,0],"gold":47,"neow_bonus":"ONE_RARE_RELIC","is_prod":false,"is_daily":false,"chose_seed":false,"campfire_upgraded":1,"win_rate":0,"timestamp":1568098263,"path_taken":["M","$","M","M","?","E","$","E","T","R","?","R","E","M","R","BOSS","M","?","$","M","?","E"],"build_version":"2019-07-17","purchased_purges":1,"victory":false,"max_hp_per_floor":[66,66,66,66,66,66,71,71,71,71,71,71,71,71,71,71,76,76,76,76,76,76,76],"card_choices":[{"not_picked":["Backflip","Flying Knee"],"picked":"Sucker Punch","floor":1},{"not_picked":["Quick Slash","All Out Attack"],"picked":"Poisoned Stab","floor":3},{"not_picked":["Dodge and Roll","Accuracy"],"picked":"PiercingWail","floor":4},{"not_picked":["Corpse Explosion","Riddle With Holes"],"picked":"Predator","floor":6},{"not_picked":["Sucker Punch","All Out Attack","Tactician"],"picked":"SKIP","floor":8},{"not_picked":["Tactician","Dagger Throw"],"picked":"Dagger Spray","floor":11},{"not_picked":["Choke","Flying Knee","Outmaneuver"],"picked":"SKIP","floor":13},{"not_picked":["Backflip","Dagger Spray"],"picked":"Corpse Explosion","floor":14},{"not_picked":["Burst","Corpse Explosion"],"picked":"Adrenaline","floor":16},{"not_picked":["Flying Knee","Prepared"],"picked":"PiercingWail","floor":17},{"not_picked":["Blade Dance","Accuracy","Distraction"],"picked":"SKIP","floor":18},{"not_picked":["Blade Dance","Dagger Spray+1"],"picked":"PiercingWail","floor":19},{"not_picked":["Flying Knee","Prepared"],"picked":"Backflip","floor":21}],"player_experience":864559,"relics_obtained":[{"floor":6,"key":"Gremlin Horn"},{"floor":8,"key":"Blood Vial"},{"floor":9,"key":"Happy Flower"},{"floor":13,"key":"Juzu Bracelet"},{"floor":19,"key":"Red Mask"}],"event_choices":[{"cards_removed":["Strike_G"],"damage_healed":0,"gold_gain":0,"player_choice":"Offered Basic","damage_taken":0,"max_hp_gain":0,"max_hp_loss":0,"event_name":"Bonfire Elementals","floor":5,"gold_loss":0},{"damage_healed":0,"gold_gain":0,"player_choice":"Fought Bandits","damage_taken":0,"max_hp_gain":0,"max_hp_loss":0,"event_name":"Masked Bandits","floor":19,"gold_loss":0},{"damage_healed":0,"gold_gain":0,"player_choice":"Rummage","damage_taken":0,"relics_obtained":["WarpedTongs"],"max_hp_gain":0,"max_hp_loss":0,"event_name":"Accursed Blacksmith","floor":22,"gold_loss":0,"cards_obtained":["Pain"]}],"is_beta":false,"boss_relics":[{"not_picked":["Lizard Tail","Calling Bell"],"picked":"Tiny House"}],"items_purged_floors":[20],"is_endless":false,"potions_floor_spawned":[3,6,8,13,18,21],"killed_by":"Slavers","ascension_level":17}