{"gold_per_floor":[118,138,152,152,171,201,201,230,256,275,238,10,10,21,21,125,175,192,192,219,239,255,255,270,290,316,333,333,333,351,58,58,161,161,173,104,116,338,352,352,380,380,380,380,395,407,9,23,23,23,23,23,23,48,48],"floor_reached":55,"playtime":3734,"items_purged":["Parasite"],"score":688,"play_id":"f18f6116-ec02-4efc-bea9-57238059fc90","local_time":"20190827015454","is_ascension_mode":false,"campfire_choices":[{"floor":7.0,"key":"REST"},{"floor":13.0,"key":"REST"},{"floor":15.0,"key":"REST"},{"floor":23.0,"key":"REST"},{"floor":28.0,"key":"REST"},{"floor":32.0,"key":"REST"},{"floor":40.0,"key":"REST"},{"floor":42.0,"key":"REST"},{"floor":44.0,"key":"RECALL"},{"floor":49.0,"key":"REST"},{"data":"Burst","floor":52.0,"key":"SMITH"}],"neow_cost":"TEN_PERCENT_HP_LOSS","seed_source_timestamp":826917569349900,"circlet_count":0,"master_deck":["Strike_G","Strike_G+1","Defend_G","Defend_G","Defend_G","Defend_G","Survivor","Neutralize","Riddle With Holes","Leg Sweep","Footwork","Dash","Flying Knee","Backflip","Noxious Fumes+1","Deflect","Adrenaline","Dodge and Roll","Bane+1","After Image+1","Deadly Poison+1","Burst+1","Deadly Poison+1","Footwork+1","Noxious Fumes+1","Deflect+1","Malaise","Well Laid Plans+1","Crippling Poison+1","Footwork+1"],"special_seed":0,"relics":["Ring of the Snake","Frozen Egg 2","Ancient Tea Set","Snake Skull","Anchor","Tiny House","Lantern","Red Mask","Bronze Scales","The Specimen","Empty Cage","Mummified Hand","Gambling Chip","Orichalcum"],"potions_floor_usage":[55],"damage_taken":[{"damage":0.0,"enemies":"2 Louse","floor":1.0,"turns":2.0},{"damage":0.0,"enemies":"Cultist","floor":2.0,"turns":4.0},{"damage":1.0,"enemies":"Small Slimes","floor":3.0,"turns":4.0},{"damage":4.0,"enemies":"3 Louse","floor":5.0,"turns":6.0},{"damage":33.0,"enemies":"Gremlin Nob","floor":6.0,"turns":7.0},{"damage":32.0,"enemies":"Lagavulin","floor":8.0,"turns":16.0},{"damage":2.0,"enemies":"Large Slime","floor":10.0,"turns":9.0},{"damage":0.0,"enemies":"Looter","floor":14.0,"turns":2.0},{"damage":15.0,"enemies":"The Guardian","floor":16.0,"turns":11.0},{"damage":0.0,"enemies":"2 Thieves","floor":18.0,"turns":5.0},{"damage":33.0,"enemies":"Masked Bandits","floor":20.0,"turns":7.0},{"damage":2.0,"enemies":"Spheric Guardian","floor":21.0,"turns":6.0},{"damage":17.0,"enemies":"Snecko","floor":22.0,"turns":6.0},{"damage":7.0,"enemies":"Snake Plant","floor":24.0,"turns":6.0},{"damage":6.0,"enemies":"Centurion and Healer","floor":25.0,"turns":7.0},{"damage":18.0,"enemies":"Shelled Parasite and Fungi","floor":27.0,"turns":7.0},{"damage":5.0,"enemies":"Snake Plant","floor":30.0,"turns":5.0},{"damage":46.0,"enemies":"Collector","floor":33.0,"turns":9.0},{"damage":0.0,"enemies":"Orb Walker","floor":35.0,"turns":5.0},{"damage":10.0,"enemies":"3 Shapes","floor":37.0,"turns":6.0},{"damage":34.0,"enemies":"Jaw Worm Horde","floor":39.0,"turns":5.0},{"damage":26.0,"enemies":"Nemesis","floor":41.0,"turns":7.0},{"damage":0.0,"enemies":"Writhing Mass","floor":45.0,"turns":6.0},{"damage":7.0,"enemies":"Maw","floor":46.0,"turns":7.0},{"damage":0.0,"enemies":"Transient","floor":48.0,"turns":5.0},{"damage":30.0,"enemies":"Awakened One","floor":50.0,"turns":14.0},{"damage":18.0,"enemies":"Shield and Spear","floor":54.0,"turns":6.0},{"damage":55,"enemies":"The Heart","floor":55,"turns":11}],"seed_played":"-5782689866520186499","potions_obtained":[{"floor":1.0,"key":"FearPotion"},{"floor":6.0,"key":"Block Potion"},{"floor":8.0,"key":"Block Potion"},{"floor":10.0,"key":"Dexterity Potion"},{"floor":14.0,"key":"Fire Potion"},{"floor":20.0,"key":"Fruit Juice"},{"floor":21.0,"key":"FairyPotion"},{"floor":25.0,"key":"FairyPotion"},{"floor":27.0,"key":"Ancient Potion"},{"floor":33.0,"key":"GamblersBrew"},{"floor":35.0,"key":"Energy Potion"},{"floor":39.0,"key":"SpeedPotion"}],"is_trial":false,"path_per_floor":["M","M","M","?","M","E","R","E","T","M","?","$","R","M","R","B",null,"M","?","?","M","M","R","M","M","T","M","R","?","M","$","R","B",null,"M","$","M","?","M","R","E","R","T","R","M","M","$","M","R","B",null,"R","$","E","B"],"character_chosen":"THE_SILENT","items_purchased":["Noxious Fumes+1","Anchor","The Specimen","Footwork+1","Well Laid Plans+1","Gambling Chip"],"campfire_rested":9,"item_purchase_floors":[12,12,31,36,47,47],"current_hp_per_floor":[63,63,62,62,58,25,43,11,11,9,9,9,27,27,45,30,68,68,68,35,38,21,42,35,29,29,11,32,32,27,27,48,2,73,73,73,63,63,29,50,24,45,45,45,45,38,38,38,59,29,70,70,70,52,0],"gold":48,"neow_bonus":"REMOVE_TWO","is_prod":false,"is_daily":false,"chose_seed":false,"campfire_upgraded":1,"win_rate":0,"timestamp":1566885294,"path_taken":["M","M","M","?","M","E","R","E","T","?","?","$","R","M","R","BOSS","M","?","?","M","M","R","M","M","T","M","R","?","M","?","R","BOSS","M","$","?","?","M","R","E","R","T","R","M","M","$","M","R","BOSS","R","$","E","BOSS"],"build_version":"2019-07-17","purchased_purges":1,"victory":false,"max_hp_per_floor":[63,63,63,63,63,63,63,63,63,63,63,63,63,63,63,63,68,68,68,68,73,73,73,73,73,73,73,73,73,73,73,73,73,73,73,73,73,73,73,73,73,73,73,73,73,73,70,70,70,70,70,70,70,70,70],"card_choices":[{"not_picked":["Deadly Poison","Sucker Punch"],"picked":"Riddle With Holes","floor":1.0},{"not_picked":["Deflect","Choke"],"picked":"Leg Sweep","floor":2.0},{"not_picked":["Catalyst","Cloak And Dagger"],"picked":"Footwork","floor":3.0},{"not_picked":["Dagger Throw","Outmaneuver","Poisoned Stab"],"picked":"SKIP","floor":5.0},{"not_picked":["Distraction","Poisoned Stab"],"picked":"Dash","floor":6.0},{"not_picked":["Choke","Quick Slash"],"picked":"Flying Knee","floor":8.0},{"not_picked":["Malaise","Prepared"],"picked":"Backflip","floor":10.0},{"not_picked":["Quick Slash","Dagger Throw"],"picked":"Deflect","floor":14.0},{"not_picked":["Die Die Die","Tools of the Trade+1"],"picked":"Adrenaline","floor":16.0},{"not_picked":["Prepared","Dagger Throw"],"picked":"Dodge and Roll","floor":17.0},{"not_picked":["Deadly Poison","Blade Dance"],"picked":"Bane+1","floor":18.0},{"not_picked":["Bane","Underhanded Strike","Finisher+1"],"picked":"SKIP","floor":21.0},{"not_picked":["Poisoned Stab","Quick Slash","Predator"],"picked":"SKIP","floor":22.0},{"not_picked":["Dagger Spray","Flying Knee"],"picked":"After Image+1","floor":24.0},{"not_picked":["Prepared","Poisoned Stab","PiercingWail"],"picked":"SKIP","floor":25.0},{"not_picked":["Setup+1","Flying Knee"],"picked":"Deadly Poison+1","floor":27.0},{"not_picked":["Quick Slash","Finisher+1","Masterful Stab"],"picked":"SKIP","floor":30.0},{"not_picked":["Dagger Throw+1","Eviscerate"],"picked":"Deadly Poison+1","floor":35.0},{"not_picked":["Heel Hook+1","Skewer+1"],"picked":"Noxious Fumes+1","floor":37.0},{"not_picked":["Prepared+1","Endless Agony","Acrobatics"],"picked":"SKIP","floor":39.0},{"not_picked":["Dodge and Roll","Slice+1"],"picked":"Deflect+1","floor":41.0},{"not_picked":["Cloak And Dagger+1","Endless Agony+1","Accuracy+1"],"picked":"SKIP","floor":45.0},{"not_picked":["Malaise","Tactician","Prepared"],"picked":"SKIP","floor":46.0},{"not_picked":["Tactician","Prepared"],"picked":"Malaise","floor":46.0},{"not_picked":["Flechettes+1","Backflip"],"picked":"Crippling Poison+1","floor":48.0},{"not_picked":["Storm of Steel","Bane"],"picked":"Footwork+1","floor":54.0}],"player_experience":556373,"relics_obtained":[{"floor":6.0,"key":"Frozen Egg 2"},{"floor":8.0,"key":"Ancient Tea Set"},{"floor":9.0,"key":"Snake Skull"},{"floor":20.0,"key":"Red Mask"},{"floor":26.0,"key":"Bronze Scales"},{"floor":41.0,"key":"Mummified Hand"},{"floor":54.0,"key":"Orichalcum"}],"event_choices":[{"damage_healed":0.0,"max_hp_gain":0.0,"max_hp_loss":0.0,"gold_gain":0.0,"event_name":"NoteForYourself","player_choice":"Ignored","floor":4.0,"gold_loss":0.0,"damage_taken":0.0},{"damage_healed":0.0,"max_hp_gain":0.0,"max_hp_loss":0.0,"gold_gain":0.0,"event_name":"World of Goop","player_choice":"Left Gold","floor":11.0,"gold_loss":37.0,"damage_taken":0.0},{"damage_healed":0.0,"max_hp_gain":0.0,"max_hp_loss":0.0,"gold_gain":0.0,"event_name":"The Mausoleum","player_choice":"Opened","floor":19.0,"gold_loss":0.0,"damage_taken":0.0,"relics_obtained":["Lantern"],"cards_obtained":["Writhe"]},{"damage_healed":0.0,"max_hp_gain":0.0,"max_hp_loss":0.0,"gold_gain":0.0,"event_name":"Masked Bandits","player_choice":"Fought Bandits","floor":20.0,"gold_loss":0.0,"damage_taken":0.0},{"damage_healed":0.0,"max_hp_gain":0.0,"max_hp_loss":0.0,"gold_gain":0.0,"cards_transformed":["Strike_G","Strike_G"],"event_name":"Drug Dealer","player_choice":"Became Test Subject","floor":29.0,"gold_loss":0.0,"damage_taken":0.0,"cards_obtained":["Night Terror","Burst"]},{"damage_healed":0.0,"max_hp_gain":0.0,"max_hp_loss":0.0,"gold_gain":222.0,"event_name":"Tomb of Lord Red Mask","player_choice":"Wore Mask","floor":38.0,"gold_loss":0.0,"damage_taken":0.0}],"is_beta":false,"boss_relics":[{"not_picked":["Fusion Hammer","WristBlade"],"picked":"Tiny House"},{"not_picked":["Runic Pyramid","Lizard Tail"],"picked":"Empty Cage"}],"items_purged_floors":[47],"is_endless":false,"potions_floor_spawned":[1,6,8,10,14,20,21,25,27,30,33,35,39,41,48],"killed_by":"The Heart","ascension_level":0}