{"gold_per_floor":[17,32,32,52,52,52,92,92,92,133,47,60,76,76],"floor_reached":14,"playtime":1103,"items_purged":[],"score":200,"play_id":"6574e35d-de01-4512-8d0e-1a6900e853e5","local_time":"20190909182136","is_ascension_mode":true,"campfire_choices":[{"data":"Seek","floor":6,"key":"SMITH"},{"data":"Hologram","floor":8,"key":"SMITH"}],"neow_cost":"NO_GOLD","seed_source_timestamp":340748408322800,"circlet_count":0,"master_deck":["AscendersBane","Strike_B","Strike_B","Strike_B","Strike_B","Defend_B","Defend_B","Defend_B","Defend_B","Zap+1","Dualcast","Seek+1","Doom and Gloom","Hologram+1","Injury","Go for the Eyes","Defragment","Capacitor","Cold Snap+1","Coolheaded"],"relics":["Cracked Core","Golden Idol","Molten Egg 2","Oddly Smooth Stone","Blue Candle"],"potions_floor_usage":[7,10,14,14],"damage_taken":[{"damage":2,"enemies":"Jaw Worm","floor":1,"turns":3},{"damage":2,"enemies":"2 Louse","floor":2,"turns":2},{"damage":1,"enemies":"Cultist","floor":4,"turns":3},{"damage":15,"enemies":"Lagavulin","floor":7,"turns":5},{"damage":31,"enemies":"3 Sentries","floor":10,"turns":6},{"damage":7,"enemies":"Gremlin Gang","floor":12,"turns":2},{"damage":1,"enemies":"3 Louse","floor":13,"turns":3},{"damage":10,"enemies":"Exordium Wildlife","floor":14,"turns":3}],"seed_played":"7851726776979923163","potions_obtained":[{"floor":2,"key":"FocusPotion"},{"floor":4,"key":"Explosive Potion"},{"floor":10,"key":"Strength Potion"},{"floor":13,"key":"Swift Potion"}],"is_trial":false,"path_per_floor":["M","M","?","M","?","R","E","R","T","E","$","M","M","M"],"character_chosen":"DEFECT","items_purchased":["Capacitor"],"campfire_rested":0,"item_purchase_floors":[11],"current_hp_per_floor":[62,60,60,59,59,59,44,44,44,13,13,6,5,0],"gold":76,"neow_bonus":"THREE_RARE_CARDS","is_prod":false,"is_daily":false,"chose_seed":false,"campfire_upgraded":2,"win_rate":0,"timestamp":1568078496,"path_taken":["M","M","?","M","?","R","E","R","T","E","$","?","M","M"],"build_version":"2019-07-17","purchased_purges":0,"victory":false,"max_hp_per_floor":[71,71,71,71,71,71,71,71,71,71,71,71,71,71],"card_choices":[{"not_picked":["Buffer","Thunder Strike"],"picked":"Seek","floor":0},{"not_picked":["Barrage","Beam Cell"],"picked":"Doom and Gloom","floor":1},{"not_picked":["Aggregate","Streamline"],"picked":"Hologram","floor":2},{"not_picked":["Fusion","Barrage"],"picked":"Go for the Eyes","floor":4},{"not_picked":["Streamline","Rip and Tear","Machine Learning"],"picked":"SKIP","floor":7},{"not_picked":["Aggregate","Ball Lightning+1"],"picked":"Defragment","floor":10},{"not_picked":["Turbo","Redo"],"picked":"Cold Snap+1","floor":12},{"not_picked":["Beam Cell+1","Turbo"],"picked":"Coolheaded","floor":13}],"player_experience":848481,"relics_obtained":[{"floor":7,"key":"Molten Egg 2"},{"floor":9,"key":"Oddly Smooth Stone"},{"floor":10,"key":"Blue Candle"}],"event_choices":[{"damage_healed":0,"gold_gain":0,"player_choice":"Take Wound","damage_taken":0,"relics_obtained":["Golden Idol"],"max_hp_gain":0,"max_hp_loss":0,"event_name":"Golden Idol","floor":3,"gold_loss":0,"cards_obtained":["Injury"]},{"damage_healed":0,"gold_gain":0,"player_choice":"Forge","damage_taken":0,"max_hp_gain":0,"max_hp_loss":0,"event_name":"Accursed Blacksmith","floor":5,"gold_loss":0,"cards_upgraded":["Zap"]}],"is_beta":false,"boss_relics":[],"items_purged_floors":[],"is_endless":false,"potions_floor_spawned":[2,4,10,13],"killed_by":"Exordium Wildlife","ascension_level":20}