{"gold_per_floor":[113,113,132,132,152,152,152,187,187,59,59,26,26,37,37,132,132,143,143,160,260,135,135,169,169,169,169,129,161,161,178,178,278,278,295,306,406,424,438,472,472,288,315,327,327,344,19,19,19,19],"floor_reached":51,"playtime":6946,"items_purged":["Strike_R","Strike_R"],"score":711,"play_id":"de3aa118-29a3-4c16-aa6c-ffd6f518bee7","local_time":"20190615144324","is_ascension_mode":false,"campfire_choices":[{"data":"Bash","floor":6.0,"key":"SMITH"},{"data":"Whirlwind","floor":11.0,"key":"SMITH"},{"floor":13.0,"key":"REST"},{"data":"Dropkick","floor":15.0,"key":"SMITH"},{"floor":23.0,"key":"REST"},{"data":"Demon Form","floor":25.0,"key":"SMITH"},{"floor":27.0,"key":"REST"},{"data":"RitualDagger","floor":32.0,"key":"SMITH"},{"data":"Double Tap","floor":41.0,"key":"SMITH"},{"data":"Flex","floor":45.0,"key":"SMITH"},{"floor":49,"key":"REST"}],"neow_cost":"PERCENT_DAMAGE","seed_source_timestamp":135925385874316,"circlet_count":0,"master_deck":["Strike_R","Strike_R","Strike_R+1","Defend_R","Defend_R","Defend_R+1","Bash+1","Pummel+1","Whirlwind+1","Shrug It Off","Dropkick+1","Demon Form+1","Heavy Blade+1","Flex+1","RitualDagger+1","Double Tap+1","Shrug It Off+1","Entrench","Shrug It Off"],"special_seed":0,"relics":["Burning Blood","Matryoshka","Centennial Puzzle","Mummified Hand","Velvet Choker","Calipers","The Courier","Bag of Marbles","Champion Belt","Happy Flower","Frozen Egg 2","Orichalcum","Runic Dome","Dream Catcher","Bag of Preparation","Lantern","Oddly Smooth Stone"],"potions_floor_usage":[],"damage_taken":[{"damage":2.0,"enemies":"2 Louse","floor":1.0,"turns":3.0},{"damage":0.0,"enemies":"Small Slimes","floor":3.0,"turns":3.0},{"damage":8.0,"enemies":"Jaw Worm","floor":5.0,"turns":3.0},{"damage":20.0,"enemies":"3 Sentries","floor":8.0,"turns":8.0},{"damage":12.0,"enemies":"Exordium Wildlife","floor":14.0,"turns":3.0},{"damage":40.0,"enemies":"Hexaghost","floor":16.0,"turns":12.0},{"damage":10.0,"enemies":"3 Byrds","floor":18.0,"turns":3.0},{"damage":16.0,"enemies":"Shell Parasite","floor":20.0,"turns":3.0},{"damage":20.0,"enemies":"Colosseum Slavers","floor":21.0,"turns":3.0},{"damage":14.0,"enemies":"Colosseum Nobs","floor":21.0,"turns":4.0},{"damage":25.0,"enemies":"Book of Stabbing","floor":24.0,"turns":5.0},{"damage":0.0,"enemies":"Gremlin Leader","floor":29.0,"turns":4.0},{"damage":9.0,"enemies":"Snecko","floor":31.0,"turns":4.0},{"damage":48.0,"enemies":"Champ","floor":33.0,"turns":8.0},{"damage":5.0,"enemies":"3 Shapes","floor":35.0,"turns":4.0},{"damage":0.0,"enemies":"Orb Walker","floor":36.0,"turns":2.0},{"damage":19.0,"enemies":"Writhing Mass","floor":38.0,"turns":4.0},{"damage":12.0,"enemies":"4 Shapes","floor":39.0,"turns":1.0},{"damage":33.0,"enemies":"Nemesis","floor":40.0,"turns":5.0},{"damage":15.0,"enemies":"Spire Growth","floor":44.0,"turns":4.0},{"damage":54,"enemies":"Writhing Mass","floor":46,"turns":4},{"damage":53,"enemies":"Donu and Deca","floor":50,"turns":7}],"seed_played":"-1532846051591963193","potions_obtained":[{"floor":1.0,"key":"GamblersBrew"},{"floor":5.0,"key":"Explosive Potion"},{"floor":14.0,"key":"SkillPotion"},{"floor":21.0,"key":"Weak Potion"},{"floor":24.0,"key":"Fire Potion"},{"floor":29.0,"key":"GamblersBrew"},{"floor":33.0,"key":"Regen Potion"},{"floor":36.0,"key":"Regen Potion"}],"is_trial":false,"path_per_floor":["M","?","M","?","M","R","?","E","T","$","R","$","R","M","R","B",null,"M","?","M","?","$","R","E","R","T","R","$","E","?","M","R","B",null,"M","M","?","M","M","E","R","$","T","M","R","M","$","?","R","B",null],"character_chosen":"IRONCLAD","items_purchased":["Shrug It Off","Dropkick","Bag of Marbles","Flex","Mayhem+1","Energy Potion","Lantern","Oddly Smooth Stone"],"campfire_rested":4,"item_purchase_floors":[10,12,22,28,42,42,47,47],"current_hp_per_floor":[76,69,75,75,73,73,54,40,40,40,40,40,68,62,62,28,96,92,73,63,41,41,71,52,52,52,82,82,88,82,79,79,37,101,101,101,101,88,82,87,87,87,87,78,78,30,30,30,60,13],"gold":19,"neow_bonus":"TWENTY_PERCENT_HP_BONUS","is_prod":false,"is_daily":false,"chose_seed":false,"campfire_upgraded":7,"win_rate":0,"timestamp":1560624204,"path_taken":["M","?","M","?","M","R","?","E","T","?","R","$","R","M","R","BOSS","M","?","M","?","$","R","E","R","T","R","$","E","?","?","R","BOSS","M","M","?","M","M","E","R","$","T","M","R","?","$","?","R","BOSS"],"build_version":"2019-01-23","purchased_purges":2,"victory":true,"max_hp_per_floor":[96,96,96,96,96,96,96,96,96,96,96,96,96,96,96,96,96,96,101,101,101,101,101,101,101,101,101,101,101,101,101,101,101,101,101,101,101,101,101,101,101,101,101,101,101,101,101,101,101,101],"card_choices":[{"not_picked":["Ghostly Armor","Burning Pact"],"picked":"Pummel","floor":1.0},{"not_picked":["Uppercut","Twin Strike","Power Through"],"picked":"SKIP","floor":3.0},{"not_picked":["Headbutt","Second Wind","Sever Soul"],"picked":"SKIP","floor":5.0},{"not_picked":["Bloodletting","Pommel Strike"],"picked":"Whirlwind","floor":8.0},{"not_picked":["Cleave","Infernal Blade","Headbutt"],"picked":"SKIP","floor":14.0},{"not_picked":["Feed","Reaper"],"picked":"Demon Form","floor":16.0},{"not_picked":["Burning Pact","Corruption","Power Through"],"picked":"SKIP","floor":18.0},{"not_picked":["Power Through","Sever Soul","Body Slam"],"picked":"SKIP","floor":20.0},{"not_picked":["Second Wind+1","Intimidate"],"picked":"Heavy Blade+1","floor":24.0},{"not_picked":["Second Wind+1","Clash+1","Sword Boomerang"],"picked":"SKIP","floor":29.0},{"not_picked":["Wild Strike","Cleave","Rupture+1"],"picked":"SKIP","floor":31.0},{"not_picked":["Reaper","Dark Embrace+1"],"picked":"Double Tap","floor":33.0},{"not_picked":["Wild Strike","Iron Wave+1","Anger+1"],"picked":"SKIP","floor":35.0},{"not_picked":["Havoc","Dual Wield+1","Disarm"],"picked":"SKIP","floor":36.0},{"not_picked":["True Grit","Infernal Blade"],"picked":"Shrug It Off+1","floor":38.0},{"not_picked":["Immolate","Warcry+1","Rupture+1"],"picked":"SKIP","floor":39.0},{"not_picked":["Sever Soul","Warcry+1","Heavy Blade"],"picked":"SKIP","floor":40.0},{"not_picked":["Iron Wave+1","Clash+1","Thunderclap+1"],"picked":"SKIP","floor":44.0},{"not_picked":["Iron Wave+1","Clash+1","Thunderclap+1"],"picked":"SKIP","floor":44.0},{"not_picked":["Body Slam","Havoc+1"],"picked":"Entrench","floor":46},{"not_picked":["Sword Boomerang","Armaments+1"],"picked":"Shrug It Off","floor":49}],"player_experience":362830,"relics_obtained":[{"floor":8.0,"key":"Matryoshka"},{"floor":9.0,"key":"Centennial Puzzle"},{"floor":9.0,"key":"Mummified Hand"},{"floor":21.0,"key":"Calipers"},{"floor":21.0,"key":"The Courier"},{"floor":24.0,"key":"Champion Belt"},{"floor":26.0,"key":"Happy Flower"},{"floor":26.0,"key":"Frozen Egg 2"},{"floor":29.0,"key":"Orichalcum"},{"floor":40.0,"key":"Dream Catcher"},{"floor":43.0,"key":"Bag of Preparation"}],"event_choices":[{"cards_removed":["Defend_R"],"damage_healed":0.0,"max_hp_gain":0.0,"max_hp_loss":0.0,"gold_gain":0.0,"event_name":"Golden Wing","player_choice":"Card Removal","floor":2.0,"gold_loss":0.0,"damage_taken":7.0},{"damage_healed":0.0,"max_hp_gain":0.0,"max_hp_loss":0.0,"gold_gain":0.0,"event_name":"Living Wall","player_choice":"Grow","floor":4.0,"gold_loss":0.0,"damage_taken":0.0,"cards_upgraded":["Pummel"]},{"damage_healed":0.0,"max_hp_gain":0.0,"max_hp_loss":0.0,"gold_gain":0.0,"event_name":"Shining Light","player_choice":"Entered Light","floor":7.0,"gold_loss":0.0,"damage_taken":19.0,"cards_upgraded":["Strike_R","Defend_R"]},{"damage_healed":0.0,"max_hp_gain":5.0,"max_hp_loss":0.0,"gold_gain":0.0,"event_name":"Forgotten Altar","player_choice":"Shed Blood","floor":19.0,"gold_loss":0.0,"damage_taken":24.0},{"damage_healed":0.0,"max_hp_gain":0.0,"max_hp_loss":0.0,"gold_gain":0.0,"event_name":"Colosseum","player_choice":"Fight","floor":21.0,"gold_loss":0.0,"damage_taken":0.0},{"damage_healed":0.0,"max_hp_gain":0.0,"max_hp_loss":0.0,"gold_gain":0.0,"event_name":"Colosseum","player_choice":"Fought Nobs","floor":21.0,"gold_loss":0.0,"damage_taken":0.0},{"damage_healed":0.0,"max_hp_gain":0.0,"max_hp_loss":0.0,"gold_gain":0.0,"event_name":"Nest","player_choice":"Joined the Cult","floor":30.0,"gold_loss":0.0,"damage_taken":6.0,"cards_obtained":["RitualDagger"]},{"damage_healed":0.0,"max_hp_gain":0.0,"max_hp_loss":0.0,"gold_gain":100.0,"event_name":"Golden Shrine","player_choice":"Pray","floor":37.0,"gold_loss":0.0,"damage_taken":0.0},{"cards_removed":["Mayhem"],"damage_healed":0,"gold_gain":0,"player_choice":"Removed Power","damage_taken":0,"max_hp_gain":0,"max_hp_loss":0,"event_name":"Falling","floor":48,"gold_loss":0}],"is_beta":false,"boss_relics":[{"not_picked":["Orrery","Lizard Tail"],"picked":"Velvet Choker"},{"not_picked":["Sozu","Runic Pyramid"],"picked":"Runic Dome"}],"items_purged_floors":[10,47],"is_endless":false,"potions_floor_spawned":[1,5,14,21,24,29,33,36,38],"ascension_level":0}