{"gold_per_floor":[116,37,187,187,205,239,257,292,292,305,305,323,323,349,349,427,427,427,427,187,102,102,102,27,27,27,27,27,27,27,27,27,27,27,27,27,27,27,27,27,27,27,27,27,27,27,27,27,27,27,27],"floor_reached":51,"playtime":4843,"items_purged":["Doubt"],"score":1394,"play_id":"32d0808f-8b66-4663-bf92-cac3e7f533b9","local_time":"20190910183328","is_ascension_mode":true,"campfire_choices":[{"data":"Havoc","floor":11.0,"key":"SMITH"},{"data":"Flame Barrier","floor":13.0,"key":"SMITH"},{"floor":15.0,"key":"REST"},{"floor":25.0,"key":"REST"},{"data":"True Grit","floor":28.0,"key":"SMITH"},{"data":"Exhume","floor":30.0,"key":"SMITH"},{"data":"Heavy Blade","floor":32.0,"key":"SMITH"},{"floor":40,"key":"REST"},{"floor":44,"key":"REST"},{"floor":47,"key":"REST"},{"floor":49,"key":"RECALL"}],"neow_cost":"NONE","seed_source_timestamp":0,"circlet_count":0,"master_deck":["AscendersBane","Strike_R+1","Strike_R+1","Strike_R+1","Strike_R+1","Defend_R+1","Defend_R+1","Defend_R+1","Defend_R+1","Bash+1","Headbutt+1","Flame Barrier+1","Shrug It Off+1","Headbutt+1","Impervious+1","Havoc+1","Clothesline+1","Exhume+1","Spot Weakness+1","True Grit+1","Flame Barrier+1","Battle Trance+1","Heavy Blade+1","Demon Form+1","Corruption+1","Exhume+1","Heavy Blade+1","Pommel Strike+1","Doubt","True Grit+1"],"special_seed":0,"relics":["Burning Blood","NeowsBlessing","Boot","Ice Cream","Gremlin Horn","Letter Opener","Regal Pillow","Ectoplasm","Enchiridion","Blood Vial","Juzu Bracelet","PreservedInsect","Cursed Key","Dream Catcher","Ancient Tea Set","Mark of the Bloom"],"potions_floor_usage":[37,38,42,48,50,51],"damage_taken":[{"damage":0.0,"enemies":"Small Slimes","floor":1.0,"turns":2.0},{"damage":0.0,"enemies":"Jaw Worm","floor":5.0,"turns":1.0},{"damage":0.0,"enemies":"3 Sentries","floor":6.0,"turns":2.0},{"damage":0.0,"enemies":"2 Louse","floor":7.0,"turns":3.0},{"damage":13.0,"enemies":"Lagavulin","floor":8.0,"turns":7.0},{"damage":21.0,"enemies":"Blue Slaver","floor":10.0,"turns":5.0},{"damage":7.0,"enemies":"2 Fungi Beasts","floor":12.0,"turns":3.0},{"damage":24.0,"enemies":"Gremlin Nob","floor":14.0,"turns":5.0},{"damage":34.0,"enemies":"The Guardian","floor":16.0,"turns":16.0},{"damage":34.0,"enemies":"Shell Parasite","floor":18.0,"turns":7.0},{"damage":4.0,"enemies":"Chosen","floor":22.0,"turns":3.0},{"damage":10.0,"enemies":"Snake Plant","floor":23.0,"turns":3.0},{"damage":12.0,"enemies":"Centurion and Healer","floor":29.0,"turns":5.0},{"damage":0.0,"enemies":"Snecko","floor":31.0,"turns":6.0},{"damage":31.0,"enemies":"Champ","floor":33.0,"turns":10.0},{"damage":32,"enemies":"3 Darklings","floor":35,"turns":6},{"damage":0,"enemies":"Orb Walker","floor":36,"turns":4},{"damage":46,"enemies":"Transient","floor":37,"turns":6},{"damage":5,"enemies":"Writhing Mass","floor":38,"turns":6},{"damage":3,"enemies":"3 Darklings","floor":41,"turns":4},{"damage":49,"enemies":"Nemesis","floor":42,"turns":5},{"damage":5,"enemies":"Sphere and 2 Shapes","floor":48,"turns":7},{"damage":43,"enemies":"Donu and Deca","floor":50,"turns":8},{"damage":20,"enemies":"Time Eater","floor":51,"turns":3}],"seed_played":"-3738612163987693259","potions_obtained":[{"floor":5.0,"key":"SteroidPotion"},{"floor":7.0,"key":"Swift Potion"},{"floor":8.0,"key":"SkillPotion"},{"floor":10.0,"key":"Strength Potion"},{"floor":12.0,"key":"Swift Potion"},{"floor":18.0,"key":"Fire Potion"},{"floor":27.0,"key":"BloodPotion"},{"floor":37,"key":"Swift Potion"},{"floor":41,"key":"Poison Potion"},{"floor":42,"key":"Regen Potion"},{"floor":48,"key":"SpeedPotion"}],"is_trial":false,"path_per_floor":["M","$","?","?","M","E","M","E","T","M","R","M","R","E","R","B",null,"M","?","$","?","M","M","?","R","T","?","R","M","R","M","R","B",null,"M","M","M","M","?","R","M","E","T","R","?","?","R","M","R","B","B"],"character_chosen":"IRONCLAD","items_purchased":["Flame Barrier","Blood Vial"],"campfire_rested":5,"item_purchase_floors":[2,20],"current_hp_per_floor":[74,74,74,69,75,75,75,68,68,53,53,52,52,34,71,43,67,39,18,18,18,22,20,20,57,57,57,57,53,53,61,61,38,66,42,50,30,33,33,69,72,29,29,65,65,65,65,60,60,17,0],"gold":27,"neow_bonus":"THREE_ENEMY_KILL","is_prod":false,"is_daily":false,"chose_seed":false,"campfire_upgraded":5,"win_rate":0,"timestamp":1568133208,"path_taken":["M","$","?","?","M","E","M","E","T","M","R","M","R","E","R","BOSS","M","?","$","?","M","M","?","R","T","?","R","M","R","M","R","BOSS","M","M","M","M","?","R","M","E","T","R","?","?","R","M","R","BOSS","BOSS"],"build_version":"2019-07-17","purchased_purges":1,"victory":false,"max_hp_per_floor":[75,75,75,75,75,75,75,75,75,75,75,75,75,75,75,75,75,75,75,75,75,75,75,75,75,75,75,75,75,75,75,75,75,75,75,75,75,75,72,72,72,72,72,72,72,72,72,72,72,72,72],"card_choices":[{"not_picked":["Heavy Blade","Perfected Strike"],"picked":"Headbutt","floor":1.0},{"not_picked":["Blood for Blood","Reckless Charge"],"picked":"Shrug It Off","floor":5.0},{"not_picked":["Corruption","Perfected Strike","Iron Wave"],"picked":"SKIP","floor":6.0},{"not_picked":["Heavy Blade","Power Through"],"picked":"Headbutt","floor":7.0},{"not_picked":["Thunderclap","Warcry"],"picked":"Impervious","floor":8.0},{"not_picked":["Pommel Strike","Thunderclap"],"picked":"Havoc","floor":10.0},{"not_picked":["Inflame","Wild Strike"],"picked":"Clothesline","floor":12.0},{"not_picked":["Clash","Double Tap","Wild Strike"],"picked":"SKIP","floor":14.0},{"not_picked":["Double Tap","Immolate"],"picked":"Exhume","floor":16.0},{"not_picked":["Perfected Strike","Wild Strike"],"picked":"Spot Weakness","floor":18.0},{"not_picked":["Clash","Thunderclap"],"picked":"True Grit","floor":22.0},{"not_picked":["Cleave","Headbutt+1"],"picked":"Flame Barrier","floor":23.0},{"not_picked":["Bloodletting","Shrug It Off"],"picked":"Battle Trance","floor":29.0},{"not_picked":["Double Tap","Pummel"],"picked":"Heavy Blade","floor":31.0},{"not_picked":["Brutality","Impervious"],"picked":"Demon Form","floor":33.0},{"not_picked":["Sword Boomerang","Pommel Strike","Thunderclap+1"],"picked":"SKIP","floor":35},{"not_picked":["Warcry+1","Body Slam"],"picked":"Corruption","floor":36},{"not_picked":["Searing Blow+1","Havoc","Wild Strike+1"],"picked":"SKIP","floor":37},{"not_picked":["Cleave+1","Metallicize"],"picked":"Exhume","floor":38},{"not_picked":["Perfected Strike","Warcry"],"picked":"Heavy Blade","floor":41},{"not_picked":["Headbutt+1","Anger"],"picked":"Pommel Strike+1","floor":42},{"not_picked":["Iron Wave","Rage"],"picked":"True Grit+1","floor":48}],"player_experience":800356,"relics_obtained":[{"floor":6.0,"key":"Ice Cream"},{"floor":8.0,"key":"Gremlin Horn"},{"floor":9.0,"key":"Letter Opener"},{"floor":14.0,"key":"Regal Pillow"},{"floor":19.0,"key":"Enchiridion"},{"floor":26.0,"key":"PreservedInsect"},{"floor":42,"key":"Dream Catcher"},{"floor":43,"key":"Ancient Tea Set"}],"event_choices":[{"damage_healed":0.0,"max_hp_gain":0.0,"max_hp_loss":0.0,"gold_gain":150.0,"event_name":"Liars Game","player_choice":"AGREE","floor":3.0,"gold_loss":0.0,"damage_taken":0.0,"cards_obtained":["Doubt"]},{"damage_healed":0.0,"max_hp_gain":0.0,"max_hp_loss":0.0,"gold_gain":0.0,"event_name":"Scrap Ooze","player_choice":"Success","floor":4.0,"gold_loss":0.0,"damage_taken":5.0,"relics_obtained":["Boot"]},{"damage_healed":0.0,"max_hp_gain":0.0,"max_hp_loss":0.0,"gold_gain":0.0,"event_name":"Cursed Tome","player_choice":"Obtained Book","floor":19.0,"gold_loss":0.0,"damage_taken":21.0},{"damage_healed":0.0,"max_hp_gain":0.0,"max_hp_loss":0.0,"gold_gain":0.0,"event_name":"Addict","player_choice":"Obtained Relic","floor":21.0,"gold_loss":85.0,"damage_taken":0.0,"relics_obtained":["Juzu Bracelet"]},{"cards_removed":["Strike_R"],"damage_healed":0.0,"max_hp_gain":0.0,"max_hp_loss":0.0,"gold_gain":0.0,"event_name":"Beggar","player_choice":"Gave Gold","floor":24.0,"gold_loss":75.0,"damage_taken":0.0},{"damage_healed":0.0,"max_hp_gain":0.0,"max_hp_loss":0.0,"gold_gain":0.0,"event_name":"Lab","player_choice":"Got Potions","floor":27.0,"gold_loss":0.0,"damage_taken":0.0},{"cards_removed":["Parasite"],"damage_healed":0,"gold_gain":0,"player_choice":"Removed Curses","damage_taken":0,"max_hp_gain":0,"max_hp_loss":0,"event_name":"Fountain of Cleansing","floor":39,"gold_loss":0},{"damage_healed":0,"gold_gain":0,"player_choice":"Upgrade","damage_taken":0,"relics_obtained":["Mark of the Bloom"],"max_hp_gain":0,"max_hp_loss":0,"event_name":"MindBloom","floor":45,"gold_loss":0,"cards_upgraded":["Strike_R","Strike_R","Strike_R","Strike_R","Defend_R","Defend_R","Defend_R","Defend_R","Bash","Headbutt","Shrug It Off","Headbutt","Impervious","Clothesline","Spot Weakness","Flame Barrier","Battle Trance","Demon Form","Corruption","Exhume","Heavy Blade"]},{"damage_healed":0,"gold_gain":0,"player_choice":"Ignored","damage_taken":0,"max_hp_gain":0,"max_hp_loss":0,"event_name":"Mysterious Sphere","floor":46,"gold_loss":0}],"is_beta":false,"boss_relics":[{"not_picked":["Eternal Feather","White Beast Statue"],"picked":"Ectoplasm"},{"not_picked":["Calling Bell","Philosopher\u0027s Stone"],"picked":"Cursed Key"}],"items_purged_floors":[20],"is_endless":false,"potions_floor_spawned":[5,7,8,10,12,16,18,22,31,37,41,42,48],"killed_by":"Time Eater","ascension_level":20}