{"gold_per_floor":[116,116,127,57,57,57,83,95,95,106,124,79,99,113,113,208,208,227,238,251,265,275,275,198,216,270,270,8,8,21,21,21,122,122,141,141,141,152,152,152,162,162,187,187,197,197,41,51,51,51],"floor_reached":50,"playtime":3732,"items_purged":[],"score":525,"play_id":"d0b6c558-42c6-42c2-b8a9-907410d2db7b","local_time":"20180818144358","is_ascension_mode":false,"campfire_choices":[{"data":"Infinite Blades","floor":6.0,"key":"SMITH"},{"floor":15.0,"key":"REST"},{"floor":23.0,"key":"REST"},{"floor":27.0,"key":"REST"},{"floor":29.0,"key":"REST"},{"data":"Accuracy","floor":32.0,"key":"SMITH"},{"floor":40.0,"key":"REST"},{"data":"Venomology","floor":44.0,"key":"SMITH"},{"floor":46.0,"key":"REST"},{"data":"Bane","floor":49.0,"key":"SMITH"}],"neow_cost":"NONE","seed_source_timestamp":307853400772293,"circlet_count":0,"master_deck":["Survivor","Venomology+1","Flying Knee","Cloak And Dagger","Infinite Blades+1","PiercingWail+1","Poisoned Stab","Cloak And Dagger+1","Crippling Poison+1","Blade Dance+1","Heel Hook","Cloak And Dagger+1","Unload","Expertise+1","Reflex+1","Distraction+1","Accuracy+1","Flying Knee","J.A.X.+1","Quick Slash","Master of Strategy+1","Cloak And Dagger+1","PiercingWail+1","Quick Slash","Burst+1","Dodge and Roll+1","Dagger Spray","Slice","Deadly Poison+1","Footwork","Backstab","Bane+1","Slice","Flying Knee","Escape Plan+1","Accuracy+1","Bouncing Flask+1","PiercingWail+1","Accuracy+1","Flying Knee+1","Backflip+1","Quick Slash+1"],"special_seed":0,"relics":["Ring of the Snake","GremlinMask","Toxic Egg 2","Bag of Marbles","HoveringKite","Ancient Tea Set","Pandora\u0027s Box","Tough Bandages","Boot","Happy Flower"],"potions_floor_usage":[50,50,50,50],"damage_taken":[{"damage":2.0,"enemies":"Jaw Worm","floor":1.0,"turns":5.0},{"damage":1.0,"enemies":"Cultist","floor":3.0,"turns":4.0},{"damage":26.0,"enemies":"Gremlin Nob","floor":7.0,"turns":5.0},{"damage":7.0,"enemies":"Small Slimes","floor":8.0,"turns":4.0},{"damage":6.0,"enemies":"Exordium Thugs","floor":10.0,"turns":5.0},{"damage":0.0,"enemies":"Exordium Wildlife","floor":11.0,"turns":2.0},{"damage":0.0,"enemies":"Gremlin Gang","floor":13.0,"turns":3.0},{"damage":0.0,"enemies":"Exordium Thugs","floor":14.0,"turns":5.0},{"damage":20.0,"enemies":"The Guardian","floor":16.0,"turns":14.0},{"damage":0.0,"enemies":"Chosen","floor":18.0,"turns":4.0},{"damage":5.0,"enemies":"3 Byrds","floor":19.0,"turns":4.0},{"damage":21.0,"enemies":"Snake Plant","floor":20.0,"turns":4.0},{"damage":1.0,"enemies":"Chosen and Byrds","floor":21.0,"turns":6.0},{"damage":45.0,"enemies":"Shelled Parasite and Fungi","floor":22.0,"turns":5.0},{"damage":9.0,"enemies":"Centurion and Healer","floor":25.0,"turns":5.0},{"damage":8.0,"enemies":"Snecko","floor":30.0,"turns":4.0},{"damage":72.0,"enemies":"Collector","floor":33.0,"turns":6.0},{"damage":9.0,"enemies":"Flame Bruiser 1 Orb","floor":35.0,"turns":6.0},{"damage":0.0,"enemies":"3 Darklings","floor":36.0,"turns":1.0},{"damage":0.0,"floor":37.0,"turns":4.0},{"damage":17.0,"enemies":"Sphere and 2 Shapes","floor":38.0,"turns":3.0},{"damage":7.0,"enemies":"4 Shapes","floor":41.0,"turns":3.0},{"damage":0.0,"enemies":"Transient","floor":45.0,"turns":5.0},{"damage":3.0,"enemies":"3 Darklings","floor":48.0,"turns":6.0},{"damage":81,"enemies":"Time Eater","floor":50,"turns":9}],"seed_played":"-6152850617352018692","potions_obtained":[{"floor":7.0,"key":"GamblersBrew"},{"floor":8.0,"key":"Explosive Potion"},{"floor":10.0,"key":"Fire Potion"},{"floor":13.0,"key":"Block Potion"},{"floor":16.0,"key":"FearPotion"},{"floor":19.0,"key":"Fruit Juice"},{"floor":21.0,"key":"SmokeBomb"},{"floor":30.0,"key":"Ancient Potion"},{"floor":33.0,"key":"SpeedPotion"},{"floor":38.0,"key":"FearPotion"},{"floor":45.0,"key":"SpeedPotion"},{"floor":48.0,"key":"PowerPotion"}],"is_trial":false,"path_per_floor":["M","?","M","$","?","R","E","M","T","M","M","$","M","M","R","B",null,"M","M","M","M","M","R","?","M","T","R","$","R","M","?","R","B",null,"M","M","?","M","?","R","M","?","T","R","M","R","$","M","R"],"character_chosen":"THE_SILENT","items_purchased":["Infinite Blades","Blade Dance+1","Master of Strategy+1","Cloak And Dagger+1","PiercingWail+1","Happy Flower"],"campfire_rested":6,"item_purchase_floors":[4,12,28,28,28,47],"current_hp_per_floor":[68,68,67,67,67,67,41,34,34,28,28,28,28,28,49,29,70,70,65,49,48,3,25,25,16,16,38,38,60,52,75,75,3,75,66,66,66,49,49,71,64,64,64,64,64,75,75,72,72,0],"gold":51,"neow_bonus":"ONE_RANDOM_RARE_CARD","is_prod":false,"is_daily":false,"chose_seed":false,"campfire_upgraded":4,"win_rate":0.0,"timestamp":1534617838,"path_taken":["M","?","M","$","?","R","E","M","T","M","?","?","M","M","R","BOSS","M","M","?","M","M","R","?","?","T","R","$","R","M","?","R","BOSS","M","M","?","?","?","R","?","?","T","R","M","R","$","M","R","BOSS"],"build_version":"2018-08-16","purchased_purges":0,"victory":false,"max_hp_per_floor":[70,70,70,70,70,70,70,70,70,70,70,70,70,70,70,70,70,70,70,75,75,75,75,75,75,75,75,75,75,75,75,75,75,75,75,75,75,75,75,75,75,75,75,75,75,75,75,75,75,75],"card_choices":[{"not_picked":["Outmaneuver","Deadly Poison"],"picked":"Flying Knee","floor":1.0},{"not_picked":["Endless Agony","Sucker Punch"],"picked":"Cloak And Dagger","floor":3.0},{"not_picked":["Sucker Punch","Prepared"],"picked":"PiercingWail","floor":7.0},{"not_picked":["Well Laid Plans","Bullet Time+1"],"picked":"Poisoned Stab","floor":8.0},{"not_picked":["Footwork","PiercingWail+1"],"picked":"Cloak And Dagger+1","floor":10.0},{"not_picked":["Acrobatics+1","Deflect+1"],"picked":"Crippling Poison+1","floor":11.0},{"not_picked":["All Out Attack","Quick Slash"],"picked":"Heel Hook","floor":13.0},{"not_picked":["Blade Dance+1","Escape Plan+1"],"picked":"Cloak And Dagger+1","floor":14.0},{"not_picked":["After Image","A Thousand Cuts"],"picked":"Unload","floor":16.0},{"not_picked":["Poisoned Stab","Sucker Punch"],"picked":"Expertise+1","floor":18.0},{"not_picked":["Expertise+1","Well Laid Plans"],"picked":"Reflex+1","floor":19.0},{"not_picked":["Flying Knee","Deadly Poison+1"],"picked":"Distraction+1","floor":20.0},{"not_picked":["Blade Dance+1","Cloak And Dagger+1"],"picked":"Accuracy","floor":21.0},{"not_picked":["Deflect+1","Noxious Fumes"],"picked":"Flying Knee","floor":22.0},{"not_picked":["After Image","Outmaneuver+1"],"picked":"Quick Slash","floor":25.0},{"not_picked":["Acrobatics+1","Deadly Poison+1"],"picked":"Quick Slash","floor":30.0},{"not_picked":["Glass Knife","Doppelganger+1"],"picked":"Burst+1","floor":33.0},{"not_picked":["Endless Agony","Choke"],"picked":"Accuracy+1","floor":35.0},{"not_picked":["Underhanded Strike+1","Dodge and Roll+1"],"picked":"Bouncing Flask+1","floor":37.0},{"not_picked":["Distraction+1","Sucker Punch"],"picked":"PiercingWail+1","floor":38.0},{"not_picked":["Setup+1","Blur+1"],"picked":"Flying Knee+1","floor":41.0},{"not_picked":["Acrobatics+1","Deflect+1"],"picked":"Backflip+1","floor":45.0},{"not_picked":["Eviscerate+1","Dagger Spray+1"],"picked":"Quick Slash+1","floor":48.0}],"player_experience":154666,"relics_obtained":[{"floor":7.0,"key":"Toxic Egg 2"},{"floor":9.0,"key":"Bag of Marbles"},{"floor":26.0,"key":"Ancient Tea Set"},{"floor":37.0,"key":"Tough Bandages"},{"floor":43.0,"key":"Boot"}],"event_choices":[{"event_name":"FaceTrader","player_choice":"Trade","floor":2.0,"damage_taken":0.0},{"event_name":"Match and Keep!","player_choice":"0 cards matched","floor":5.0,"damage_taken":0.0},{"event_name":"Drug Dealer","player_choice":"Got JAXXED","floor":24.0,"damage_taken":0.0},{"event_name":"Wheel of Change","player_choice":"Full Heal","floor":31.0,"damage_taken":0.0},{"event_name":"MindBloom","player_choice":"Fight","floor":37.0,"damage_taken":0.0},{"event_name":"Duplicator","player_choice":"One dupe","floor":39.0,"damage_taken":0.0},{"event_name":"Falling","player_choice":"Removed Attack","floor":42.0,"damage_taken":0.0}],"is_beta":false,"boss_relics":[{"not_picked":["Runic Dome","Runic Pyramid"],"picked":"HoveringKite"},{"not_picked":["Coffee Dripper","Busted Crown"],"picked":"Pandora\u0027s Box"}],"items_purged_floors":[],"is_endless":false,"potions_floor_spawned":[7,8,10,13,16,19,21,30,33,36,38,45,48],"killed_by":"Time Eater","ascension_level":0}