{"gold_per_floor":[113,126,126,145,165,165,190,190],"floor_reached":8,"playtime":525,"items_purged":[],"score":93,"play_id":"f0ec4f39-0485-46e9-aa74-01b4b146cc50","local_time":"20190910195909","is_ascension_mode":true,"campfire_choices":[{"floor":6,"key":"REST"}],"neow_cost":"PERCENT_DAMAGE","seed_source_timestamp":433527300057200,"circlet_count":0,"master_deck":["AscendersBane","Strike_G","Strike_G","Strike_G","Strike_G","Strike_G","Defend_G","Defend_G","Defend_G","Defend_G","Defend_G","Survivor","Neutralize","Poisoned Stab","Slice","Injury","Caltrops","Backflip"],"special_seed":0,"relics":["Ring of the Snake","The Specimen","Golden Idol"],"potions_floor_usage":[5],"damage_taken":[{"damage":2.0,"enemies":"2 Louse","floor":1.0,"turns":4.0},{"damage":0.0,"enemies":"Jaw Worm","floor":2.0,"turns":5.0},{"damage":3.0,"enemies":"Small Slimes","floor":4.0,"turns":3.0},{"damage":12,"enemies":"2 Fungi Beasts","floor":5,"turns":4},{"damage":1,"enemies":"Looter","floor":7,"turns":4},{"damage":49,"enemies":"3 Sentries","floor":8,"turns":10}],"seed_played":"-5820446973009270017","potions_obtained":[{"floor":2.0,"key":"SkillPotion"}],"is_trial":false,"path_per_floor":["M","M","?","M","M","R","M","E"],"character_chosen":"THE_SILENT","items_purchased":[],"campfire_rested":1,"item_purchase_floors":[],"current_hp_per_floor":[42,42,42,39,27,46,45,0],"gold":190,"neow_bonus":"ONE_RARE_RELIC","is_prod":false,"is_daily":false,"chose_seed":false,"campfire_upgraded":0,"win_rate":0,"timestamp":1568170749,"path_taken":["M","M","?","M","M","R","M","E"],"build_version":"2019-07-17","purchased_purges":0,"victory":false,"max_hp_per_floor":[66,66,66,66,66,66,66,66],"card_choices":[{"not_picked":["Accuracy","Acrobatics"],"picked":"Poisoned Stab","floor":1.0},{"not_picked":["Acrobatics","Infinite Blades"],"picked":"Slice","floor":2.0},{"not_picked":["Flying Knee","Underhanded Strike"],"picked":"Caltrops","floor":4.0},{"not_picked":["Heel Hook","Prepared"],"picked":"Backflip","floor":5},{"not_picked":["Terror","Tactician","Setup"],"picked":"SKIP","floor":7}],"player_experience":890742,"relics_obtained":[],"event_choices":[{"damage_healed":0.0,"max_hp_gain":0.0,"max_hp_loss":0.0,"gold_gain":0.0,"event_name":"Golden Idol","player_choice":"Take Wound","floor":3.0,"gold_loss":0.0,"damage_taken":0.0,"relics_obtained":["Golden Idol"],"cards_obtained":["Injury"]}],"is_beta":false,"boss_relics":[],"items_purged_floors":[],"is_endless":false,"potions_floor_spawned":[2],"killed_by":"3 Sentries","ascension_level":17}