{"path_per_floor":["M","$","M","M","?","E","R","?","T","R","M","?","M","$","R","B",null,"M","?","M","$","?","R","M","R","T","E","M","M","$"],"character_chosen":"IRONCLAD","items_purchased":["Swift Strike","Purity"],"gold_per_floor":[213,37,51,64,64,91,91,91,91,91,101,51,69,69,69,170,170,187,102,116,20,20,20,37,37,86,120,131,149,49],"floor_reached":31,"campfire_rested":2,"playtime":3659,"current_hp_per_floor":[80,80,80,80,77,22,46,30,30,30,26,26,29,29,53,38,80,78,78,62,62,62,62,57,57,57,45,38,19,19],"items_purged":["Strike_R","Strike_R"],"gold":49,"play_id":"27d39abc-eec7-44c4-97fb-6e2846474453","is_prod":false,"is_daily":false,"is_ascension_mode":false,"campfire_upgraded":3,"path_taken":["M","$","M","M","?","E","R","?","T","R","M","?","?","?","R","BOSS","M","?","M","$","?","R","M","R","T","E","M","M","?","E"],"build_version":"2018-02-01-PROD3","purchased_purges":2,"victory":false,"master_deck":["Strike_R","Defend_R+1","Defend_R","Bash+1","Swift Strike+1","Shrug It Off+1","Searing Blow+2","Cleave+1","True Grit+1","Double Tap","Wild Strike+1","Bludgeon+1","Sever Soul+1","Metallicize","Headbutt+1","Purity+1","Metallicize","Warcry+1","Metallicize+1"],"max_hp_per_floor":[80,80,80,80,80,80,80,80,80,80,80,80,80,80,80,80,80,80,80,80,80,80,80,80,80,80,80,80,80,80],"relics":["Burning Blood","Bronze Scales","Whetstone","Bird Faced Urn","Astrolabe","Letter Opener","Lantern","War Paint"],"card_choices":[{"not_picked":["Headbutt","Feed"],"picked":"Shrug It Off"},{"not_picked":["Body Slam","Cleave"],"picked":"Searing Blow"},{"not_picked":["Armaments","Clothesline"],"picked":"Cleave"},{"not_picked":["Feel No Pain","Dropkick"],"picked":"True Grit"},{"not_picked":["Immolate","Demon Form"],"picked":"Double Tap"},{"not_picked":["Thunderclap","Pommel Strike"],"picked":"Metallicize"},{"not_picked":["Sword Boomerang","Battle Trance"],"picked":"Headbutt"},{"not_picked":["Pummel","Twin Strike"],"picked":"Warcry"},{"not_picked":["Armaments","Rage"],"picked":"Metallicize"}],"player_experience":132726,"potions_floor_usage":[13,16,16,18,24,27,31],"damage_taken":[{"damage":5,"enemies":"Small Slimes","floor":1,"turns":3},{"damage":1,"enemies":"Cultist","floor":3,"turns":3},{"damage":3,"enemies":"Jaw Worm","floor":4,"turns":3},{"damage":61,"enemies":"Gremlin Nob","floor":6,"turns":6},{"damage":10,"enemies":"Exordium Thugs","floor":11,"turns":4},{"damage":3,"enemies":"Large Slime","floor":13,"turns":4},{"damage":21,"enemies":"Hexaghost","floor":16,"turns":9},{"damage":8,"enemies":"2 Thieves","floor":18,"turns":3},{"damage":24,"enemies":"Chosen","floor":20,"turns":4},{"damage":13,"enemies":"3 Cultists","floor":24,"turns":4},{"damage":22,"enemies":"Book of Stabbing","floor":27,"turns":5},{"damage":17,"enemies":"Cultist and Chosen","floor":28,"turns":8},{"damage":31,"enemies":"Centurion and Healer","floor":29,"turns":6},{"damage":26,"enemies":"Slavers","floor":31,"turns":2}],"event_choices":[{"event_name":"Scrap Ooze","player_choice":"success","floor":5,"damage_taken":3},{"event_name":"Shining Light","player_choice":"Entered Light","floor":8,"damage_taken":0},{"event_name":"The Cleric","player_choice":"Card Removal","floor":12,"damage_taken":0},{"event_name":"Addict","player_choice":"Obtained Relic","floor":19,"damage_taken":0},{"event_name":"Duplicator","player_choice":"One dupe","floor":22,"damage_taken":0}],"boss_relics":[{"not_picked":["Ectoplasm","White Beast Statue"],"picked":"Astrolabe"}],"potions_floor_spawned":[3,4,11,16,20,24,29],"seed_played":"-4143614974829171667","killed_by":"Slavers","ascension_level":0,"is_trial":false}