{"gold_per_floor":[313,160,160,172,183,183,198,198,198,198,210,221,241,241,241,346,346,357,68,87,106,120,120,139,139,139,164,183,59,79,97,97,202,202,217,132,146,157,61,61,74,74,74,94,107,140,157,40,40,40],"floor_reached":51,"playtime":4249,"items_purged":["Strike_G","Strike_G","Strike_G","Defend_G","Strike_G"],"score":724,"play_id":"284a4629-759e-4243-a8bb-999ed3a1adba","local_time":"20190915222742","is_ascension_mode":false,"campfire_choices":[{"data":"Bouncing Flask","floor":6.0,"key":"SMITH"},{"data":"Blur","floor":8.0,"key":"SMITH"},{"data":"Neutralize","floor":10.0,"key":"SMITH"},{"data":"Catalyst","floor":15.0,"key":"SMITH"},{"data":"Catalyst","floor":23.0,"key":"SMITH"},{"data":"Adrenaline","floor":25.0,"key":"SMITH"},{"data":"Blur","floor":32.0,"key":"SMITH"},{"data":"Dodge and Roll","floor":40.0,"key":"SMITH"},{"data":"Survivor","floor":42.0,"key":"SMITH"},{"data":"Corpse Explosion","floor":49.0,"key":"SMITH"}],"neow_cost":"NO_GOLD","seed_source_timestamp":299961771106900,"circlet_count":0,"master_deck":["Defend_G+1","Defend_G","Defend_G+1","Survivor+1","Neutralize+1","Catalyst+1","Bouncing Flask+1","PiercingWail","Blur+1","Bane","Dodge and Roll+1","Poisoned Stab","Corpse Explosion+1","Blur+1","Catalyst+1","Adrenaline+1","Setup+1","Deadly Poison","Poisoned Stab","Dodge and Roll+1","PiercingWail+1","Bouncing Flask+1"],"special_seed":0,"relics":["Ring of the Snake","Old Coin","Oddly Smooth Stone","Cursed Key","Membership Card","Potion Belt","The Courier","Regal Pillow","War Paint","Empty Cage","Dream Catcher"],"potions_floor_usage":[50,50,50,50],"damage_taken":[{"damage":0.0,"enemies":"Cultist","floor":1.0,"turns":5.0},{"damage":0.0,"enemies":"2 Louse","floor":4.0,"turns":3.0},{"damage":0.0,"enemies":"Jaw Worm","floor":5.0,"turns":3.0},{"damage":12.0,"enemies":"Exordium Wildlife","floor":7.0,"turns":6.0},{"damage":0.0,"enemies":"3 Louse","floor":11.0,"turns":4.0},{"damage":0.0,"enemies":"Large Slime","floor":12.0,"turns":4.0},{"damage":1.0,"enemies":"2 Fungi Beasts","floor":13.0,"turns":4.0},{"damage":10.0,"enemies":"Hexaghost","floor":16.0,"turns":8.0},{"damage":0.0,"enemies":"Shell Parasite","floor":18.0,"turns":4.0},{"damage":0.0,"enemies":"Chosen","floor":20.0,"turns":3.0},{"damage":0.0,"enemies":"Sentry and Sphere","floor":21.0,"turns":5.0},{"damage":0.0,"enemies":"Snake Plant","floor":22.0,"turns":3.0},{"damage":0.0,"enemies":"Snecko","floor":24.0,"turns":3.0},{"damage":0.0,"enemies":"Book of Stabbing","floor":27.0,"turns":5.0},{"damage":18.0,"enemies":"Shelled Parasite and Fungi","floor":28.0,"turns":7.0},{"damage":0.0,"enemies":"Cultist and Chosen","floor":30.0,"turns":4.0},{"damage":7.0,"enemies":"Snake Plant","floor":31.0,"turns":7.0},{"damage":12.0,"enemies":"Collector","floor":33.0,"turns":4.0},{"damage":2.0,"enemies":"3 Shapes","floor":35.0,"turns":3.0},{"damage":0.0,"enemies":"Orb Walker","floor":37.0,"turns":2.0},{"damage":0.0,"enemies":"Maw","floor":38.0,"turns":3.0},{"damage":0.0,"enemies":"Transient","floor":41.0,"turns":4.0},{"damage":4.0,"enemies":"3 Darklings","floor":44.0,"turns":3.0},{"damage":3.0,"enemies":"Spire Growth","floor":45.0,"turns":4.0},{"damage":0.0,"enemies":"Giant Head","floor":46.0,"turns":6.0},{"damage":0.0,"enemies":"Jaw Worm Horde","floor":47.0,"turns":3.0},{"damage":16,"enemies":"Awakened One","floor":50,"turns":13}],"seed_played":"-8927304507471228146","potions_obtained":[{"floor":4.0,"key":"FearPotion"},{"floor":5.0,"key":"SteroidPotion"},{"floor":7.0,"key":"LiquidBronze"},{"floor":14.0,"key":"SkillPotion"},{"floor":14.0,"key":"DuplicationPotion"},{"floor":18.0,"key":"DuplicationPotion"},{"floor":21.0,"key":"PowerPotion"},{"floor":24.0,"key":"Explosive Potion"},{"floor":30.0,"key":"Block Potion"},{"floor":37.0,"key":"SkillPotion"},{"floor":45.0,"key":"Strength Potion"},{"floor":46.0,"key":"Weak Potion"}],"is_trial":false,"path_per_floor":["M","$","?","M","M","R","M","R","T","R","M","M","M","?","R","B",null,"M","$","M","M","M","R","M","R","T","E","M","$","M","M","R","B",null,"M","$","M","M","$","R","M","R","T","M","M","E","M","$","R","B",null],"character_chosen":"THE_SILENT","items_purchased":["Bouncing Flask","Membership Card","Potion Belt","Blur","Regal Pillow","War Paint","Deadly Poison","Poisoned Stab","DuplicationPotion"],"campfire_rested":0,"item_purchase_floors":[2,19,19,19,29,29,36,39,48],"current_hp_per_floor":[70,70,70,70,70,70,58,58,58,58,58,58,57,57,57,47,70,70,70,70,70,70,70,70,70,70,70,52,52,52,45,45,33,70,68,68,68,68,68,68,68,68,68,64,61,61,61,61,61,45],"gold":40,"neow_bonus":"ONE_RARE_RELIC","is_prod":false,"is_daily":false,"chose_seed":false,"campfire_upgraded":10,"win_rate":0,"timestamp":1568554062,"path_taken":["M","$","?","M","M","R","M","R","T","R","M","M","?","?","R","BOSS","M","$","M","M","M","R","M","R","T","E","M","$","M","M","R","BOSS","M","?","M","M","$","R","M","R","T","?","M","E","M","$","R","BOSS"],"build_version":"2019-09-12","purchased_purges":5,"victory":true,"max_hp_per_floor":[70,70,70,70,70,70,70,70,70,70,70,70,70,70,70,70,70,70,70,70,70,70,70,70,70,70,70,70,70,70,70,70,70,70,70,70,70,70,70,70,70,70,70,70,70,70,70,70,70,70],"card_choices":[{"not_picked":["Prepared","Terror"],"picked":"Catalyst","floor":1.0},{"not_picked":["Crippling Poison","Slice"],"picked":"PiercingWail","floor":4.0},{"not_picked":["Flechettes","Setup","Sucker Punch"],"picked":"SKIP","floor":5.0},{"not_picked":["PiercingWail","Infinite Blades"],"picked":"Blur","floor":7.0},{"not_picked":["Backstab","Blade Dance"],"picked":"Bane","floor":11.0},{"not_picked":["Crippling Poison","Sucker Punch"],"picked":"Dodge and Roll","floor":12.0},{"not_picked":["Dash","Flying Knee"],"picked":"Poisoned Stab","floor":13.0},{"not_picked":["Storm of Steel","A Thousand Cuts"],"picked":"Corpse Explosion","floor":16.0},{"not_picked":["Dagger Spray+1","Finisher","Dagger Throw"],"picked":"SKIP","floor":18.0},{"not_picked":["Acrobatics+1","Distraction"],"picked":"Catalyst","floor":20.0},{"not_picked":["Slice+1","Heel Hook","Cloak And Dagger"],"picked":"SKIP","floor":21.0},{"not_picked":["Slice+1","Heel Hook","Cloak And Dagger"],"picked":"SKIP","floor":21.0},{"not_picked":["PiercingWail","Predator","Dagger Throw"],"picked":"SKIP","floor":22.0},{"not_picked":["Dagger Throw","Dagger Spray"],"picked":"Adrenaline","floor":24.0},{"not_picked":["Underhanded Strike+1","Outmaneuver","Flying Knee"],"picked":"SKIP","floor":27.0},{"not_picked":["Dagger Spray","Deflect","Underhanded Strike"],"picked":"SKIP","floor":28.0},{"not_picked":["Bane","Choke","Predator"],"picked":"SKIP","floor":30.0},{"not_picked":["Eviscerate","Dash"],"picked":"Setup+1","floor":31.0},{"not_picked":["Dagger Spray","Sucker Punch","Underhanded Strike+1"],"picked":"SKIP","floor":35.0},{"not_picked":["Outmaneuver","Skewer","Blade Dance+1"],"picked":"SKIP","floor":37.0},{"not_picked":["Distraction","Cloak And Dagger","Dodge and Roll+1"],"picked":"SKIP","floor":38.0},{"not_picked":["Acrobatics","Dagger Throw","Dodge and Roll"],"picked":"SKIP","floor":41.0},{"not_picked":["Acrobatics","Dagger Throw","Dodge and Roll"],"picked":"SKIP","floor":41.0},{"not_picked":["Choke","Backstab+1"],"picked":"Dodge and Roll+1","floor":44.0},{"not_picked":["PiercingWail","Sucker Punch+1","Doppelganger"],"picked":"SKIP","floor":45.0},{"not_picked":["PiercingWail","Sucker Punch+1","Doppelganger"],"picked":"SKIP","floor":45.0},{"not_picked":["Expertise+1","Sucker Punch"],"picked":"PiercingWail+1","floor":46.0},{"not_picked":["Poisoned Stab+1","Finisher"],"picked":"Bouncing Flask+1","floor":47.0}],"player_experience":454052,"relics_obtained":[{"floor":9.0,"key":"Oddly Smooth Stone"},{"floor":27.0,"key":"The Courier"},{"floor":46.0,"key":"Dream Catcher"}],"event_choices":[{"damage_healed":0.0,"max_hp_gain":0.0,"max_hp_loss":0.0,"gold_gain":0.0,"event_name":"NoteForYourself","player_choice":"Ignored","floor":3.0,"gold_loss":0.0,"damage_taken":0.0},{"damage_healed":0.0,"max_hp_gain":0.0,"max_hp_loss":0.0,"gold_gain":0.0,"event_name":"Lab","player_choice":"Got Potions","floor":14.0,"gold_loss":0.0,"damage_taken":0.0}],"is_beta":true,"boss_relics":[{"not_picked":["Busted Crown","Sozu"],"picked":"Cursed Key"},{"not_picked":["Snecko Eye","Calling Bell"],"picked":"Empty Cage"}],"items_purged_floors":[2,19,36,39,48],"is_endless":false,"potions_floor_spawned":[4,5,7,13,16,18,21,24,30,37,45,46],"ascension_level":0}