{"gold_per_floor":[212,228,178,33,43,43,75,75,101,116,116,191,218,218,218,319,319,334,11,22,22,33,89,89,123,194,229,263,279,279,279,279,383,383,403,54,74,174,54,83,83,103,157,183,183,183,209,209,209,209,209,209,11,39,39],"floor_reached":55,"playtime":3387,"items_purged":["Strike_G","Pain","Predator","Strike_G"],"score":908,"play_id":"9572c2f2-e987-4a0b-aada-7a5b4f0010ae","local_time":"20190815213048","is_ascension_mode":true,"campfire_choices":[{"data":"Neutralize","floor":6,"key":"SMITH"},{"data":"Bane","floor":8,"key":"SMITH"},{"floor":15,"key":"REST"},{"floor":24,"key":"REST"},{"floor":32,"key":"REST"},{"floor":41,"key":"RECALL"},{"floor":46,"key":"REST"},{"floor":49,"key":"REST"},{"floor":52,"key":"REST"}],"neow_cost":"NONE","seed_source_timestamp":29677637441700,"circlet_count":0,"master_deck":["Strike_G","Defend_G","Defend_G","Survivor","Neutralize+1","Backflip","Noxious Fumes","Deadly Poison","Bane+1","Dagger Spray","Poisoned Stab","Well Laid Plans","Corpse Explosion","PiercingWail","Calculated Gamble","Dagger Spray","PiercingWail","Neutralize","Prepared","Dagger Throw+1","Blade Dance+1","Blur","Poisoned Stab","Noxious Fumes","Deadly Poison+1","Backflip","Bullet Time"],"relics":["Ring of the Snake","Potion Belt","Dream Catcher","Shuriken","WarpedTongs","Fusion Hammer","Lantern","Tiny Chest","Bottled Flame","Singing Bowl","The Courier","Red Mask","Busted Crown","Ice Cream","Thread and Needle","Mummified Hand","Nunchaku","Smiling Mask","Bottled Tornado","Pantograph"],"potions_floor_usage":[20,33,40,47,55,55],"damage_taken":[{"damage":0,"enemies":"Small Slimes","floor":1,"turns":4},{"damage":0,"enemies":"2 Louse","floor":2,"turns":3},{"damage":1,"enemies":"Cultist","floor":5,"turns":4},{"damage":20,"enemies":"Gremlin Nob","floor":7,"turns":5},{"damage":13,"enemies":"Red Slaver","floor":10,"turns":3},{"damage":13,"enemies":"Lagavulin","floor":13,"turns":5},{"damage":16,"enemies":"Slime Boss","floor":16,"turns":7},{"damage":10,"enemies":"Shell Parasite","floor":18,"turns":4},{"damage":0,"enemies":"2 Thieves","floor":20,"turns":1},{"damage":9,"enemies":"Centurion and Healer","floor":22,"turns":4},{"damage":0,"enemies":"Gremlin Leader","floor":23,"turns":5},{"damage":7,"enemies":"Slavers","floor":25,"turns":4},{"damage":24,"enemies":"Book of Stabbing","floor":27,"turns":5},{"damage":22,"enemies":"Masked Bandits","floor":28,"turns":4},{"damage":0,"enemies":"3 Cultists","floor":29,"turns":3},{"damage":24,"enemies":"Collector","floor":33,"turns":7},{"damage":10,"enemies":"Orb Walker","floor":35,"turns":3},{"damage":0,"enemies":"3 Darklings","floor":37,"turns":2},{"damage":0,"enemies":"Mind Bloom Boss Battle","floor":38,"turns":5},{"damage":18,"enemies":"Giant Head","floor":40,"turns":8},{"damage":8,"enemies":"Maw","floor":42,"turns":6},{"damage":11,"enemies":"Reptomancer","floor":44,"turns":5},{"damage":25,"enemies":"Nemesis","floor":47,"turns":7},{"damage":74,"enemies":"Donu and Deca","floor":50,"turns":7},{"damage":51,"enemies":"Shield and Spear","floor":54,"turns":5},{"damage":114,"enemies":"The Heart","floor":55,"turns":8}],"seed_played":"-7552084248649131331","potions_obtained":[{"floor":2,"key":"GamblersBrew"},{"floor":10,"key":"GhostInAJar"},{"floor":13,"key":"Explosive Potion"},{"floor":20,"key":"FairyPotion"},{"floor":25,"key":"Strength Potion"},{"floor":27,"key":"Block Potion"},{"floor":33,"key":"Strength Potion"},{"floor":37,"key":"GhostInAJar"},{"floor":44,"key":"Energy Potion"},{"floor":47,"key":"Fire Potion"}],"is_trial":false,"path_per_floor":["M","M","?","$","M","R","E","R","T","M","?","?","E","?","R","B",null,"M","$","M","?","M","E","R","E","T","E","?","M","?","?","R","B",null,"M","$","M","?","$","E","R","M","T","E","?","R","E","?","R","B",null,"R","$","E","B"],"character_chosen":"THE_SILENT","items_purchased":["Noxious Fumes","Lantern","Calculated Gamble","Ice Cream","Bottled Tornado"],"campfire_rested":6,"item_purchase_floors":[4,19,19,36,53],"current_hp_per_floor":[70,70,70,70,69,69,49,49,49,36,36,25,12,12,33,17,70,60,60,60,60,51,51,70,63,63,41,21,23,23,23,47,25,80,70,70,72,74,74,58,58,52,52,43,43,70,47,47,76,2,94,96,96,47,0],"gold":39,"neow_bonus":"HUNDRED_GOLD","is_prod":false,"is_daily":false,"chose_seed":false,"campfire_upgraded":2,"win_rate":0,"timestamp":1565897448,"path_taken":["M","M","?","$","M","R","E","R","T","M","?","?","E","?","R","BOSS","M","$","M","?","?","E","R","E","T","E","?","M","?","?","R","BOSS","M","$","M","?","?","E","R","?","T","E","?","R","E","?","R","BOSS","R","$","E","BOSS"],"build_version":"2019-07-17","purchased_purges":4,"victory":false,"max_hp_per_floor":[70,70,70,70,70,70,70,70,70,70,70,70,70,70,70,70,70,70,70,70,70,70,70,70,70,70,72,74,76,76,76,78,80,80,80,80,82,84,84,86,86,88,88,90,90,90,92,92,94,94,94,96,96,98,98],"card_choices":[{"not_picked":["Cloak And Dagger","Eviscerate"],"picked":"Backflip","floor":1},{"not_picked":["Deflect","Dodge and Roll"],"picked":"Sucker Punch","floor":2},{"not_picked":["Acrobatics","Sucker Punch"],"picked":"Deadly Poison","floor":5},{"not_picked":["Riddle With Holes","Burst"],"picked":"Bane","floor":7},{"not_picked":["Heel Hook","All Out Attack"],"picked":"Dagger Spray","floor":10},{"not_picked":["Endless Agony","Terror"],"picked":"Poisoned Stab","floor":13},{"not_picked":["Blade Dance","Bouncing Flask"],"picked":"Well Laid Plans","floor":15},{"not_picked":["Wraith Form v2","Glass Knife"],"picked":"Corpse Explosion","floor":16},{"not_picked":["Flying Knee","Dagger Throw"],"picked":"PiercingWail","floor":18},{"not_picked":["Dodge and Roll","Deflect"],"picked":"Dagger Spray","floor":20},{"not_picked":["Endless Agony","Flying Knee"],"picked":"Prepared","floor":22},{"not_picked":["Dagger Spray","Outmaneuver"],"picked":"Dagger Throw+1","floor":23},{"not_picked":["Acrobatics","Poisoned Stab"],"picked":"Blade Dance+1","floor":24},{"not_picked":["All Out Attack+1","Prepared"],"picked":"Blur","floor":25},{"not_picked":["Acrobatics+1","Leg Sweep+1","PiercingWail"],"picked":"Singing Bowl","floor":27},{"not_picked":["Dagger Throw","Cloak And Dagger+1","Deadly Poison+1"],"picked":"Singing Bowl","floor":28},{"not_picked":["Reflex","Underhanded Strike","Dash+1"],"picked":"Singing Bowl","floor":29},{"not_picked":["Phantasmal Killer","Prepared","Caltrops"],"picked":"Singing Bowl","floor":32},{"not_picked":["Doppelganger","A Thousand Cuts","Glass Knife"],"picked":"Singing Bowl","floor":33},{"not_picked":[],"picked":"Noxious Fumes","floor":35},{"not_picked":["Deflect+1"],"picked":"Singing Bowl","floor":37},{"not_picked":["Blur+1"],"picked":"Singing Bowl","floor":38},{"not_picked":["Sucker Punch"],"picked":"Singing Bowl","floor":40},{"not_picked":["Sucker Punch+1"],"picked":"Singing Bowl","floor":42},{"not_picked":["Corpse Explosion"],"picked":"Singing Bowl","floor":44},{"not_picked":[],"picked":"Deadly Poison+1","floor":46},{"not_picked":["Backflip"],"picked":"Singing Bowl","floor":47},{"not_picked":["Underhanded Strike+1"],"picked":"Singing Bowl","floor":49},{"not_picked":["Deflect+1"],"picked":"Singing Bowl","floor":52},{"not_picked":["Deflect"],"picked":"Singing Bowl","floor":54}],"player_experience":102862,"relics_obtained":[{"floor":7,"key":"Potion Belt"},{"floor":9,"key":"Dream Catcher"},{"floor":13,"key":"Shuriken"},{"floor":23,"key":"Tiny Chest"},{"floor":25,"key":"Bottled Flame"},{"floor":26,"key":"Singing Bowl"},{"floor":27,"key":"The Courier"},{"floor":28,"key":"Red Mask"},{"floor":38,"key":"Thread and Needle"},{"floor":40,"key":"Mummified Hand"},{"floor":44,"key":"Nunchaku"},{"floor":47,"key":"Smiling Mask"},{"floor":54,"key":"Pantograph"}],"event_choices":[{"cards_removed":["Defend_G"],"damage_healed":0,"gold_gain":0,"player_choice":"Card Removal","damage_taken":0,"max_hp_gain":0,"max_hp_loss":0,"event_name":"The Cleric","floor":3,"gold_loss":50},{"cards_removed":["Strike_G"],"damage_healed":0,"gold_gain":0,"player_choice":"Forget","damage_taken":0,"max_hp_gain":0,"max_hp_loss":0,"event_name":"Living Wall","floor":11,"gold_loss":0},{"damage_healed":0,"gold_gain":75,"player_choice":"Gather Gold","damage_taken":11,"max_hp_gain":0,"max_hp_loss":0,"event_name":"World of Goop","floor":12,"gold_loss":0},{"damage_healed":0,"gold_gain":0,"player_choice":"Rummage","damage_taken":0,"relics_obtained":["WarpedTongs"],"max_hp_gain":0,"max_hp_loss":0,"event_name":"Accursed Blacksmith","floor":14,"gold_loss":0,"cards_obtained":["Pain"]},{"damage_healed":0,"gold_gain":0,"player_choice":"2 cards matched","damage_taken":0,"max_hp_gain":0,"max_hp_loss":0,"event_name":"Match and Keep!","floor":21,"gold_loss":0,"cards_obtained":["PiercingWail","Neutralize"]},{"damage_healed":0,"gold_gain":0,"player_choice":"Fought Bandits","damage_taken":0,"max_hp_gain":0,"max_hp_loss":0,"event_name":"Masked Bandits","floor":28,"gold_loss":0},{"damage_healed":0,"gold_gain":0,"cards_transformed":["Defend_G","Strike_G"],"player_choice":"Became Test Subject","damage_taken":0,"max_hp_gain":0,"max_hp_loss":0,"event_name":"Drug Dealer","floor":30,"gold_loss":0,"cards_obtained":["Poisoned Stab","Predator"]},{"cards_removed":["Defend_G"],"damage_healed":0,"gold_gain":0,"player_choice":"Elegance","damage_taken":0,"max_hp_gain":0,"max_hp_loss":0,"event_name":"Back to Basics","floor":31,"gold_loss":0},{"damage_healed":0,"gold_gain":0,"player_choice":"Fight","damage_taken":0,"max_hp_gain":0,"max_hp_loss":0,"event_name":"MindBloom","floor":38,"gold_loss":0},{"cards_removed":["Sucker Punch"],"damage_healed":0,"gold_gain":0,"player_choice":"Removed Attack","damage_taken":0,"max_hp_gain":0,"max_hp_loss":0,"event_name":"Falling","floor":45,"gold_loss":0},{"damage_healed":0,"gold_gain":0,"player_choice":"2 cards matched","damage_taken":0,"max_hp_gain":0,"max_hp_loss":0,"event_name":"Match and Keep!","floor":48,"gold_loss":0,"cards_obtained":["Backflip","Bullet Time"]}],"is_beta":false,"boss_relics":[{"not_picked":["Snecko Eye","White Beast Statue"],"picked":"Fusion Hammer"},{"not_picked":["Ring of the Serpent","WristBlade"],"picked":"Busted Crown"}],"items_purged_floors":[4,19,36,39],"is_endless":false,"potions_floor_spawned":[2,10,13,20,25,27,33,35,37,44,47,54],"killed_by":"The Heart","ascension_level":1}