{"gold_per_floor":[115,125,125,8,20,20,20,54,54,65,99,99,112,128,128,225,225,241,252,266,285,285,285,285,285,285,14,49,65,65,78,78,174,174,191,209,227,227,237,237,265,335,335,77,97,36,48,59,59,162,162,172,190,209,209,222,255,255,275,275,275,292,305,305,58,58,155,455,471,92,92,111,37,37,37,37,62,80,94,119,138,157,157,260,260,278,324,342,342,355,355,365,365,400,32,49,49,63,63,63,167,167,182,182,62,79,133,133,19,34,65,77,111,125,125,125,125,230,230,243,253,128,144,69,69,69,4,4],"floor_reached":128,"playtime":16510,"items_purged":["Pain","Melter","Doubt","Regret"],"score":3277,"play_id":"21ae582f-b188-4e80-b9e3-d3a6d3af861e","local_time":"20190914163358","is_ascension_mode":false,"campfire_choices":[{"data":"Barrage","floor":6.0,"key":"SMITH"},{"data":"Consume","floor":12.0,"key":"SMITH"},{"data":"Multi-Cast","floor":15.0,"key":"SMITH"},{"data":"Tempest","floor":23.0,"key":"SMITH"},{"floor":30.0,"key":"REST"},{"floor":32.0,"key":"REST"},{"data":"Defragment","floor":40.0,"key":"SMITH"},{"data":"Echo Form","floor":49.0,"key":"SMITH"},{"data":"Buffer","floor":58.0,"key":"SMITH"},{"data":"Coolheaded","floor":64.0,"key":"SMITH"},{"data":"Zap","floor":66.0,"key":"SMITH"},{"data":"Storm","floor":74.0,"key":"SMITH"},{"data":"Conserve Battery","floor":76.0,"key":"SMITH"},{"data":"Hologram","floor":83.0,"key":"SMITH"},{"floor":91.0,"key":"REST"},{"data":"1","floor":93.0,"key":"LIFT"},{"data":"2","floor":100.0,"key":"LIFT"},{"data":"3","floor":108.0,"key":"LIFT"},{"data":"Thunder Strike","floor":117.0,"key":"SMITH"},{"data":"Sunder","floor":125.0,"key":"SMITH"}],"neow_cost":"","seed_source_timestamp":8004855607300,"circlet_count":0,"master_deck":["Zap+1","Barrage+1","Multi-Cast+1","Cold Snap","Compile Driver","Cold Snap","Conserve Battery+1","Consume+1","Coolheaded+1","Glacier","Sunder+1","Tempest+1","Core Surge","Conserve Battery+1","Undo+1","Sweeping Beam","Reinforced Body","Thunder Strike+1","Buffer+1","Hologram+1","Storm+1","Chill","Fusion+1","Echo Form+1","Self Repair+1","Defragment+1","Doom and Gloom+1","Capacitor+1","Seek+1","Echo Form+1","Cold Snap","Fusion+1","Defragment+1","Stack+1","Darkness+1","Steam+1","Gash","Aggregate+1","Coolheaded+1","Hologram+1","Electrodynamics+1","Clumsy","Redo+1","Rainbow+1","Coolheaded+1","Recycle+1","Doom and Gloom","Redo+1","Defragment+1","Panacea+1","Capacitor+1","Seek+1","Echo Form+1","Amplify+1","Redo+1","Heatsinks+1","Coolheaded+1","Double Energy+1","Loop+1","Conserve Battery+1","BootSequence+1","Double Energy+1","Buffer+1","Biased Cognition+1","Coolheaded+1","Biased Cognition+1","Undo+1"],"special_seed":0,"relics":["Cracked Core","Mummified Hand","Symbiotic Virus","The Courier","Sozu","StoneCalendar","Boot","Bird Faced Urn","Gremlin Horn","Philosopher\u0027s Stone","WarpedTongs","Sundial","Toxic Egg 2","Frozen Egg 2","Kunai","Pandora\u0027s Box","Darkstone Periapt","ClockworkSouvenir","Calling Bell","Bag of Preparation","Meat on the Bone","Old Coin","Lantern","Nuclear Battery","Girya","OrangePellets","Blood Vial","Busted Crown","Nunchaku","Black Star","Oddly Smooth Stone","Shuriken"],"potions_floor_usage":[],"damage_taken":[{"damage":1.0,"enemies":"Cultist","floor":1.0,"turns":3.0},{"damage":0.0,"enemies":"2 Louse","floor":2.0,"turns":2.0},{"damage":3.0,"enemies":"Small Slimes","floor":5.0,"turns":3.0},{"damage":4.0,"enemies":"Gremlin Nob","floor":8.0,"turns":3.0},{"damage":4.0,"enemies":"Red Slaver","floor":10.0,"turns":2.0},{"damage":20.0,"enemies":"3 Sentries","floor":11.0,"turns":5.0},{"damage":0.0,"enemies":"Blue Slaver","floor":13.0,"turns":3.0},{"damage":5.0,"enemies":"Lots of Slimes","floor":14.0,"turns":3.0},{"damage":0.0,"enemies":"Slime Boss","floor":16.0,"turns":5.0},{"damage":0.0,"enemies":"Spheric Guardian","floor":18.0,"turns":4.0},{"damage":1.0,"enemies":"3 Byrds","floor":19.0,"turns":4.0},{"damage":16.0,"enemies":"Snake Plant","floor":20.0,"turns":4.0},{"damage":18.0,"enemies":"Centurion and Healer","floor":21.0,"turns":5.0},{"damage":23.0,"enemies":"Book of Stabbing","floor":28.0,"turns":7.0},{"damage":0.0,"enemies":"Chosen and Byrds","floor":29.0,"turns":7.0},{"damage":10.0,"enemies":"Snake Plant","floor":31.0,"turns":3.0},{"damage":11.0,"enemies":"Collector","floor":33.0,"turns":13.0},{"damage":47.0,"enemies":"3 Darklings","floor":35.0,"turns":7.0},{"damage":0.0,"enemies":"Orb Walker","floor":36.0,"turns":3.0},{"damage":6.0,"enemies":"Jaw Worm Horde","floor":37.0,"turns":3.0},{"damage":4.0,"enemies":"Sphere and 2 Shapes","floor":39.0,"turns":4.0},{"damage":5.0,"enemies":"Nemesis","floor":41.0,"turns":6.0},{"damage":0.0,"enemies":"3 Darklings","floor":45.0,"turns":4.0},{"damage":0.0,"enemies":"4 Shapes","floor":47.0,"turns":6.0},{"damage":11.0,"enemies":"Spire Growth","floor":48.0,"turns":4.0},{"damage":11.0,"enemies":"Donu and Deca","floor":50.0,"turns":8.0},{"damage":0.0,"enemies":"Small Slimes","floor":52.0,"turns":2.0},{"damage":0.0,"enemies":"Cultist","floor":53.0,"turns":3.0},{"damage":13.0,"enemies":"Jaw Worm","floor":54.0,"turns":2.0},{"damage":0.0,"enemies":"2 Fungi Beasts","floor":56.0,"turns":2.0},{"damage":0.0,"enemies":"Lagavulin","floor":57.0,"turns":4.0},{"damage":0.0,"enemies":"3 Louse","floor":59.0,"turns":1.0},{"damage":0.0,"enemies":"Exordium Thugs","floor":62.0,"turns":2.0},{"damage":0.0,"enemies":"2 Fungi Beasts","floor":63.0,"turns":2.0},{"damage":0.0,"enemies":"Hexaghost","floor":67.0,"turns":6.0},{"damage":0.0,"enemies":"Shell Parasite","floor":69.0,"turns":4.0},{"damage":0.0,"enemies":"Chosen","floor":72.0,"turns":3.0},{"damage":37.0,"enemies":"Slavers","floor":77.0,"turns":2.0},{"damage":0.0,"enemies":"Snecko","floor":78.0,"turns":3.0},{"damage":0.0,"enemies":"Snake Plant","floor":79.0,"turns":2.0},{"damage":0.0,"enemies":"Gremlin Leader","floor":80.0,"turns":4.0},{"damage":19.0,"enemies":"Shelled Parasite and Fungi","floor":81.0,"turns":3.0},{"damage":0.0,"enemies":"Centurion and Healer","floor":82.0,"turns":2.0},{"damage":23.0,"enemies":"Automaton","floor":84.0,"turns":5.0},{"damage":41.0,"enemies":"3 Darklings","floor":86.0,"turns":3.0},{"damage":37.0,"enemies":"2 Orb Walkers","floor":87.0,"turns":3.0},{"damage":21.0,"enemies":"Orb Walker","floor":88.0,"turns":2.0},{"damage":14.0,"enemies":"3 Darklings","floor":90.0,"turns":2.0},{"damage":0.0,"enemies":"Sphere and 2 Shapes","floor":92.0,"turns":2.0},{"damage":71.0,"enemies":"Reptomancer","floor":94.0,"turns":5.0},{"damage":0.0,"enemies":"Spire Growth","floor":96.0,"turns":3.0},{"damage":0.0,"enemies":"Jaw Worm Horde","floor":98.0,"turns":3.0},{"damage":41.0,"enemies":"Awakened One","floor":101.0,"turns":8.0},{"damage":0.0,"enemies":"2 Louse","floor":103.0,"turns":1.0},{"damage":0.0,"enemies":"Jaw Worm","floor":106.0,"turns":2.0},{"damage":0.0,"enemies":"Small Slimes","floor":110.0,"turns":1.0},{"damage":0.0,"enemies":"3 Sentries","floor":111.0,"turns":3.0},{"damage":0.0,"enemies":"Exordium Thugs","floor":112.0,"turns":2.0},{"damage":0.0,"enemies":"Lagavulin","floor":113.0,"turns":1.0},{"damage":0.0,"enemies":"Blue Slaver","floor":114.0,"turns":2.0},{"damage":0.0,"enemies":"Slime Boss","floor":118.0,"turns":3.0},{"damage":0.0,"enemies":"Chosen","floor":120.0,"turns":3.0},{"damage":0.0,"enemies":"Spheric Guardian","floor":121.0,"turns":2.0},{"damage":0.0,"enemies":"3 Cultists","floor":123.0,"turns":3.0},{"damage":105,"enemies":"Slavers","floor":128,"turns":2}],"seed_played":"-7311578770974310333","potions_obtained":[{"floor":1.0,"key":"Energy Potion"},{"floor":10.0,"key":"Energy Potion"},{"floor":11.0,"key":"Poison Potion"},{"floor":14.0,"key":"Poison Potion"}],"is_trial":true,"path_per_floor":["M","M","?","$","M","R","$","E","T","M","E","R","M","M","R","B",null,"M","M","M","M","?","R","?","?","T","$","E","M","R","M","R","B",null,"M","M","M","?","M","R","E","T","T","$","M","$","M","M","R","B",null,"M","M","M","?","M","E","R","M","T","?","M","M","R","$","R","B",null,"M","$","?","M","$","R","?","R","E","M","M","E","M","M","R","B",null,"M","?","M","?","M","R","M","R","E","$","M","$","M","?","R","B",null,"M","?","$","M","?","R","$","M","E","M","E","M","$","?","R","B",null,"M","M","$","M","?","R","?","?","E"],"character_chosen":"DEFECT","items_purchased":["Compile Driver","Cold Snap","Conserve Battery","Bird Faced Urn","Hologram","Kunai","Capacitor+1","ClockworkSouvenir","Rainbow+1","Coolheaded+1","Recycle+1","Lantern","Panacea+1","OrangePellets","Blood Vial","Conserve Battery+1","BootSequence+1","Biased Cognition+1","Oddly Smooth Stone"],"campfire_rested":3,"item_purchase_floors":[4,4,4,27,27,44,46,65,70,70,70,70,73,95,95,95,95,109,122],"current_hp_per_floor":[74,74,74,74,71,71,71,67,67,63,43,43,43,38,38,38,75,75,74,58,40,40,40,40,40,40,40,17,21,43,33,55,48,75,34,38,36,36,50,50,67,67,67,67,75,75,75,66,66,67,75,75,75,75,60,64,75,75,75,75,68,75,75,75,75,75,75,93,93,93,93,93,93,93,93,93,62,93,93,93,93,93,93,93,93,64,57,56,56,62,89,93,93,70,70,92,92,93,93,93,92,93,93,99,99,99,99,99,99,99,99,99,99,99,99,99,99,99,99,99,99,99,99,99,99,99,99,0],"gold":4,"neow_bonus":"","is_prod":false,"is_daily":false,"chose_seed":false,"campfire_upgraded":14,"win_rate":0,"timestamp":1568504038,"path_taken":["M","?","?","?","M","R","$","E","T","M","E","R","M","M","R","BOSS","M","M","M","?","?","R","?","?","T","$","E","?","R","M","R","BOSS","M","M","M","?","?","R","E","?","T","?","M","$","M","M","R","BOSS","M","M","M","?","M","E","R","M","T","?","M","M","R","$","R","BOSS","M","$","?","M","$","R","?","R","E","M","?","E","M","M","R","BOSS","M","?","M","?","M","R","M","R","E","$","M","$","M","?","R","BOSS","M","?","$","M","?","R","$","M","E","M","E","M","$","?","R","BOSS","M","M","$","M","?","R","?","?","E"],"build_version":"2019-07-17","purchased_purges":4,"victory":false,"max_hp_per_floor":[75,75,75,75,75,75,75,75,75,75,75,75,75,75,75,75,75,75,75,75,75,75,75,75,75,75,75,75,75,75,75,75,75,75,75,75,75,75,75,75,75,75,75,75,75,75,75,75,75,75,75,75,75,75,75,75,75,75,75,75,75,75,75,75,75,75,75,93,93,93,93,93,93,93,93,93,93,93,93,93,93,93,93,93,93,93,93,93,93,93,93,93,93,93,93,93,93,93,93,93,93,93,93,99,99,99,99,99,99,99,99,99,99,99,99,99,99,99,99,99,99,99,99,99,99,99,99,99],"card_choices":[{"not_picked":["Auto Shields","Rebound"],"picked":"Streamline","floor":1.0},{"not_picked":["Beam Cell","Blizzard"],"picked":"Barrage","floor":2.0},{"not_picked":["Lockon","Barrage","Compile Driver"],"picked":"SKIP","floor":5.0},{"not_picked":["Blizzard","Go for the Eyes"],"picked":"Consume","floor":8.0},{"not_picked":["Recycle","Heatsinks"],"picked":"Coolheaded","floor":10.0},{"not_picked":["Reprogram","Auto Shields"],"picked":"Glacier","floor":11.0},{"not_picked":["Steam","Chill"],"picked":"Sunder","floor":13.0},{"not_picked":["Chaos","Barrage"],"picked":"Tempest","floor":14.0},{"not_picked":["Meteor Strike","Echo Form"],"picked":"Core Surge","floor":16.0},{"not_picked":["Fusion","Static Discharge+1"],"picked":"Conserve Battery","floor":18.0},{"not_picked":["Force Field","Fusion"],"picked":"Undo","floor":19.0},{"not_picked":["Consume","Steam Power"],"picked":"Sweeping Beam","floor":20.0},{"not_picked":["Barrage+1","Sweeping Beam"],"picked":"Reinforced Body","floor":21.0},{"not_picked":["Conserve Battery","Melter+1"],"picked":"Storm","floor":28.0},{"not_picked":["Streamline+1","Steam"],"picked":"Chill","floor":29.0},{"not_picked":["Conserve Battery+1","Stack"],"picked":"Fusion+1","floor":31.0},{"not_picked":["Rainbow","Electrodynamics"],"picked":"Echo Form","floor":33.0},{"not_picked":["Steam","Auto Shields","Go for the Eyes+1"],"picked":"SKIP","floor":35.0},{"not_picked":["Rip and Tear","Barrage"],"picked":"Self Repair+1","floor":36.0},{"not_picked":["Skim","Beam Cell+1"],"picked":"Defragment","floor":37.0},{"not_picked":["Barrage+1","Go for the Eyes+1","Steam"],"picked":"SKIP","floor":39.0},{"not_picked":["Coolheaded","Fusion+1"],"picked":"Doom and Gloom+1","floor":41.0},{"not_picked":["Sweeping Beam","Hologram+1","Reprogram+1"],"picked":"SKIP","floor":45.0},{"not_picked":["Barrage","Redo+1","Lockon+1"],"picked":"SKIP","floor":47.0},{"not_picked":["Consume+1","Coolheaded+1"],"picked":"Seek+1","floor":48.0},{"not_picked":["Creative AI+1","Hyperbeam"],"picked":"Echo Form+1","floor":50.0},{"not_picked":["Consume+1","Barrage"],"picked":"Steam+1","floor":52.0},{"not_picked":["Redo+1","Auto Shields+1"],"picked":"Gash","floor":53.0},{"not_picked":["Cold Snap","Stack+1","Redo+1"],"picked":"SKIP","floor":54.0},{"not_picked":["Static Discharge+1","Leap+1","Reinforced Body+1"],"picked":"SKIP","floor":56.0},{"not_picked":["Streamline","Go for the Eyes"],"picked":"Aggregate+1","floor":57.0},{"not_picked":["Scrape","Skim+1"],"picked":"Coolheaded+1","floor":59.0},{"not_picked":["Tempest+1","Turbo+1"],"picked":"Hologram+1","floor":62.0},{"not_picked":["Cold Snap","Barrage","Scrape"],"picked":"SKIP","floor":63.0},{"not_picked":["Fission+1","Thunder Strike"],"picked":"Electrodynamics+1","floor":67.0},{"not_picked":["Reprogram+1","Sweeping Beam+1"],"picked":"Redo+1","floor":69.0},{"not_picked":["Auto Shields+1","Beam Cell"],"picked":"Defragment+1","floor":72.0},{"not_picked":["Conserve Battery+1","Stack+1"],"picked":"Seek+1","floor":77.0},{"not_picked":["Self Repair+1","Lockon","Storm+1"],"picked":"SKIP","floor":78.0},{"not_picked":["Beam Cell","Rebound","Stack+1"],"picked":"SKIP","floor":79.0},{"not_picked":["Redo+1","Ball Lightning","Scrape+1"],"picked":"SKIP","floor":80.0},{"not_picked":["Beam Cell+1","Rebound+1","Cold Snap"],"picked":"SKIP","floor":81.0},{"not_picked":["Rip and Tear","Cold Snap+1"],"picked":"Echo Form+1","floor":82.0},{"not_picked":["Electrodynamics+1","Fission+1"],"picked":"Amplify+1","floor":84.0},{"not_picked":["Barrage","Redo+1","Streamline+1"],"picked":"SKIP","floor":86.0},{"not_picked":["Ball Lightning+1","Storm+1"],"picked":"Redo+1","floor":87.0},{"not_picked":["Rebound","Multi-Cast+1"],"picked":"Heatsinks+1","floor":88.0},{"not_picked":["Go for the Eyes+1","Cold Snap+1"],"picked":"Coolheaded+1","floor":90.0},{"not_picked":["Rebound+1","Scrape+1"],"picked":"Double Energy+1","floor":92.0},{"not_picked":["Beam Cell","Redo+1"],"picked":"Loop+1","floor":94.0},{"not_picked":["Leap+1","Stack+1"],"picked":"Double Energy+1","floor":96.0},{"not_picked":["Rainbow+1","Leap+1"],"picked":"Darkness+1","floor":98.0},{"not_picked":["Machine Learning+1","Meteor Strike"],"picked":"Buffer+1","floor":101.0},{"not_picked":["Go for the Eyes"],"picked":"SKIP","floor":103.0},{"not_picked":["Stack+1"],"picked":"SKIP","floor":106.0},{"not_picked":["Ball Lightning"],"picked":"SKIP","floor":110.0},{"not_picked":["Leap+1"],"picked":"SKIP","floor":111.0},{"not_picked":["Auto Shields+1"],"picked":"SKIP","floor":112.0},{"not_picked":[],"picked":"Coolheaded+1","floor":113.0},{"not_picked":["Conserve Battery+1"],"picked":"SKIP","floor":114.0},{"not_picked":[],"picked":"Biased Cognition+1","floor":118.0},{"not_picked":["Chaos+1"],"picked":"SKIP","floor":120.0},{"not_picked":["Cold Snap+1"],"picked":"SKIP","floor":121.0},{"not_picked":["Rebound+1"],"picked":"SKIP","floor":123.0}],"player_experience":972579,"relics_obtained":[{"floor":8.0,"key":"Mummified Hand"},{"floor":9.0,"key":"Symbiotic Virus"},{"floor":11.0,"key":"The Courier"},{"floor":26.0,"key":"Boot"},{"floor":28.0,"key":"Gremlin Horn"},{"floor":41.0,"key":"Sundial"},{"floor":42.0,"key":"Toxic Egg 2"},{"floor":43.0,"key":"Frozen Egg 2"},{"floor":60.0,"key":"Darkstone Periapt"},{"floor":68.0,"key":"Bag of Preparation"},{"floor":68.0,"key":"Meat on the Bone"},{"floor":68.0,"key":"Old Coin"},{"floor":87.0,"key":"Girya"}],"event_choices":[{"damage_healed":0.0,"max_hp_gain":0.0,"max_hp_loss":0.0,"gold_gain":0.0,"event_name":"Match and Keep!","player_choice":"2 cards matched","floor":3.0,"gold_loss":0.0,"damage_taken":0.0,"cards_obtained":["Multi-Cast","Cold Snap"]},{"damage_healed":0.0,"max_hp_gain":0.0,"max_hp_loss":0.0,"gold_gain":0.0,"event_name":"The Mausoleum","player_choice":"Opened","floor":22.0,"gold_loss":0.0,"damage_taken":0.0,"relics_obtained":["StoneCalendar"]},{"damage_healed":0.0,"max_hp_gain":0.0,"max_hp_loss":0.0,"gold_gain":0.0,"event_name":"The Library","player_choice":"Read","floor":24.0,"gold_loss":0.0,"damage_taken":0.0,"cards_obtained":["Thunder Strike"]},{"damage_healed":0.0,"max_hp_gain":0.0,"max_hp_loss":0.0,"gold_gain":0.0,"cards_transformed":["Strike_B"],"event_name":"Transmorgrifier","player_choice":"Transformed","floor":25.0,"gold_loss":0.0,"damage_taken":0.0,"cards_obtained":["Buffer"]},{"damage_healed":0.0,"max_hp_gain":0.0,"max_hp_loss":0.0,"gold_gain":0.0,"event_name":"Accursed Blacksmith","player_choice":"Rummage","floor":38.0,"gold_loss":0.0,"damage_taken":0.0,"relics_obtained":["WarpedTongs"],"cards_obtained":["Pain"]},{"damage_healed":0.0,"max_hp_gain":0.0,"max_hp_loss":0.0,"gold_gain":0.0,"event_name":"Shining Light","player_choice":"Entered Light","floor":55.0,"gold_loss":0.0,"damage_taken":15.0,"cards_upgraded":["Undo","Conserve Battery"]},{"cards_removed":["Streamline"],"damage_healed":0.0,"max_hp_gain":0.0,"max_hp_loss":0.0,"gold_gain":0.0,"event_name":"Golden Wing","player_choice":"Card Removal","floor":61.0,"gold_loss":0.0,"damage_taken":7.0},{"damage_healed":0.0,"max_hp_gain":0.0,"max_hp_loss":0.0,"gold_gain":0.0,"cards_transformed":["Dualcast","Streamline"],"event_name":"Drug Dealer","player_choice":"Became Test Subject","floor":71.0,"gold_loss":0.0,"damage_taken":0.0,"cards_obtained":["Doom and Gloom","Redo"]},{"damage_healed":0.0,"max_hp_gain":0.0,"max_hp_loss":0.0,"gold_gain":0.0,"event_name":"Duplicator","player_choice":"Copied","floor":75.0,"gold_loss":0.0,"damage_taken":0.0,"cards_obtained":["Capacitor"]},{"damage_healed":0.0,"max_hp_gain":0.0,"max_hp_loss":0.0,"gold_gain":0.0,"event_name":"Mysterious Sphere","player_choice":"Fight","floor":87.0,"gold_loss":0.0,"damage_taken":0.0},{"damage_healed":0.0,"max_hp_gain":0.0,"max_hp_loss":0.0,"gold_gain":0.0,"event_name":"Tomb of Lord Red Mask","player_choice":"Ignored","floor":89.0,"gold_loss":0.0,"damage_taken":0.0},{"cards_removed":["Darkness"],"damage_healed":0.0,"max_hp_gain":0.0,"max_hp_loss":0.0,"gold_gain":0.0,"event_name":"Falling","player_choice":"Removed Skill","floor":99.0,"gold_loss":0.0,"damage_taken":0.0},{"damage_healed":0.0,"max_hp_gain":0.0,"max_hp_loss":0.0,"gold_gain":0.0,"event_name":"Big Fish","player_choice":"Box","floor":104.0,"gold_loss":0.0,"damage_taken":0.0,"relics_obtained":["Nunchaku"],"cards_obtained":["Regret"]},{"damage_healed":0.0,"max_hp_gain":0.0,"max_hp_loss":0.0,"gold_gain":54.0,"event_name":"Golden Wing","player_choice":"Gained Gold","floor":107.0,"gold_loss":0.0,"damage_taken":0.0},{"damage_healed":0.0,"max_hp_gain":0.0,"max_hp_loss":0.0,"gold_gain":0.0,"event_name":"The Cleric","player_choice":"Leave","floor":116.0,"gold_loss":0.0,"damage_taken":0.0},{"cards_removed":["Doubt"],"damage_healed":0.0,"max_hp_gain":0.0,"max_hp_loss":0.0,"gold_gain":0.0,"event_name":"Beggar","player_choice":"Gave Gold","floor":124.0,"gold_loss":75.0,"damage_taken":0.0},{"damage_healed":0.0,"max_hp_gain":0.0,"max_hp_loss":0.0,"gold_gain":0.0,"event_name":"The Library","player_choice":"Read","floor":126.0,"gold_loss":0.0,"damage_taken":0.0,"cards_obtained":["Undo"]},{"damage_healed":0.0,"max_hp_gain":0.0,"max_hp_loss":0.0,"gold_gain":0.0,"event_name":"WeMeetAgain","player_choice":"Paid Gold","floor":127.0,"gold_loss":65.0,"damage_taken":0.0,"relics_obtained":["Shuriken"]}],"is_beta":false,"boss_relics":[{"not_picked":["Fusion Hammer","Eternal Feather"],"picked":"Sozu"},{"not_picked":["Tiny House","Snecko Eye"],"picked":"Philosopher\u0027s Stone"},{"not_picked":["Empty Cage","FrozenCore"],"picked":"Pandora\u0027s Box"},{"not_picked":["Empty Cage","Lizard Tail"],"picked":"Calling Bell"},{"not_picked":["Eternal Feather","Runic Dome"],"picked":"Nuclear Battery"},{"not_picked":["Cursed Key","Tiny House"],"picked":"Busted Crown"},{"not_picked":["Astrolabe","Velvet Choker"],"picked":"Black Star"}],"items_purged_floors":[44,65,70,105],"is_endless":true,"potions_floor_spawned":[1,10,11,14,20,21,28,29,35,37,47,50,56,57,62,63,67,79,81,82,84,86,90,94,98,106,110,112,114,120,123],"killed_by":"Slavers","ascension_level":0}