{"gold_per_floor":[15,33,48,74,87,87,119,119,119,294,310,330,348,373,373,469,469,486,52,52,62,22,22,41,41,122,149,159,172,182,182,182,182],"floor_reached":33,"playtime":1545,"items_purged":["Doubt"],"score":306,"play_id":"5d515a98-48a5-4c60-8c33-afe1589fd82c","local_time":"20190811213733","is_ascension_mode":false,"campfire_choices":[{"data":"Bouncing Flask","floor":6.0,"key":"SMITH"},{"floor":8.0,"key":"REST"},{"floor":15.0,"key":"REST"},{"data":"Apotheosis","floor":23.0,"key":"SMITH"},{"data":"Catalyst","floor":25.0,"key":"SMITH"},{"floor":32.0,"key":"REST"}],"neow_cost":"NO_GOLD","seed_source_timestamp":25497817137634,"circlet_count":0,"master_deck":["Strike_G","Strike_G","Strike_G","Strike_G","Defend_G","Defend_G","Defend_G","Defend_G","Defend_G","Survivor","Neutralize","After Image","Bouncing Flask+1","Backflip","Dash","Outmaneuver","Deflect","Backstab","Backstab","Catalyst+1","Burst","PiercingWail","Apotheosis+1","Catalyst","Backstab","Crippling Poison","Deadly Poison+1","Footwork","Backstab+1","Bane+1","Storm of Steel"],"special_seed":0,"relics":["Ring of the Snake","Smiling Mask","Question Card","Bag of Preparation","Sozu","Lantern","Molten Egg 2","Unceasing Top"],"potions_floor_usage":[],"damage_taken":[{"damage":0.0,"enemies":"Cultist","floor":1.0,"turns":4.0},{"damage":3.0,"enemies":"Jaw Worm","floor":2.0,"turns":4.0},{"damage":0.0,"enemies":"Small Slimes","floor":3.0,"turns":8.0},{"damage":2.0,"enemies":"3 Louse","floor":5.0,"turns":4.0},{"damage":44.0,"enemies":"Gremlin Nob","floor":7.0,"turns":7.0},{"damage":0.0,"enemies":"Gremlin Gang","floor":11.0,"turns":7.0},{"damage":4.0,"enemies":"Large Slime","floor":12.0,"turns":7.0},{"damage":0.0,"enemies":"2 Fungi Beasts","floor":13.0,"turns":5.0},{"damage":11.0,"enemies":"3 Sentries","floor":14.0,"turns":6.0},{"damage":19.0,"enemies":"The Guardian","floor":16.0,"turns":8.0},{"damage":8.0,"enemies":"Chosen","floor":18.0,"turns":6.0},{"damage":6.0,"enemies":"Spheric Guardian","floor":21.0,"turns":3.0},{"damage":0.0,"enemies":"Snecko","floor":24.0,"turns":2.0},{"damage":7.0,"enemies":"Slavers","floor":27.0,"turns":6.0},{"damage":16.0,"enemies":"Shelled Parasite and Fungi","floor":28.0,"turns":4.0},{"damage":0.0,"enemies":"Chosen and Byrds","floor":29.0,"turns":4.0},{"damage":0.0,"enemies":"Centurion and Healer","floor":30.0,"turns":5.0},{"damage":62,"enemies":"Collector","floor":33,"turns":5}],"seed_played":"6242832029195455157","potions_obtained":[{"floor":3.0,"key":"PowerPotion"},{"floor":11.0,"key":"SkillPotion"},{"floor":12.0,"key":"Fire Potion"},{"floor":14.0,"key":"SpeedPotion"},{"floor":16.0,"key":"Strength Potion"}],"is_trial":false,"path_per_floor":["M","M","M","T","M","R","E","R","T","?","M","M","M","E","R","B",null,"M","$","?","M","$","R","M","R","T","E","M","M","M","?","R","B"],"character_chosen":"THE_SILENT","items_purchased":["Lantern","Apotheosis","Catalyst","Crippling Poison"],"campfire_rested":3,"item_purchase_floors":[19,19,19,22],"current_hp_per_floor":[70,67,67,67,65,65,21,42,42,42,42,38,38,27,48,29,70,62,62,62,56,56,56,56,56,56,49,33,33,33,33,54,0],"gold":182,"neow_bonus":"THREE_RARE_CARDS","is_prod":false,"is_daily":false,"chose_seed":false,"campfire_upgraded":3,"win_rate":0,"timestamp":1565573853,"path_taken":["M","M","M","?","M","R","E","R","T","?","M","M","M","E","R","BOSS","M","$","?","M","$","R","M","R","T","E","M","M","M","?","R","BOSS"],"build_version":"2019-07-17","purchased_purges":1,"victory":false,"max_hp_per_floor":[70,70,70,70,70,70,70,70,70,70,70,70,70,70,70,70,70,70,70,70,70,70,70,70,70,70,70,70,70,70,70,70,70],"card_choices":[{"not_picked":["Phantasmal Killer","Die Die Die"],"picked":"After Image","floor":0.0},{"not_picked":["Acrobatics","Sucker Punch"],"picked":"Bouncing Flask","floor":1.0},{"not_picked":["Prepared","Deflect"],"picked":"Backflip","floor":2.0},{"not_picked":["Skewer","Dagger Spray"],"picked":"Dash","floor":3.0},{"not_picked":["Quick Slash","Cloak And Dagger"],"picked":"Outmaneuver","floor":5.0},{"not_picked":["Setup","Sucker Punch"],"picked":"Deflect","floor":7.0},{"not_picked":["Deflect","Slice","Outmaneuver","Quick Slash"],"picked":"SKIP","floor":11.0},{"not_picked":["Quick Slash","Cloak And Dagger","Reflex"],"picked":"Backstab","floor":12.0},{"not_picked":["Deflect","Endless Agony","Grand Finale"],"picked":"Backstab","floor":13.0},{"not_picked":["Underhanded Strike","Skewer","Dash"],"picked":"Catalyst","floor":14.0},{"not_picked":["A Thousand Cuts","Die Die Die","Phantasmal Killer"],"picked":"Burst","floor":16.0},{"not_picked":["Setup+1","Riddle With Holes","Flying Knee"],"picked":"PiercingWail","floor":18.0},{"not_picked":["Dagger Throw","Bane","Prepared"],"picked":"Backstab","floor":21.0},{"not_picked":["Infinite Blades","Dash","Distraction"],"picked":"Deadly Poison+1","floor":24.0},{"not_picked":["Dodge and Roll+1","Sucker Punch+1","Concentrate"],"picked":"Footwork","floor":27.0},{"not_picked":["Blade Dance","Leg Sweep","Setup"],"picked":"Backstab+1","floor":28.0},{"not_picked":["Cloak And Dagger","Poisoned Stab+1","Grand Finale+1"],"picked":"Bane+1","floor":29.0},{"not_picked":["PiercingWail","Underhanded Strike+1","Distraction","Deadly Poison"],"picked":"SKIP","floor":30.0}],"player_experience":536955,"relics_obtained":[{"floor":7.0,"key":"Smiling Mask"},{"floor":9.0,"key":"Question Card"},{"floor":14.0,"key":"Bag of Preparation"},{"floor":26.0,"key":"Molten Egg 2"},{"floor":27.0,"key":"Unceasing Top"}],"event_choices":[{"damage_healed":0.0,"max_hp_gain":0.0,"max_hp_loss":0.0,"gold_gain":175.0,"event_name":"Liars Game","player_choice":"AGREE","floor":10.0,"gold_loss":0.0,"damage_taken":0.0,"cards_obtained":["Doubt"]},{"damage_healed":0.0,"max_hp_gain":0.0,"max_hp_loss":0.0,"gold_gain":0.0,"event_name":"Ghosts","player_choice":"Ignored","floor":20.0,"gold_loss":0.0,"damage_taken":0.0},{"damage_healed":0.0,"max_hp_gain":0.0,"max_hp_loss":0.0,"gold_gain":0.0,"cards_transformed":["Strike_G"],"event_name":"Transmorgrifier","player_choice":"Transformed","floor":31.0,"gold_loss":0.0,"damage_taken":0.0,"cards_obtained":["Storm of Steel"]}],"is_beta":false,"boss_relics":[{"not_picked":["Empty Cage","Runic Dome"],"picked":"Sozu"}],"items_purged_floors":[19],"is_endless":false,"potions_floor_spawned":[3,11,12,14,16,18,28],"killed_by":"Collector","ascension_level":0}