{"gold_per_floor":[149,159,159,8,28,56,56,88,114,141,157,157,157,168,168,268,268,287,300,327,341,266,299,574,606,606,215,215,225,225,238,238,341,341,353,373,385,134,134,165,21,21,21,21,54,54,66,78,78,78,78,78,78,105,105],"floor_reached":56,"playtime":2842,"items_purged":["Regret"],"score":1590,"play_id":"b06014e1-d138-4712-ad0e-a5e61bfb6659","local_time":"20190812100245","is_ascension_mode":false,"campfire_choices":[{"data":"Barricade","floor":7.0,"key":"SMITH"},{"data":"Whirlwind","floor":12.0,"key":"SMITH"},{"data":"Entrench","floor":15.0,"key":"SMITH"},{"data":"Impervious","floor":28.0,"key":"SMITH"},{"data":"Impervious","floor":32.0,"key":"SMITH"},{"data":"Armaments","floor":44.0,"key":"SMITH"},{"floor":46.0,"key":"RECALL"},{"data":"Double Tap","floor":49.0,"key":"SMITH"},{"data":"Body Slam","floor":52.0,"key":"SMITH"}],"neow_cost":"NONE","seed_source_timestamp":38339697868800,"circlet_count":0,"master_deck":["Strike_R","Strike_R","Strike_R","Strike_R","Strike_R","Defend_R","Defend_R","Defend_R","Bash","Shrug It Off","Impervious+1","Entrench+1","Barricade+1","Impervious+1","Whirlwind+1","Seeing Red","Double Tap+1","Body Slam+1","Spot Weakness","Pummel","Shockwave+1","Immolate","Shrug It Off+1","Armaments+1","Flex","Parasite","Regret","Armaments+1","Battle Trance+1"],"special_seed":0,"relics":["Burning Blood","Tiny Chest","Dream Catcher","Red Skull","PreservedInsect","Regal Pillow","Potion Belt","Bottled Tornado","Velvet Choker","Red Mask","Ancient Tea Set","Bottled Lightning","Dodecahedron","Cursed Key","ClockworkSouvenir","Dead Branch","Bird Faced Urn","Vajra","Pantograph","Art of War","Incense Burner","Gremlin Horn"],"potions_floor_usage":[55,55,55,55,55],"damage_taken":[{"damage":5.0,"enemies":"Cultist","floor":1.0,"turns":4.0},{"damage":2.0,"enemies":"Small Slimes","floor":2.0,"turns":4.0},{"damage":3.0,"enemies":"Jaw Worm","floor":5.0,"turns":6.0},{"damage":34.0,"enemies":"Gremlin Nob","floor":6.0,"turns":5.0},{"damage":20.0,"enemies":"Lagavulin","floor":8.0,"turns":12.0},{"damage":10.0,"enemies":"3 Sentries","floor":10.0,"turns":11.0},{"damage":0.0,"enemies":"Lots of Slimes","floor":11.0,"turns":1.0},{"damage":5.0,"enemies":"Looter","floor":14.0,"turns":2.0},{"damage":0.0,"enemies":"Hexaghost","floor":16.0,"turns":24.0},{"damage":0.0,"enemies":"3 Byrds","floor":18.0,"turns":5.0},{"damage":5.0,"enemies":"Shell Parasite","floor":19.0,"turns":9.0},{"damage":0.0,"enemies":"Masked Bandits","floor":20.0,"turns":2.0},{"damage":12.0,"enemies":"Shelled Parasite and Fungi","floor":21.0,"turns":6.0},{"damage":0.0,"enemies":"Book of Stabbing","floor":23.0,"turns":6.0},{"damage":2.0,"enemies":"Gremlin Leader","floor":25.0,"turns":6.0},{"damage":0.0,"enemies":"Cultist and Chosen","floor":29.0,"turns":4.0},{"damage":0.0,"enemies":"Snake Plant","floor":31.0,"turns":2.0},{"damage":0.0,"enemies":"Collector","floor":33.0,"turns":5.0},{"damage":0.0,"enemies":"3 Darklings","floor":35.0,"turns":4.0},{"damage":0.0,"enemies":"Orb Walker","floor":36.0,"turns":3.0},{"damage":0.0,"enemies":"Transient","floor":37.0,"turns":5.0},{"damage":0.0,"enemies":"Nemesis","floor":40.0,"turns":5.0},{"damage":1.0,"enemies":"Reptomancer","floor":45.0,"turns":6.0},{"damage":0.0,"enemies":"Sphere and 2 Shapes","floor":47.0,"turns":4.0},{"damage":1.0,"enemies":"4 Shapes","floor":48.0,"turns":3.0},{"damage":5.0,"enemies":"Awakened One","floor":50.0,"turns":8.0},{"damage":1.0,"enemies":"Shield and Spear","floor":54.0,"turns":5.0},{"damage":2,"enemies":"The Heart","floor":55,"turns":8}],"seed_played":"-6077111195173084785","potions_obtained":[{"floor":1.0,"key":"LiquidBronze"},{"floor":5.0,"key":"Poison Potion"},{"floor":6.0,"key":"Poison Potion"},{"floor":14.0,"key":"Energy Potion"},{"floor":19.0,"key":"SpeedPotion"},{"floor":21.0,"key":"Block Potion"},{"floor":25.0,"key":"Dexterity Potion"},{"floor":29.0,"key":"LiquidBronze"},{"floor":31.0,"key":"Ancient Potion"}],"is_trial":false,"path_per_floor":["M","M","?","$","M","E","R","E","T","E","M","R","T","M","R","B",null,"M","M","?","M","?","E","?","E","T","$","R","M","?","M","R","B",null,"M","M","M","$","T","E","$","?","T","R","E","R","M","M","R","B",null,"R","$","E","B",null],"character_chosen":"IRONCLAD","items_purchased":["Dream Catcher","Dodecahedron","Shockwave","ClockworkSouvenir","Flex","Vajra"],"campfire_rested":0,"item_purchase_floors":[4,27,27,38,38,41],"current_hp_per_floor":[80,80,80,80,80,52,52,38,38,34,40,40,40,41,41,47,80,80,80,80,74,74,80,80,80,80,80,80,80,80,80,80,80,80,80,80,80,80,80,80,80,80,80,80,80,80,80,80,80,80,80,80,80,80,80],"gold":105,"neow_bonus":"RANDOM_COMMON_RELIC","is_prod":false,"is_daily":false,"chose_seed":false,"campfire_upgraded":8,"win_rate":0,"timestamp":1565618565,"path_taken":["M","?","?","?","M","E","R","E","T","E","M","R","?","M","R","BOSS","M","?","?","M","?","E","?","E","T","$","R","?","?","M","R","BOSS","M","M","M","$","?","E","$","?","T","R","E","R","?","M","R","BOSS","R","$","E","BOSS"],"build_version":"2019-07-17","purchased_purges":1,"victory":true,"max_hp_per_floor":[80,80,80,80,80,80,80,80,80,80,80,80,80,80,80,80,80,80,80,80,80,80,80,80,80,80,80,80,80,80,80,80,80,80,80,80,80,80,80,80,80,80,80,80,80,80,80,80,80,80,80,80,80,80,80],"card_choices":[{"not_picked":["Fire Breathing","Blood for Blood"],"picked":"Shrug It Off","floor":1.0},{"not_picked":["Wild Strike","Headbutt","Clash"],"picked":"SKIP","floor":2.0},{"not_picked":["True Grit","Wild Strike","Headbutt"],"picked":"SKIP","floor":5.0},{"not_picked":["True Grit","Dual Wield"],"picked":"Barricade","floor":6.0},{"not_picked":["Fire Breathing","Perfected Strike"],"picked":"Impervious","floor":8.0},{"not_picked":["Pommel Strike","Shrug It Off"],"picked":"Whirlwind","floor":10.0},{"not_picked":["Sword Boomerang","Hemokinesis"],"picked":"Seeing Red","floor":11.0},{"not_picked":["Cleave","Shrug It Off","Havoc"],"picked":"SKIP","floor":14.0},{"not_picked":["Immolate","Fiend Fire"],"picked":"Double Tap","floor":16.0},{"not_picked":["Second Wind","Anger"],"picked":"Body Slam","floor":18.0},{"not_picked":["Rage+1","True Grit"],"picked":"Spot Weakness","floor":19.0},{"not_picked":["Havoc","Uppercut","Offering"],"picked":"SKIP","floor":21.0},{"not_picked":["Disarm+1","Shrug It Off"],"picked":"Pummel","floor":23.0},{"not_picked":["Clash","Warcry","Pommel Strike"],"picked":"SKIP","floor":25.0},{"not_picked":["Havoc","Twin Strike","Warcry+1"],"picked":"SKIP","floor":29.0},{"not_picked":["Sword Boomerang","Brutality","Twin Strike"],"picked":"SKIP","floor":31.0},{"not_picked":["Barricade","Offering"],"picked":"Immolate","floor":33.0},{"not_picked":["Iron Wave","Clash+1"],"picked":"Shrug It Off+1","floor":35.0},{"not_picked":["Headbutt+1","Cleave","Exhume"],"picked":"SKIP","floor":36.0},{"not_picked":["True Grit+1","Sever Soul"],"picked":"Armaments","floor":37.0},{"not_picked":["Rupture","Shrug It Off+1","Twin Strike"],"picked":"SKIP","floor":40.0},{"not_picked":["Thunderclap+1","Second Wind"],"picked":"Armaments+1","floor":45.0},{"not_picked":["Warcry","Clothesline+1","Pommel Strike"],"picked":"SKIP","floor":47.0},{"not_picked":["Cleave","Iron Wave+1"],"picked":"Battle Trance+1","floor":48.0},{"not_picked":["Barricade","Combust","Twin Strike"],"picked":"SKIP","floor":54.0}],"player_experience":538500,"relics_obtained":[{"floor":6.0,"key":"Red Skull"},{"floor":8.0,"key":"PreservedInsect"},{"floor":9.0,"key":"Regal Pillow"},{"floor":10.0,"key":"Potion Belt"},{"floor":13.0,"key":"Bottled Tornado"},{"floor":20.0,"key":"Red Mask"},{"floor":23.0,"key":"Ancient Tea Set"},{"floor":25.0,"key":"Bottled Lightning"},{"floor":39.0,"key":"Dead Branch"},{"floor":40.0,"key":"Bird Faced Urn"},{"floor":42.0,"key":"Pantograph"},{"floor":43.0,"key":"Art of War"},{"floor":45.0,"key":"Incense Burner"},{"floor":54.0,"key":"Gremlin Horn"}],"event_choices":[{"damage_healed":0.0,"max_hp_gain":0.0,"max_hp_loss":0.0,"gold_gain":0.0,"event_name":"Match and Keep!","player_choice":"2 cards matched","floor":3.0,"gold_loss":0.0,"damage_taken":0.0,"cards_obtained":["Impervious","Entrench"]},{"damage_healed":0.0,"max_hp_gain":0.0,"max_hp_loss":0.0,"gold_gain":0.0,"event_name":"Masked Bandits","player_choice":"Fought Bandits","floor":20.0,"gold_loss":0.0,"damage_taken":0.0},{"cards_removed":["Defend_R"],"damage_healed":0.0,"max_hp_gain":0.0,"max_hp_loss":0.0,"gold_gain":0.0,"event_name":"Beggar","player_choice":"Gave Gold","floor":22.0,"gold_loss":75.0,"damage_taken":0.0},{"damage_healed":0.0,"max_hp_gain":0.0,"max_hp_loss":0.0,"gold_gain":275.0,"event_name":"Golden Shrine","player_choice":"Desecrate","floor":24.0,"gold_loss":0.0,"damage_taken":0.0,"cards_obtained":["Regret"]},{"damage_healed":0.0,"max_hp_gain":0.0,"max_hp_loss":0.0,"gold_gain":0.0,"event_name":"Upgrade Shrine","player_choice":"Upgraded","floor":30.0,"gold_loss":0.0,"damage_taken":0.0,"cards_upgraded":["Shockwave"]},{"damage_healed":0.0,"max_hp_gain":0.0,"max_hp_loss":0.0,"gold_gain":0.0,"event_name":"Wheel of Change","player_choice":"Relic","floor":42.0,"gold_loss":0.0,"damage_taken":0.0}],"is_beta":false,"boss_relics":[{"not_picked":["Busted Crown","White Beast Statue"],"picked":"Velvet Choker"},{"not_picked":["Mark of Pain","Eternal Feather"],"picked":"Cursed Key"}],"items_purged_floors":[27],"is_endless":false,"potions_floor_spawned":[1,5,6,14,19,21,25,29,31,37,47,48,54],"ascension_level":0}