{"gold_per_floor":[12,28,48,60,70,70,86,119,169,186,186,186,204,219,219,316,316,332,332,25,44,55,55,155,155,155,155,155,9,20,32,32,32],"floor_reached":33,"playtime":2492,"items_purged":["Predator"],"score":379,"play_id":"1e4cfa74-8dcc-40c1-ad90-57e639c66ecf","local_time":"20190624225917","is_ascension_mode":true,"campfire_choices":[{"data":"Accuracy","floor":6.0,"key":"SMITH"},{"floor":11.0,"key":"REST"},{"data":"Infinite Blades","floor":15.0,"key":"SMITH"},{"floor":23.0,"key":"REST"},{"floor":25.0,"key":"REST"},{"data":"Cloak And Dagger","floor":27.0,"key":"SMITH"},{"floor":32.0,"key":"REST"}],"neow_cost":"NO_GOLD","seed_source_timestamp":947472441175689,"circlet_count":0,"master_deck":["Survivor+1","Neutralize","Accuracy+1","Dodge and Roll","Cloak And Dagger+1","Prepared","Infinite Blades+1","Blade Dance","Adrenaline","Well Laid Plans","Deadly Poison","Calculated Gamble","Dagger Spray","A Thousand Cuts","Well Laid Plans","Crippling Poison","Die Die Die","Burst","Prepared+1","Dash","Deflect","Underhanded Strike+1","Eviscerate+1","Ghostly+1","Ghostly+1","Ghostly+1","Ghostly+1","Ghostly+1","Footwork","Corpse Explosion+1","Cloak And Dagger+1"],"special_seed":0,"relics":["Ring of the Snake","Blood Vial","Oddly Smooth Stone","Pandora\u0027s Box","Mercury Hourglass","Dead Branch","Toxic Egg 2","Du-Vu Doll"],"potions_floor_usage":[33],"damage_taken":[{"damage":0.0,"enemies":"Small Slimes","floor":1.0,"turns":4.0},{"damage":5.0,"enemies":"2 Louse","floor":2.0,"turns":4.0},{"damage":6.0,"enemies":"Jaw Worm","floor":3.0,"turns":8.0},{"damage":8.0,"enemies":"Exordium Thugs","floor":4.0,"turns":6.0},{"damage":9.0,"enemies":"Gremlin Gang","floor":5.0,"turns":7.0},{"damage":1.0,"enemies":"2 Fungi Beasts","floor":7.0,"turns":6.0},{"damage":24.0,"enemies":"3 Sentries","floor":8.0,"turns":13.0},{"damage":6.0,"enemies":"Large Slime","floor":10.0,"turns":13.0},{"damage":2.0,"enemies":"Blue Slaver","floor":13.0,"turns":4.0},{"damage":0.0,"enemies":"2 Fungi Beasts","floor":14.0,"turns":4.0},{"damage":24.0,"enemies":"The Guardian","floor":16.0,"turns":15.0},{"damage":3.0,"enemies":"Shell Parasite","floor":18.0,"turns":3.0},{"damage":5.0,"enemies":"Chosen","floor":21.0,"turns":4.0},{"damage":29.0,"enemies":"Snecko","floor":22.0,"turns":5.0},{"damage":19.0,"enemies":"Colosseum Slavers","floor":24.0,"turns":3.0},{"damage":0.0,"enemies":"Colosseum Nobs","floor":24.0,"turns":4.0},{"damage":14.0,"enemies":"Snake Plant","floor":30.0,"turns":4.0},{"damage":16.0,"enemies":"Sentry and Sphere","floor":31.0,"turns":3.0},{"damage":42,"enemies":"Champ","floor":33,"turns":11}],"seed_played":"-5051293270590150566","potions_obtained":[{"floor":1.0,"key":"Weak Potion"},{"floor":4.0,"key":"Poison Potion"},{"floor":5.0,"key":"EntropicBrew"},{"floor":8.0,"key":"GamblersBrew"},{"floor":10.0,"key":"Fruit Juice"},{"floor":16.0,"key":"SpeedPotion"},{"floor":21.0,"key":"SteroidPotion"},{"floor":31.0,"key":"Fruit Juice"}],"is_trial":false,"path_per_floor":["M","M","M","M","M","R","M","E","T","M","R","?","M","M","R","B",null,"M","?","$","M","M","R","?","R","T","R","?","$","M","M","R","B"],"character_chosen":"THE_SILENT","items_purchased":["Mercury Hourglass","Deflect","Footwork"],"campfire_rested":4,"item_purchase_floors":[20,20,29],"current_hp_per_floor":[77,72,66,58,49,49,48,39,39,35,60,43,48,50,50,28,74,73,73,73,70,43,69,54,80,80,80,44,44,30,16,29,0],"gold":32,"neow_bonus":"TWENTY_PERCENT_HP_BONUS","is_prod":false,"is_daily":false,"chose_seed":false,"campfire_upgraded":3,"win_rate":0,"timestamp":1561431557,"path_taken":["M","M","M","M","M","R","M","E","T","M","R","?","M","M","R","BOSS","M","?","$","M","M","R","?","R","T","R","?","$","M","M","R","BOSS"],"build_version":"2019-01-23","purchased_purges":1,"victory":false,"max_hp_per_floor":[84,84,84,84,84,84,84,84,84,84,84,84,89,89,89,89,89,89,89,89,89,89,89,89,89,89,89,44,44,44,44,44,49],"card_choices":[{"not_picked":["Quick Slash","Acrobatics"],"picked":"Accuracy","floor":1.0},{"not_picked":["Prepared","All Out Attack"],"picked":"Dodge and Roll","floor":2.0},{"not_picked":["Acrobatics","Catalyst"],"picked":"Cloak And Dagger","floor":3.0},{"not_picked":["PiercingWail","Dagger Throw"],"picked":"Prepared","floor":4.0},{"not_picked":["Poisoned Stab","Dagger Throw","Dodge and Roll"],"picked":"SKIP","floor":5.0},{"not_picked":["Quick Slash","Setup","Expertise"],"picked":"SKIP","floor":7.0},{"not_picked":["Predator","Sucker Punch","Endless Agony"],"picked":"SKIP","floor":8.0},{"not_picked":["Slice","Bane","Caltrops"],"picked":"SKIP","floor":10.0},{"not_picked":["Leg Sweep","Blur"],"picked":"Infinite Blades","floor":13.0},{"not_picked":["Dagger Spray","Escape Plan"],"picked":"Blade Dance","floor":14.0},{"not_picked":["Grand Finale","Glass Knife"],"picked":"Adrenaline","floor":16.0},{"not_picked":["Sucker Punch","Deadly Poison"],"picked":"Prepared+1","floor":18.0},{"not_picked":["Dagger Spray","Cloak And Dagger"],"picked":"Underhanded Strike+1","floor":21.0},{"not_picked":["Prepared+1","Sucker Punch","Quick Slash"],"picked":"SKIP","floor":22.0},{"not_picked":["Quick Slash","All Out Attack"],"picked":"Eviscerate+1","floor":24.0},{"not_picked":["Dagger Throw","Poisoned Stab"],"picked":"Corpse Explosion+1","floor":30.0},{"not_picked":["Masterful Stab","Flechettes+1"],"picked":"Cloak And Dagger+1","floor":31.0}],"player_experience":414150,"relics_obtained":[{"floor":8.0,"key":"Blood Vial"},{"floor":9.0,"key":"Oddly Smooth Stone"},{"floor":24.0,"key":"Dead Branch"},{"floor":24.0,"key":"Toxic Egg 2"},{"floor":26.0,"key":"Du-Vu Doll"}],"event_choices":[{"damage_healed":0.0,"max_hp_gain":0.0,"max_hp_loss":0.0,"gold_gain":0.0,"event_name":"Shining Light","player_choice":"Entered Light","floor":12.0,"gold_loss":0.0,"damage_taken":17.0,"cards_upgraded":["Strike_G","Survivor"]},{"damage_healed":0.0,"max_hp_gain":0.0,"max_hp_loss":0.0,"gold_gain":0.0,"event_name":"The Library","player_choice":"Read","floor":19.0,"gold_loss":0.0,"damage_taken":0.0,"cards_obtained":["Dash"]},{"damage_healed":0.0,"max_hp_gain":0.0,"max_hp_loss":0.0,"gold_gain":0.0,"event_name":"Colosseum","player_choice":"Fight","floor":24.0,"gold_loss":0.0,"damage_taken":0.0},{"damage_healed":0.0,"max_hp_gain":0.0,"max_hp_loss":0.0,"gold_gain":0.0,"event_name":"Colosseum","player_choice":"Fought Nobs","floor":24.0,"gold_loss":0.0,"damage_taken":0.0},{"damage_healed":0.0,"max_hp_gain":0.0,"max_hp_loss":45.0,"gold_gain":0.0,"event_name":"Ghosts","player_choice":"Became a Ghost","floor":28.0,"gold_loss":0.0,"damage_taken":0.0,"cards_obtained":["Ghostly","Ghostly","Ghostly","Ghostly","Ghostly"]}],"is_beta":false,"boss_relics":[{"not_picked":["Busted Crown","Snecko Eye"],"picked":"Pandora\u0027s Box"}],"items_purged_floors":[29],"is_endless":false,"potions_floor_spawned":[1,4,5,8,10,16,21,24,31],"killed_by":"Champ","ascension_level":8}