{"gold_per_floor":[111,111,111,111,111,154,174,174,174,174,174,199,214,238,238,363,363,381,417,442,467,241,241,241,161,161,161,161,6,19,19,19,19],"floor_reached":33,"playtime":893,"items_purged":[],"score":241,"play_id":"9def3a78-869d-4a7a-8e06-1dfba199b91b","local_time":"20180822221939","is_ascension_mode":false,"campfire_choices":[{"floor":8,"key":"REST"},{"floor":15,"key":"REST"},{"floor":23,"key":"REST"},{"data":"Bane","floor":28,"key":"SMITH"},{"data":"Bane","floor":32,"key":"SMITH"}],"neow_cost":"NONE","seed_source_timestamp":309223512628194,"circlet_count":0,"master_deck":["Defend_G+1","Defend_G+1","Defend_G+1","Defend_G+1","Defend_G+1","Strike_G+1","Strike_G+1","Strike_G+1","Strike_G+1","Survivor","Neutralize","Dagger Spray+1","Poisoned Stab","Bane+1","Bane+1","Poisoned Stab","Outmaneuver+1","Deflect+1","Noxious Fumes","Backstab","Flying Knee"],"special_seed":0,"relics":["Ring of the Snake","Snake Skull","Bloody Idol","Bag of Preparation","Bottled Lightning","Eternal Feather","Red Mask","Ancient Tea Set","Regal Pillow","Juzu Bracelet","Lantern"],"potions_floor_usage":[16,16,19,33,33],"damage_taken":[{"damage":0.0,"enemies":"2 Louse","floor":1.0,"turns":3.0},{"damage":46,"enemies":"Gremlin Nob","floor":6,"turns":6},{"damage":8,"enemies":"Jaw Worm","floor":7,"turns":2},{"damage":0,"enemies":"Cultist","floor":12,"turns":2},{"damage":9,"enemies":"2 Fungi Beasts","floor":13,"turns":4},{"damage":0,"enemies":"Large Slime","floor":14,"turns":3},{"damage":32,"enemies":"Hexaghost","floor":16,"turns":8},{"damage":29,"enemies":"Spheric Guardian","floor":18,"turns":5},{"damage":19,"floor":19,"turns":4},{"damage":12,"enemies":"Shell Parasite","floor":20,"turns":5},{"damage":0,"enemies":"Chosen and Byrds","floor":30,"turns":4},{"damage":83,"enemies":"Collector","floor":33,"turns":5}],"seed_played":"-5052083879420979330","potions_obtained":[{"floor":6,"key":"FearPotion"},{"floor":12,"key":"Weak Potion"},{"floor":13,"key":"Explosive Potion"},{"floor":18,"key":"PowerPotion"},{"floor":19,"key":"Weak Potion"},{"floor":20,"key":"SpeedPotion"}],"is_trial":false,"path_per_floor":["M","?","?","?","?","E","M","R","T","?","?","M","M","M","R","B",null,"M","?","M","T","$","R","?","$","T","?","R","$","M","?","R"],"character_chosen":"THE_SILENT","items_purchased":["Regal Pillow","Noxious Fumes","Backstab","Lantern"],"campfire_rested":3,"item_purchase_floors":[22,22,25,29],"current_hp_per_floor":[70,53,53,46,69,23,15,36,36,36,36,36,27,27,48,16,70,41,22,10,10,10,55,55,55,55,55,67,67,70,70,70,0],"gold":19,"neow_bonus":"RANDOM_COMMON_RELIC","is_prod":false,"is_daily":false,"chose_seed":false,"campfire_upgraded":2,"win_rate":0,"timestamp":1534990779,"path_taken":["M","?","?","?","?","E","?","R","T","?","?","M","M","M","R","BOSS","M","?","?","?","$","R","?","$","T","?","R","$","M","?","R","BOSS"],"build_version":"2018-08-16","purchased_purges":0,"victory":false,"max_hp_per_floor":[70,70,70,70,70,70,70,70,70,70,70,70,70,70,70,70,70,70,70,70,70,70,70,70,70,70,70,70,70,70,70,70,70],"card_choices":[{"not_picked":["Deadly Poison","Flying Knee"],"picked":"Dagger Spray","floor":1.0},{"not_picked":["Burst","Infinite Blades"],"picked":"Poisoned Stab","floor":6},{"not_picked":["Accuracy","Underhanded Strike"],"picked":"Bane","floor":7},{"not_picked":["Backflip","Predator","Sucker Punch"],"picked":"SKIP","floor":12},{"not_picked":["Blade Dance","Slice"],"picked":"Bane","floor":13},{"not_picked":["Expertise","Calculated Gamble"],"picked":"Poisoned Stab","floor":14},{"not_picked":["Dagger Throw","Deflect","Backflip"],"picked":"SKIP","floor":18},{"not_picked":["Blade Dance","Dagger Throw"],"picked":"Outmaneuver+1","floor":19},{"not_picked":["Outmaneuver","Quick Slash"],"picked":"Deflect+1","floor":20},{"not_picked":["PiercingWail+1","Backflip+1"],"picked":"Flying Knee","floor":30}],"player_experience":182236,"relics_obtained":[{"floor":6,"key":"Bag of Preparation"},{"floor":9,"key":"Bottled Lightning"},{"floor":19,"key":"Red Mask"},{"floor":21,"key":"Ancient Tea Set"},{"floor":26,"key":"Juzu Bracelet"}],"event_choices":[{"event_name":"Golden Idol","player_choice":"Take Damage","floor":2.0,"damage_taken":0.0},{"event_name":"Living Wall","player_choice":"Grow","floor":3.0,"damage_taken":0.0},{"event_name":"Golden Wing","player_choice":"Card Removal","floor":4.0,"damage_taken":0.0},{"event_name":"Big Fish","player_choice":"Banana","floor":5.0,"damage_taken":0.0},{"event_name":"Liars Game","player_choice":"disagreed","floor":10,"damage_taken":0},{"event_name":"Shining Light","player_choice":"Ignored","floor":11,"damage_taken":0},{"event_name":"Masked Bandits","player_choice":"Fought Bandits","floor":19,"damage_taken":0},{"event_name":"Forgotten Altar","player_choice":"Gave Idol","floor":24,"damage_taken":0},{"event_name":"Back to Basics","player_choice":"Simplicity","floor":27,"damage_taken":0},{"event_name":"Addict","player_choice":"Ignored","floor":31,"damage_taken":0}],"is_beta":false,"boss_relics":[{"not_picked":["Ectoplasm","Astrolabe"],"picked":"Eternal Feather"}],"items_purged_floors":[],"is_endless":false,"potions_floor_spawned":[6,12,13,14,18,19,20],"killed_by":"Collector","ascension_level":0}