{"gold_per_floor":[360,310,329,329,340,340,369,96,151,151],"floor_reached":10,"playtime":532,"items_purged":["Injury"],"score":109,"play_id":"5fa244ee-3ae7-4c3c-bd54-1e3de7af0203","local_time":"20190615103537","is_ascension_mode":true,"campfire_choices":[{"data":"Bash","floor":6.0,"key":"SMITH"}],"neow_cost":"CURSE","seed_source_timestamp":127700091986023,"circlet_count":0,"master_deck":["AscendersBane","Strike_R","Strike_R","Strike_R","Strike_R","Defend_R","Defend_R","Defend_R","Defend_R","Bash+1","Pummel"],"special_seed":0,"relics":["Burning Blood","Ancient Tea Set","Happy Flower","Tiny Chest"],"potions_floor_usage":[10],"damage_taken":[{"damage":21.0,"enemies":"Small Slimes","floor":1.0,"turns":4.0},{"damage":1.0,"enemies":"2 Louse","floor":3.0,"turns":3.0},{"damage":5.0,"enemies":"Cultist","floor":5.0,"turns":4.0},{"damage":36.0,"enemies":"3 Sentries","floor":7.0,"turns":6.0},{"damage":51,"enemies":"Lagavulin","floor":10,"turns":6}],"seed_played":"-4169420281010992961","potions_obtained":[{"floor":3.0,"key":"SpeedPotion"},{"floor":5.0,"key":"PowerPotion"}],"is_trial":false,"path_per_floor":["M","?","M","?","M","R","E","$","T","E"],"character_chosen":"IRONCLAD","items_purchased":["Pummel","Happy Flower"],"campfire_rested":0,"item_purchase_floors":[8,8],"current_hp_per_floor":[57,57,62,62,63,63,33,33,33,0],"gold":151,"neow_bonus":"TWO_FIFTY_GOLD","is_prod":false,"is_daily":false,"chose_seed":false,"campfire_upgraded":1,"win_rate":0,"timestamp":1560609337,"path_taken":["M","?","M","?","?","R","E","$","T","E"],"build_version":"2019-01-23","purchased_purges":1,"victory":false,"max_hp_per_floor":[80,80,80,80,80,80,80,80,80,80],"card_choices":[{"not_picked":["Pummel","Sentinel","Corruption"],"picked":"SKIP","floor":1.0},{"not_picked":["Iron Wave","Thunderclap","Clash"],"picked":"SKIP","floor":3.0},{"not_picked":["Clash","Heavy Blade","Iron Wave"],"picked":"SKIP","floor":5.0},{"not_picked":["Immolate","Sentinel","Rage"],"picked":"SKIP","floor":7.0}],"player_experience":357351,"relics_obtained":[{"floor":7.0,"key":"Ancient Tea Set"},{"floor":9.0,"key":"Tiny Chest"}],"event_choices":[{"cards_removed":["Strike_R"],"damage_healed":0.0,"max_hp_gain":0.0,"max_hp_loss":0.0,"gold_gain":0.0,"event_name":"The Cleric","player_choice":"Card Removal","floor":2.0,"gold_loss":50.0,"damage_taken":0.0},{"damage_healed":0.0,"max_hp_gain":0.0,"max_hp_loss":0.0,"gold_gain":0.0,"event_name":"Transmorgrifier","player_choice":"Ignored","floor":4.0,"gold_loss":0.0,"damage_taken":0.0}],"is_beta":false,"boss_relics":[],"items_purged_floors":[8],"is_endless":false,"potions_floor_spawned":[3,5],"killed_by":"Lagavulin","ascension_level":13}