{"gold_per_floor":[11,31,51,67,79,110,210,222,222,222,17,79,79,111,123,239,251,277,289],"floor_reached":19,"playtime":851,"items_purged":[],"score":179,"play_id":"bae7538f-bf61-442c-8286-3188e060860f","local_time":"20190706221938","is_ascension_mode":false,"campfire_choices":[{"floor":10.0,"key":"REST"},{"floor":13.0,"key":"REST"},{"floor":15.0,"key":"REST"}],"neow_cost":"NO_GOLD","seed_source_timestamp":1983982462772179,"circlet_count":0,"master_deck":["Strike_R","Strike_R","Strike_R","Strike_R","Strike_R","Defend_R","Defend_R","Defend_R","Defend_R","Bash","Armaments","Whirlwind","Inflame","Demon Form","Pommel Strike+1","Reaper+1"],"special_seed":0,"relics":["Burning Blood","FossilizedHelix","Shuriken","Membership Card","Molten Egg 2","MawBank","Black Star"],"potions_floor_usage":[19],"damage_taken":[{"damage":0.0,"enemies":"Small Slimes","floor":1.0,"turns":3.0},{"damage":0.0,"enemies":"Cultist","floor":2.0,"turns":3.0},{"damage":6.0,"enemies":"2 Louse","floor":3.0,"turns":3.0},{"damage":33.0,"enemies":"Exordium Wildlife","floor":4.0,"turns":8.0},{"damage":4.0,"enemies":"Blue Slaver","floor":5.0,"turns":4.0},{"damage":60.0,"enemies":"Lagavulin","floor":6.0,"turns":9.0},{"damage":7.0,"enemies":"3 Louse","floor":8.0,"turns":3.0},{"damage":36.0,"enemies":"Lagavulin Event","floor":12.0,"turns":6.0},{"damage":22.0,"enemies":"3 Sentries","floor":14.0,"turns":5.0},{"damage":38.0,"enemies":"The Guardian","floor":16.0,"turns":10.0},{"damage":20.0,"enemies":"Spheric Guardian","floor":18.0,"turns":4.0},{"damage":84,"enemies":"Masked Bandits","floor":19,"turns":5}],"seed_played":"2589382821342332570","potions_obtained":[{"floor":2.0,"key":"Swift Potion"},{"floor":3.0,"key":"Regen Potion"},{"floor":8.0,"key":"LiquidBronze"},{"floor":12.0,"key":"Energy Potion"},{"floor":14.0,"key":"SpeedPotion"}],"is_trial":false,"path_per_floor":["M","M","M","M","M","E","?","M","T","R","$","?","R","E","R","B",null,"M","?"],"character_chosen":"IRONCLAD","items_purchased":["Membership Card"],"campfire_rested":3,"item_purchase_floors":[11],"current_hp_per_floor":[80,80,80,53,55,16,16,15,15,39,39,9,33,17,41,9,80,66,0],"gold":289,"neow_bonus":"ONE_RARE_RELIC","is_prod":false,"is_daily":false,"chose_seed":false,"campfire_upgraded":0,"win_rate":0,"timestamp":1562465978,"path_taken":["M","M","M","M","M","E","?","?","T","R","$","?","R","E","R","BOSS","M","?"],"build_version":"2019-07-05","purchased_purges":0,"victory":false,"max_hp_per_floor":[80,80,80,80,80,80,80,80,80,80,80,80,80,80,80,80,80,80,80],"card_choices":[{"not_picked":["True Grit","Intimidate"],"picked":"Armaments","floor":1.0},{"not_picked":["Sword Boomerang","Infernal Blade","Flex"],"picked":"SKIP","floor":2.0},{"not_picked":["Fire Breathing","Pommel Strike","Anger"],"picked":"SKIP","floor":3.0},{"not_picked":["Ghostly Armor","Uppercut"],"picked":"Whirlwind","floor":4.0},{"not_picked":["Clothesline","Pommel Strike","Warcry"],"picked":"SKIP","floor":5.0},{"not_picked":["Disarm","Flex"],"picked":"Inflame","floor":6.0},{"not_picked":["Seeing Red","Cleave"],"picked":"Demon Form","floor":8.0},{"not_picked":["Wild Strike+1","Shrug It Off"],"picked":"Pommel Strike+1","floor":14.0},{"not_picked":["Exhume","Fiend Fire+1"],"picked":"Reaper+1","floor":16.0},{"not_picked":["Clothesline+1","Burning Pact","Body Slam+1"],"picked":"SKIP","floor":18.0}],"player_experience":428893,"relics_obtained":[{"floor":6.0,"key":"Shuriken"},{"floor":12.0,"key":"Molten Egg 2"},{"floor":14.0,"key":"MawBank"}],"event_choices":[{"damage_healed":0.0,"max_hp_gain":0.0,"max_hp_loss":0.0,"gold_gain":100.0,"event_name":"Golden Shrine","player_choice":"Pray","floor":7.0,"gold_loss":0.0,"damage_taken":0.0},{"damage_healed":0.0,"max_hp_gain":0.0,"max_hp_loss":0.0,"gold_gain":0.0,"event_name":"Dead Adventurer","player_choice":"Searched \u00271\u0027 times","floor":12.0,"gold_loss":0.0,"damage_taken":0.0},{"damage_healed":0,"gold_gain":0,"player_choice":"Fought Bandits","damage_taken":0,"max_hp_gain":0,"max_hp_loss":0,"event_name":"Masked Bandits","floor":19,"gold_loss":0}],"is_beta":false,"boss_relics":[{"not_picked":["Fusion Hammer","Astrolabe"],"picked":"Black Star"}],"items_purged_floors":[],"is_endless":false,"potions_floor_spawned":[2,3,8,12,14],"killed_by":"Masked Bandits","ascension_level":0}