{"gold_per_floor":[210,228,18,18,28,28,42,100,100,126,143,163,163,163,163,258,258,269,269,269,269,282,282,297,313,336,351,351,361,12,31,31,129,129,141,141,141,157,170,170,180,38,38,38,38,38,38,38,38,38],"floor_reached":50,"playtime":1922,"items_purged":["Writhe"],"score":613,"play_id":"04f86e8a-661d-491b-864c-208f32d483d9","local_time":"20190526003116","is_ascension_mode":true,"campfire_choices":[{"data":"Thunderclap","floor":6.0,"key":"SMITH"},{"floor":13.0,"key":"REST"},{"data":"Seeing Red","floor":15.0,"key":"SMITH"},{"data":"Perfected Strike","floor":23.0,"key":"SMITH"},{"floor":32.0,"key":"REST"},{"floor":40,"key":"REST"},{"floor":47,"key":"REST"},{"data":"Apotheosis","floor":49,"key":"SMITH"}],"neow_cost":"NONE","seed_source_timestamp":917591214312029,"circlet_count":0,"master_deck":["Strike_R+1","Strike_R+1","Strike_R+1","Strike_R+1","Defend_R+1","Defend_R+1","Defend_R+1","Defend_R+1","Bash","Shrug It Off","Thunderclap+1","Perfected Strike+1","Iron Wave","Seeing Red+1","Impervious","Twin Strike","Necronomicurse","Perfected Strike+1","Dropkick","Double Tap","Whirlwind","Bludgeon","Shrug It Off+1","Metallicize","Flex+1","Enlightenment","Apotheosis+1","Writhe"],"special_seed":0,"relics":["Black Blood","Membership Card","Tiny Chest","The Courier","Blue Candle","Sozu","Necronomicon","Paper Frog","Potion Belt","Pantograph","Strawberry","Juzu Bracelet","Vajra","Mercury Hourglass","Dodecahedron","Shuriken","Question Card","Frozen Egg 2"],"potions_floor_usage":[],"damage_taken":[{"damage":3.0,"enemies":"2 Louse","floor":1.0,"turns":2.0},{"damage":3.0,"enemies":"Small Slimes","floor":2.0,"turns":4.0},{"damage":0.0,"enemies":"Jaw Worm","floor":5.0,"turns":4.0},{"damage":12.0,"enemies":"Exordium Thugs","floor":7.0,"turns":6.0},{"damage":32.0,"enemies":"Gremlin Nob","floor":8.0,"turns":4.0},{"damage":35.0,"enemies":"Lagavulin","floor":10.0,"turns":7.0},{"damage":9.0,"enemies":"2 Fungi Beasts","floor":11.0,"turns":3.0},{"damage":0.0,"enemies":"Exordium Wildlife","floor":12.0,"turns":3.0},{"damage":26.0,"enemies":"Slime Boss","floor":16.0,"turns":13.0},{"damage":7.0,"enemies":"Chosen","floor":18.0,"turns":4.0},{"damage":1.0,"enemies":"3 Byrds","floor":22.0,"turns":6.0},{"damage":0.0,"enemies":"Snecko","floor":24.0,"turns":2.0},{"damage":11.0,"enemies":"Snake Plant","floor":25.0,"turns":2.0},{"damage":30.0,"enemies":"Cultist and Chosen","floor":27.0,"turns":5.0},{"damage":23.0,"enemies":"Centurion and Healer","floor":29.0,"turns":3.0},{"damage":0.0,"enemies":"Snake Plant","floor":31.0,"turns":2.0},{"damage":67.0,"enemies":"Champ","floor":33.0,"turns":6.0},{"damage":9.0,"enemies":"3 Shapes","floor":35.0,"turns":3.0},{"damage":1.0,"enemies":"3 Darklings","floor":38.0,"turns":2.0},{"damage":52,"enemies":"4 Shapes","floor":39,"turns":5},{"damage":30,"enemies":"Jaw Worm Horde","floor":41,"turns":3},{"damage":112,"enemies":"Awakened One","floor":50,"turns":9}],"seed_played":"-2663488939614229019","potions_obtained":[{"floor":1.0,"key":"EssenceOfSteel"},{"floor":10.0,"key":"Dexterity Potion"},{"floor":11.0,"key":"Dexterity Potion"},{"floor":12.0,"key":"Dexterity Potion"}],"is_trial":false,"path_per_floor":["M","M","$","?","M","R","M","E","T","E","M","M","R","?","R","B",null,"M","?","?","?","M","R","M","M","T","M","T","M","$","M","R","B",null,"M","?","T","M","M","R","M","$","T","$","?","?","R","T","R","B"],"character_chosen":"IRONCLAD","items_purchased":["Membership Card","Thunderclap","Whirlwind","Strawberry","Juzu Bracelet","Vajra","Mercury Hourglass","Shuriken","Enlightenment"],"campfire_rested":4,"item_purchase_floors":[3,3,30,30,30,30,30,42,42],"current_hp_per_floor":[75,78,78,78,80,80,74,48,48,19,16,22,46,46,46,26,67,66,66,50,50,55,55,61,56,56,32,32,15,22,28,54,18,70,71,71,71,80,38,64,44,44,44,44,44,66,87,87,87,0],"gold":38,"neow_bonus":"HUNDRED_GOLD","is_prod":false,"is_daily":false,"chose_seed":false,"campfire_upgraded":4,"win_rate":0,"timestamp":1558845076,"path_taken":["M","M","$","?","M","R","M","E","T","E","M","M","R","?","R","BOSS","M","?","?","?","M","R","M","M","T","M","?","?","?","M","R","BOSS","M","?","?","M","M","R","M","$","T","?","?","?","R","?","R","BOSS"],"build_version":"2019-01-23","purchased_purges":1,"victory":false,"max_hp_per_floor":[80,80,80,80,80,80,80,80,80,80,80,80,80,80,80,80,80,80,80,80,80,80,80,80,80,80,80,80,80,87,87,87,87,87,87,87,87,87,87,87,87,87,87,87,87,87,87,87,87,87],"card_choices":[{"not_picked":["Entrench","Pummel"],"picked":"Shrug It Off","floor":1.0},{"not_picked":["Havoc","Sword Boomerang","Sever Soul"],"picked":"SKIP","floor":2.0},{"not_picked":["Reckless Charge","Feel No Pain","Clothesline"],"picked":"SKIP","floor":5.0},{"not_picked":["Havoc","Clash","Perfected Strike"],"picked":"SKIP","floor":7.0},{"not_picked":["Wild Strike","Warcry"],"picked":"Perfected Strike","floor":8.0},{"not_picked":["Evolve","Fiend Fire","Searing Blow"],"picked":"SKIP","floor":10.0},{"not_picked":["Armaments","Blood for Blood"],"picked":"Iron Wave","floor":11.0},{"not_picked":["Disarm","Anger"],"picked":"Seeing Red","floor":12.0},{"not_picked":["Demon Form","Fiend Fire"],"picked":"Impervious","floor":16.0},{"not_picked":["Sword Boomerang","Burning Pact"],"picked":"Twin Strike","floor":18.0},{"not_picked":["Clash","Spot Weakness"],"picked":"Perfected Strike","floor":22.0},{"not_picked":["Sever Soul","Cleave","Clothesline"],"picked":"SKIP","floor":24.0},{"not_picked":["Warcry+1","Uppercut"],"picked":"Dropkick","floor":25.0},{"not_picked":["Flex","Anger","Heavy Blade+1"],"picked":"SKIP","floor":27.0},{"not_picked":["Searing Blow","True Grit"],"picked":"Double Tap","floor":29.0},{"not_picked":["Carnage","Warcry+1","Shrug It Off"],"picked":"SKIP","floor":31.0},{"not_picked":["Fiend Fire","Offering"],"picked":"Bludgeon","floor":33.0},{"not_picked":["Warcry","Armaments+1"],"picked":"Shrug It Off+1","floor":35.0},{"not_picked":["Shrug It Off+1","Twin Strike"],"picked":"Metallicize","floor":38.0},{"not_picked":["Twin Strike+1","Ghostly Armor","Pommel Strike"],"picked":"SKIP","floor":39},{"not_picked":["Cleave","Shrug It Off"],"picked":"Flex+1","floor":41},{"not_picked":["Panacea","Secret Weapon","Sadistic Nature"],"picked":"Apotheosis","floor":45}],"player_experience":272653,"relics_obtained":[{"floor":8.0,"key":"Tiny Chest"},{"floor":9.0,"key":"The Courier"},{"floor":10.0,"key":"Blue Candle"},{"floor":20.0,"key":"Necronomicon"},{"floor":26.0,"key":"Potion Belt"},{"floor":28.0,"key":"Pantograph"},{"floor":37.0,"key":"Dodecahedron"},{"floor":43,"key":"Question Card"},{"floor":48,"key":"Frozen Egg 2"}],"event_choices":[{"damage_healed":0.0,"max_hp_gain":0.0,"max_hp_loss":0.0,"gold_gain":0.0,"event_name":"The Cleric","player_choice":"Leave","floor":4.0,"gold_loss":0.0,"damage_taken":0.0},{"damage_healed":0.0,"max_hp_gain":0.0,"max_hp_loss":0.0,"gold_gain":0.0,"event_name":"Living Wall","player_choice":"Grow","floor":14.0,"gold_loss":0.0,"damage_taken":0.0,"cards_upgraded":["Perfected Strike"]},{"damage_healed":0.0,"max_hp_gain":0.0,"max_hp_loss":0.0,"gold_gain":0.0,"event_name":"Back to Basics","player_choice":"Simplicity","floor":19.0,"gold_loss":0.0,"damage_taken":0.0,"cards_upgraded":["Strike_R","Strike_R","Strike_R","Strike_R","Strike_R","Defend_R","Defend_R","Defend_R","Defend_R"]},{"damage_healed":0.0,"max_hp_gain":0.0,"max_hp_loss":0.0,"gold_gain":0.0,"event_name":"Cursed Tome","player_choice":"Obtained Book","floor":20.0,"gold_loss":0.0,"damage_taken":16.0},{"damage_healed":0.0,"max_hp_gain":0.0,"max_hp_loss":0.0,"gold_gain":0.0,"event_name":"The Mausoleum","player_choice":"Opened","floor":21.0,"gold_loss":0.0,"damage_taken":0.0,"relics_obtained":["Paper Frog"],"cards_obtained":["Writhe"]},{"cards_removed":["Strike_R"],"damage_healed":0.0,"max_hp_gain":0.0,"max_hp_loss":0.0,"gold_gain":0.0,"event_name":"Falling","player_choice":"Removed Attack","floor":36.0,"gold_loss":0.0,"damage_taken":0.0},{"damage_healed":0,"gold_gain":0,"player_choice":"Memory 1","damage_taken":0,"max_hp_gain":0,"max_hp_loss":0,"event_name":"SensoryStone","floor":45,"gold_loss":0},{"damage_healed":22,"gold_gain":0,"player_choice":"Writhe","damage_taken":0,"max_hp_gain":0,"max_hp_loss":0,"event_name":"Winding Halls","floor":46,"gold_loss":0,"cards_obtained":["Writhe"]}],"is_beta":false,"boss_relics":[{"not_picked":["Busted Crown","Lizard Tail"],"picked":"Sozu"},{"not_picked":["Coffee Dripper","Calling Bell"],"picked":"Black Blood"}],"items_purged_floors":[30],"is_endless":false,"potions_floor_spawned":[1,10,11,12,18,27,33,39],"killed_by":"Awakened One","ascension_level":7}