{"gold_per_floor":[115,115,125,125,140,140,18,18,41,54,130,193,193,4,4,129,129,153,153,168,189,189,189,203,222,222,242,242,266,168,187,187,306,306,327,327,350,350,350],"floor_reached":39,"playtime":4020,"items_purged":["Injury"],"score":408,"play_id":"5b05aaa4-095a-4a39-9ecf-e253483dd34a","local_time":"20190908173312","is_ascension_mode":false,"campfire_choices":[{"data":"Heavy Blade","floor":6,"key":"SMITH"},{"data":"Bash","floor":8,"key":"SMITH"},{"data":"Armaments","floor":13,"key":"SMITH"},{"floor":15,"key":"REST"},{"floor":23,"key":"REST"},{"floor":28,"key":"REST"},{"floor":32,"key":"REST"}],"neow_cost":"NONE","seed_source_timestamp":24970007036016,"circlet_count":0,"master_deck":["Bash+1","Heavy Blade+1","Disarm","Inflame","Feed","Armaments+1","Evolve","Offering","Flex","Ghostly Armor","Entrench","Burning Pact","Barricade","Dark Embrace","Hemokinesis","Power Through","Headbutt","Bloodletting","Finesse","True Grit+1","Sentinel+1","Shrug It Off","Swift Strike+1","Juggernaut","Double Tap","Reaper+1"],"relics":["Black Blood","Smiling Mask","Oddly Smooth Stone","Golden Idol","Anchor","Pen Nib","Tiny Chest","Blood Vial","Pandora\u0027s Box","CultistMask","Molten Egg 2"],"potions_floor_usage":[11,11,16,24,27,33,37,37],"damage_taken":[{"damage":8,"enemies":"Jaw Worm","floor":1,"turns":6},{"damage":0,"enemies":"Cultist","floor":3,"turns":3},{"damage":0,"enemies":"Small Slimes","floor":5,"turns":3},{"damage":6,"enemies":"Exordium Wildlife","floor":10,"turns":4},{"damage":18,"enemies":"3 Sentries","floor":11,"turns":6},{"damage":33,"enemies":"3 Sentries","floor":12,"turns":7},{"damage":14,"enemies":"The Guardian","floor":16,"turns":11},{"damage":31,"enemies":"3 Byrds","floor":18,"turns":9},{"damage":4,"enemies":"Chosen","floor":20,"turns":5},{"damage":30,"enemies":"Shelled Parasite and Fungi","floor":21,"turns":8},{"damage":26,"enemies":"Snecko","floor":24,"turns":9},{"damage":16,"enemies":"Snake Plant","floor":25,"turns":4},{"damage":13,"enemies":"Sentry and Sphere","floor":27,"turns":11},{"damage":6,"enemies":"Centurion and Healer","floor":29,"turns":9},{"damage":6,"enemies":"Snake Plant","floor":31,"turns":6},{"damage":31,"enemies":"Automaton","floor":33,"turns":19},{"damage":34,"enemies":"3 Shapes","floor":35,"turns":5},{"damage":72,"enemies":"3 Darklings","floor":37,"turns":16},{"damage":43,"enemies":"Sphere and 2 Shapes","floor":39,"turns":7}],"seed_played":"6841109383226379848","potions_obtained":[{"floor":3,"key":"Explosive Potion"},{"floor":5,"key":"Fire Potion"},{"floor":12,"key":"Strength Potion"},{"floor":18,"key":"Explosive Potion"},{"floor":21,"key":"Regen Potion"},{"floor":24,"key":"SteroidPotion"},{"floor":25,"key":"Energy Potion"},{"floor":35,"key":"Swift Potion"}],"is_trial":false,"path_per_floor":["M","?","M","?","M","R","$","R","T","M","?","E","R","$","R","B",null,"M","?","M","M","?","R","M","M","T","M","R","M","$","M","R","B",null,"M","?","M","?","M"],"character_chosen":"IRONCLAD","items_purchased":["Inflame","Evolve","Blood Vial","Swift Strike+1"],"campfire_rested":4,"item_purchase_floors":[7,14,14,30],"current_hp_per_floor":[78,78,80,80,80,80,80,80,80,80,68,44,44,44,68,62,83,62,46,50,32,32,59,60,52,52,51,80,82,82,84,99,74,99,75,75,15,15,0],"gold":350,"neow_bonus":"RANDOM_COMMON_RELIC","is_prod":false,"is_daily":false,"chose_seed":false,"campfire_upgraded":3,"win_rate":0,"timestamp":1567935192,"path_taken":["M","?","?","?","M","R","$","R","T","M","?","E","R","$","R","BOSS","M","?","?","M","?","R","M","M","T","?","R","M","?","?","R","BOSS","M","?","M","?","M"],"build_version":"2019-07-17","purchased_purges":1,"victory":false,"max_hp_per_floor":[80,80,80,80,80,80,80,80,80,80,80,83,83,83,83,83,83,87,87,87,91,91,91,95,95,95,99,99,99,99,99,99,99,99,99,99,99,99,99],"card_choices":[{"not_picked":["Cleave","Warcry"],"picked":"Flex","floor":1},{"not_picked":["Twin Strike","Warcry"],"picked":"Heavy Blade","floor":3},{"not_picked":["Sword Boomerang","Havoc"],"picked":"Disarm","floor":5},{"not_picked":["Sentinel","Pummel"],"picked":"Feed","floor":10},{"not_picked":["Body Slam","Shrug It Off"],"picked":"Armaments","floor":12},{"not_picked":["Dark Embrace","Barricade"],"picked":"Offering","floor":16},{"not_picked":["Wild Strike","Pummel"],"picked":"Bloodletting","floor":18},{"not_picked":["Clothesline","Thunderclap","Anger"],"picked":"SKIP","floor":20},{"not_picked":["Clash+1","Whirlwind"],"picked":"True Grit+1","floor":21},{"not_picked":["Uppercut","Entrench"],"picked":"Sentinel+1","floor":24},{"not_picked":["Clothesline","Cleave","Anger"],"picked":"SKIP","floor":25},{"not_picked":["True Grit","Flex","Sword Boomerang+1"],"picked":"SKIP","floor":27},{"not_picked":["Shockwave","Clothesline+1"],"picked":"Shrug It Off","floor":29},{"not_picked":["Whirlwind+1","Cleave+1"],"picked":"Juggernaut","floor":31},{"not_picked":["Berserk","Immolate+1"],"picked":"Double Tap","floor":33},{"not_picked":["Evolve+1","Heavy Blade+1","Anger+1"],"picked":"SKIP","floor":35},{"not_picked":["Bloodletting+1","Anger+1"],"picked":"Reaper+1","floor":37}],"player_experience":328682,"relics_obtained":[{"floor":9,"key":"Anchor"},{"floor":11,"key":"Pen Nib"},{"floor":12,"key":"Tiny Chest"},{"floor":26,"key":"Molten Egg 2"}],"event_choices":[{"cards_removed":["Flex"],"damage_healed":0,"gold_gain":0,"player_choice":"Gave Card","damage_taken":0,"relics_obtained":["Oddly Smooth Stone"],"max_hp_gain":0,"max_hp_loss":0,"event_name":"WeMeetAgain","floor":2,"gold_loss":0},{"damage_healed":0,"gold_gain":0,"player_choice":"Take Wound","damage_taken":0,"relics_obtained":["Golden Idol"],"max_hp_gain":0,"max_hp_loss":0,"event_name":"Golden Idol","floor":4,"gold_loss":0,"cards_obtained":["Injury"]},{"damage_healed":0,"gold_gain":0,"player_choice":"Searched \u00271\u0027 times","damage_taken":0,"max_hp_gain":0,"max_hp_loss":0,"event_name":"Dead Adventurer","floor":11,"gold_loss":0},{"damage_healed":0,"gold_gain":0,"player_choice":"CARD ","damage_taken":16,"max_hp_gain":0,"max_hp_loss":0,"event_name":"Knowing Skull","floor":19,"potions_obtained":[],"gold_loss":0,"cards_obtained":["Finesse"]},{"damage_healed":0,"gold_gain":0,"player_choice":"Trade","damage_taken":0,"relics_obtained":["CultistMask"],"max_hp_gain":0,"max_hp_loss":0,"event_name":"FaceTrader","floor":22,"gold_loss":0},{"damage_healed":0,"gold_gain":0,"player_choice":"Ignored","damage_taken":0,"max_hp_gain":0,"max_hp_loss":0,"event_name":"Tomb of Lord Red Mask","floor":36,"gold_loss":0},{"damage_healed":0,"gold_gain":0,"player_choice":"Ignored","damage_taken":0,"max_hp_gain":0,"max_hp_loss":0,"event_name":"Mysterious Sphere","floor":38,"gold_loss":0}],"is_beta":false,"boss_relics":[{"not_picked":["Empty Cage","Runic Dome"],"picked":"Pandora\u0027s Box"},{"not_picked":["Sozu","Black Star"],"picked":"Black Blood"}],"items_purged_floors":[7],"is_endless":false,"potions_floor_spawned":[3,5,12,18,21,24,25,35],"killed_by":"Sphere and 2 Shapes","ascension_level":0}