{"gold_per_floor":[116,116,164,89,105,132,157,169,181,212,238,250,262],"floor_reached":13,"playtime":486,"items_purged":[],"score":166,"play_id":"43f240c5-b0f1-4656-bdf8-51cbcff99d88","local_time":"20190909223131","is_ascension_mode":true,"campfire_choices":[{"floor":8,"key":"REST"},{"data":"Whirlwind","floor":12,"key":"SMITH"}],"neow_cost":"NONE","seed_source_timestamp":356362657636000,"circlet_count":0,"master_deck":["AscendersBane","Strike_R","Strike_R","Strike_R","Defend_R","Defend_R","Defend_R","Defend_R","Bash","Double Tap","Shockwave","Whirlwind+1","Thunderclap","Evolve","Pummel","Pommel Strike","Shrug It Off"],"relics":["Burning Blood","Ancient Tea Set","MawBank","Shuriken"],"potions_floor_usage":[6,6,13],"damage_taken":[{"damage":5,"enemies":"Small Slimes","floor":1,"turns":3},{"damage":12,"enemies":"Jaw Worm","floor":5,"turns":4},{"damage":46,"enemies":"Lagavulin","floor":6,"turns":6},{"damage":0,"enemies":"2 Louse","floor":7,"turns":1},{"damage":0,"enemies":"Gremlin Gang","floor":10,"turns":1},{"damage":12,"enemies":"3 Louse","floor":11,"turns":3},{"damage":52,"enemies":"Gremlin Nob","floor":13,"turns":4}],"seed_played":"5960551197085869615","potions_obtained":[{"floor":1,"key":"EssenceOfSteel"},{"floor":5,"key":"Explosive Potion"},{"floor":11,"key":"PowerPotion"}],"is_trial":false,"path_per_floor":["M","?","T","?","M","E","M","R","T","M","M","R","E"],"character_chosen":"IRONCLAD","items_purchased":[],"campfire_rested":1,"item_purchase_floors":[],"current_hp_per_floor":[69,69,69,69,63,23,29,51,51,57,51,51,0],"gold":262,"neow_bonus":"ONE_RANDOM_RARE_CARD","is_prod":false,"is_daily":false,"chose_seed":false,"campfire_upgraded":1,"win_rate":0,"timestamp":1568093491,"path_taken":["M","?","?","?","M","E","M","R","T","M","M","R","E"],"build_version":"2019-07-17","purchased_purges":0,"victory":false,"max_hp_per_floor":[75,75,75,75,75,75,75,75,75,75,75,75,75],"card_choices":[{"not_picked":["Sentinel","Burning Pact"],"picked":"Shockwave","floor":1},{"not_picked":["Warcry","Seeing Red"],"picked":"Thunderclap","floor":5},{"not_picked":["Blood for Blood","Twin Strike"],"picked":"Evolve","floor":6},{"not_picked":["Flex","Evolve"],"picked":"Pummel","floor":7},{"not_picked":["Sword Boomerang","Fire Breathing"],"picked":"Pommel Strike","floor":10},{"not_picked":["Burning Pact","Armaments"],"picked":"Shrug It Off","floor":11}],"player_experience":861688,"relics_obtained":[{"floor":3,"key":"Ancient Tea Set"},{"floor":6,"key":"MawBank"},{"floor":9,"key":"Shuriken"}],"event_choices":[{"damage_healed":0,"gold_gain":0,"cards_transformed":["Strike_R"],"player_choice":"Change","damage_taken":0,"max_hp_gain":0,"max_hp_loss":0,"event_name":"Living Wall","floor":2,"gold_loss":0,"cards_obtained":["Whirlwind"]},{"cards_removed":["Strike_R"],"damage_healed":0,"gold_gain":0,"player_choice":"Card Removal","damage_taken":0,"max_hp_gain":0,"max_hp_loss":0,"event_name":"The Cleric","floor":4,"gold_loss":75}],"is_beta":false,"boss_relics":[],"items_purged_floors":[],"is_endless":false,"potions_floor_spawned":[1,5,11],"killed_by":"Gremlin Nob","ascension_level":19}