{"gold_per_floor":[109,109,125,125,50,50,65,65,65,98,112,128,128,128,128,223,223,237,35,52,63,63,63,63],"floor_reached":24,"playtime":1444,"items_purged":["Regret"],"score":290,"play_id":"e4646c5a-f369-4b29-957a-c3423fe5a3cf","local_time":"20190604213801","is_ascension_mode":true,"campfire_choices":[{"data":"Neutralize","floor":6.0,"key":"SMITH"},{"data":"Survivor","floor":8.0,"key":"SMITH"},{"data":"Outmaneuver","floor":13.0,"key":"SMITH"},{"floor":15.0,"key":"REST"},{"floor":23.0,"key":"REST"}],"neow_cost":"NONE","seed_source_timestamp":429953674908317,"circlet_count":0,"master_deck":["Defend_G","Defend_G","Defend_G","Defend_G","Defend_G","Strike_G","Strike_G","Strike_G","Strike_G","Survivor+1","Neutralize+1","Heel Hook","Underhanded Strike","Noxious Fumes+1","Outmaneuver+1","Tools of the Trade+1","Backflip","Bouncing Flask","Backflip","Ghostly","Ghostly","Ghostly","Ghostly","Ghostly"],"special_seed":0,"relics":["Ring of the Snake","NeowsBlessing","Gremlin Horn","Meat on the Bone","Frozen Egg 2","FaceOfCleric","Black Star","Sling"],"potions_floor_usage":[24],"damage_taken":[{"damage":0.0,"enemies":"2 Louse","floor":1.0,"turns":1.0},{"damage":0.0,"enemies":"Small Slimes","floor":3.0,"turns":1.0},{"damage":0.0,"enemies":"Jaw Worm","floor":7.0,"turns":1.0},{"damage":34.0,"enemies":"Lagavulin","floor":10.0,"turns":11.0},{"damage":0.0,"enemies":"2 Fungi Beasts","floor":11.0,"turns":4.0},{"damage":19.0,"enemies":"Lots of Slimes","floor":12.0,"turns":4.0},{"damage":48.0,"enemies":"Hexaghost","floor":16.0,"turns":14.0},{"damage":3.0,"enemies":"Chosen","floor":18.0,"turns":6.0},{"damage":38.0,"enemies":"Spheric Guardian","floor":20.0,"turns":7.0},{"damage":31.0,"enemies":"Snake Plant","floor":21.0,"turns":5.0},{"damage":29,"enemies":"3 Cultists","floor":24,"turns":5}],"seed_played":"-8474412706318467221","potions_obtained":[{"floor":1.0,"key":"Weak Potion"},{"floor":3.0,"key":"EssenceOfSteel"},{"floor":21.0,"key":"Weak Potion"}],"is_trial":false,"path_per_floor":["M","?","M","?","$","R","M","R","T","E","M","M","R","?","R","B",null,"M","$","M","M","?","R","M"],"character_chosen":"THE_SILENT","items_purchased":["Sling"],"campfire_rested":2,"item_purchase_floors":[19],"current_hp_per_floor":[63,56,56,56,56,56,56,56,56,34,46,39,39,39,60,25,60,58,58,33,15,15,26,0],"gold":63,"neow_bonus":"THREE_ENEMY_KILL","is_prod":false,"is_daily":false,"chose_seed":false,"campfire_upgraded":3,"win_rate":0,"timestamp":1559698681,"path_taken":["M","?","M","?","?","R","M","R","T","E","M","M","R","?","R","BOSS","M","?","M","M","?","R","M"],"build_version":"2019-01-23","purchased_purges":1,"victory":false,"max_hp_per_floor":[70,70,70,70,70,70,70,70,70,70,70,70,70,70,70,71,71,72,72,73,74,37,37,37],"card_choices":[{"not_picked":["Dagger Throw","PiercingWail"],"picked":"Heel Hook","floor":1.0},{"not_picked":["Poisoned Stab","Blade Dance"],"picked":"Underhanded Strike","floor":3.0},{"not_picked":["Sucker Punch","Blade Dance","Finisher"],"picked":"SKIP","floor":7.0},{"not_picked":["Choke","Leg Sweep","Night Terror"],"picked":"SKIP","floor":10.0},{"not_picked":["Choke","Finisher"],"picked":"Noxious Fumes+1","floor":11.0},{"not_picked":["Cloak And Dagger","Deadly Poison"],"picked":"Outmaneuver","floor":12.0},{"not_picked":["Wraith Form v2+1","Doppelganger"],"picked":"Tools of the Trade+1","floor":16.0},{"not_picked":["Underhanded Strike","Quick Slash"],"picked":"Backflip","floor":18.0},{"not_picked":["Deflect","Prepared"],"picked":"Bouncing Flask","floor":20.0},{"not_picked":["Sucker Punch","Terror"],"picked":"Backflip","floor":21.0}],"player_experience":323923,"relics_obtained":[{"floor":9.0,"key":"Meat on the Bone"},{"floor":10.0,"key":"Frozen Egg 2"}],"event_choices":[{"cards_removed":["Strike_G"],"damage_healed":0.0,"max_hp_gain":0.0,"max_hp_loss":0.0,"gold_gain":0.0,"event_name":"Golden Wing","player_choice":"Card Removal","floor":2.0,"gold_loss":0.0,"damage_taken":7.0},{"damage_healed":0.0,"max_hp_gain":0.0,"max_hp_loss":0.0,"gold_gain":0.0,"event_name":"Big Fish","player_choice":"Box","floor":4.0,"gold_loss":0.0,"damage_taken":0.0,"relics_obtained":["Gremlin Horn"],"cards_obtained":["Regret"]},{"damage_healed":0.0,"max_hp_gain":0.0,"max_hp_loss":0.0,"gold_gain":0.0,"event_name":"FaceTrader","player_choice":"Trade","floor":14.0,"gold_loss":0.0,"damage_taken":0.0,"relics_obtained":["FaceOfCleric"]},{"damage_healed":0.0,"max_hp_gain":0.0,"max_hp_loss":37.0,"gold_gain":0.0,"event_name":"Ghosts","player_choice":"Became a Ghost","floor":22.0,"gold_loss":0.0,"damage_taken":0.0,"cards_obtained":["Ghostly","Ghostly","Ghostly","Ghostly","Ghostly"]}],"is_beta":false,"boss_relics":[{"not_picked":["HoveringKite","Runic Dome"],"picked":"Black Star"}],"items_purged_floors":[5],"is_endless":false,"potions_floor_spawned":[1,3,21],"killed_by":"3 Cultists","ascension_level":7}