{"gold_per_floor":[19,36,36,136,156,156,181,200,246,261,288,308,7,24,24,123,123,137,150,201,201,213,223,223,236,308,15,15,26,44,78,78,173,173,184,222,222,232,249,249,268,268,268,288,288,11,11,24,24,24],"floor_reached":51,"playtime":5464,"items_purged":[],"score":696,"play_id":"894f187b-15f6-4493-8571-4e9d5aa6e9b9","local_time":"20190910150100","is_ascension_mode":false,"campfire_choices":[{"data":"Concentrate","floor":6.0,"key":"SMITH"},{"floor":15.0,"key":"REST"},{"data":"Cloak And Dagger","floor":24.0,"key":"SMITH"},{"data":"Calculated Gamble","floor":28.0,"key":"SMITH"},{"data":"Apotheosis","floor":32.0,"key":"SMITH"},{"data":"Well Laid Plans","floor":40,"key":"SMITH"},{"data":"Noxious Fumes","floor":42,"key":"SMITH"},{"data":"Adrenaline","floor":45,"key":"SMITH"},{"data":"Magnetism","floor":49,"key":"SMITH"}],"neow_cost":"NO_GOLD","seed_source_timestamp":410674483217200,"circlet_count":0,"master_deck":["Strike_G","Strike_G+1","Defend_G","Defend_G","Defend_G","Defend_G","Defend_G","Survivor+1","Neutralize","Dash","Sucker Punch","Concentrate+1","Quick Slash","Cloak And Dagger+1","Acrobatics","Accuracy","Reflex","Magnetism+1","PiercingWail","Adrenaline+1","Acrobatics","Night Terror","Well Laid Plans+1","Infinite Blades+1","Apotheosis+1","Calculated Gamble+1","Blur+1","Infinite Blades","Storm of Steel","Tactician+1","Distraction+1","Backstab+1","Cloak And Dagger","Blade Dance","Parasite","Noxious Fumes+1","PiercingWail","Well Laid Plans"],"special_seed":0,"relics":["Ring of the Snake","Tingsha","Singing Bowl","Happy Flower","Regal Pillow","Coffee Dripper","Pear","Ornamental Fan","Astrolabe","Shuriken","Lee\u0027s Waffle"],"potions_floor_usage":[38,39,50,50],"damage_taken":[{"damage":0.0,"enemies":"2 Louse","floor":1.0,"turns":2.0},{"damage":0.0,"enemies":"Cultist","floor":2.0,"turns":4.0},{"damage":0.0,"enemies":"Small Slimes","floor":5.0,"turns":3.0},{"damage":10.0,"enemies":"3 Sentries","floor":7.0,"turns":11.0},{"damage":3.0,"enemies":"Red Slaver","floor":8.0,"turns":5.0},{"damage":0.0,"enemies":"Gremlin Gang","floor":10.0,"turns":5.0},{"damage":27.0,"enemies":"Lagavulin","floor":11.0,"turns":7.0},{"damage":3.0,"enemies":"Large Slime","floor":12.0,"turns":10.0},{"damage":4.0,"enemies":"3 Louse","floor":14.0,"turns":3.0},{"damage":19.0,"enemies":"Slime Boss","floor":16.0,"turns":10.0},{"damage":0.0,"enemies":"Spheric Guardian","floor":18.0,"turns":3.0},{"damage":0.0,"enemies":"Shell Parasite","floor":19.0,"turns":5.0},{"damage":5.0,"enemies":"Centurion and Healer","floor":20.0,"turns":7.0},{"damage":10.0,"enemies":"Snake Plant","floor":22.0,"turns":6.0},{"damage":15.0,"enemies":"Snecko","floor":23.0,"turns":7.0},{"damage":10.0,"enemies":"Sentry and Sphere","floor":25.0,"turns":7.0},{"damage":0.0,"enemies":"Shelled Parasite and Fungi","floor":29.0,"turns":5.0},{"damage":0.0,"enemies":"Cultist and Chosen","floor":30.0,"turns":6.0},{"damage":8.0,"enemies":"3 Cultists","floor":31.0,"turns":5.0},{"damage":7,"enemies":"Automaton","floor":33,"turns":9},{"damage":6,"enemies":"Orb Walker","floor":35,"turns":5},{"damage":10,"enemies":"3 Shapes","floor":36,"turns":5},{"damage":8,"enemies":"Spire Growth","floor":38,"turns":5},{"damage":5,"enemies":"4 Shapes","floor":39,"turns":4},{"damage":6,"enemies":"Writhing Mass","floor":41,"turns":6},{"damage":16,"enemies":"Maw","floor":44,"turns":6},{"damage":4,"enemies":"3 Darklings","floor":48,"turns":4},{"damage":25,"enemies":"Donu and Deca","floor":50,"turns":7}],"seed_played":"-3073154898438930504","potions_obtained":[{"floor":1.0,"key":"SkillPotion"},{"floor":5.0,"key":"Regen Potion"},{"floor":11.0,"key":"EntropicBrew"},{"floor":14.0,"key":"Poison Potion"},{"floor":16.0,"key":"Fire Potion"},{"floor":20.0,"key":"Fire Potion"},{"floor":22.0,"key":"AttackPotion"},{"floor":31.0,"key":"GhostInAJar"},{"floor":33,"key":"Ancient Potion"},{"floor":35,"key":"Energy Potion"},{"floor":48,"key":"Explosive Potion"}],"is_trial":false,"path_per_floor":["M","M","?","?","M","R","E","M","T","M","E","M","$","M","R","B",null,"M","M","M","?","M","M","R","M","T","$","R","M","M","M","R","B",null,"M","M","?","M","M","R","M","R","T","M","R","$","?","M","R","B",null],"character_chosen":"THE_SILENT","items_purchased":["Accuracy","Reflex","Magnetism","Apotheosis","Calculated Gamble","Swift Potion","Lee\u0027s Waffle","PiercingWail","Well Laid Plans"],"campfire_rested":1,"item_purchase_floors":[13,13,13,27,27,27,46,46,46],"current_hp_per_floor":[70,70,56,56,56,56,48,61,61,61,34,31,31,27,64,45,74,74,76,73,83,73,58,58,48,48,48,48,48,48,42,42,35,90,84,76,76,70,65,65,59,59,59,45,45,103,105,103,103,78],"gold":24,"neow_bonus":"ONE_RARE_RELIC","is_prod":false,"is_daily":false,"chose_seed":false,"campfire_upgraded":8,"win_rate":0,"timestamp":1568152860,"path_taken":["M","M","?","?","M","R","E","?","T","M","E","M","$","M","R","BOSS","M","M","M","?","M","M","R","M","T","$","R","M","M","M","R","BOSS","M","M","?","M","M","R","M","R","T","M","R","$","?","M","R","BOSS"],"build_version":"2019-07-17","purchased_purges":0,"victory":true,"max_hp_per_floor":[70,70,70,70,70,70,72,74,74,74,74,74,74,74,74,74,74,74,76,78,88,88,88,88,88,88,88,88,88,88,90,90,90,90,90,92,92,94,94,94,94,94,94,96,96,103,105,107,107,107],"card_choices":[{"not_picked":["Blur","Terror"],"picked":"Dash","floor":1.0},{"not_picked":["Dodge and Roll","Catalyst"],"picked":"Sucker Punch","floor":2.0},{"not_picked":["Bane","Prepared"],"picked":"Concentrate","floor":5.0},{"not_picked":["Prepared","Deadly Poison","Slice"],"picked":"Singing Bowl","floor":7.0},{"not_picked":["Heel Hook","Outmaneuver","Finisher"],"picked":"Singing Bowl","floor":8.0},{"not_picked":["Dodge and Roll","Sucker Punch"],"picked":"Quick Slash","floor":10.0},{"not_picked":["PiercingWail","A Thousand Cuts"],"picked":"Cloak And Dagger","floor":11.0},{"not_picked":["Bane","Poisoned Stab"],"picked":"Acrobatics","floor":12.0},{"not_picked":["Underhanded Strike","Poisoned Stab"],"picked":"PiercingWail","floor":14.0},{"not_picked":["Wraith Form v2","Night Terror"],"picked":"Adrenaline","floor":16.0},{"not_picked":["Outmaneuver","Deadly Poison"],"picked":"Acrobatics","floor":18.0},{"not_picked":["Deadly Poison","Skewer","Eviscerate+1"],"picked":"Singing Bowl","floor":19.0},{"not_picked":["Prepared","Slice","Masterful Stab+1"],"picked":"Singing Bowl","floor":20.0},{"not_picked":["Underhanded Strike","Dagger Spray"],"picked":"Night Terror","floor":22.0},{"not_picked":["Riddle With Holes","Dagger Spray+1"],"picked":"Well Laid Plans","floor":23.0},{"not_picked":["Catalyst","Distraction"],"picked":"Infinite Blades+1","floor":25.0},{"not_picked":["Deflect","Terror"],"picked":"Blur+1","floor":29.0},{"not_picked":["Sucker Punch","Underhanded Strike"],"picked":"Infinite Blades","floor":30.0},{"not_picked":["Outmaneuver","Tools of the Trade","Eviscerate"],"picked":"Singing Bowl","floor":31.0},{"not_picked":["Tools of the Trade","After Image"],"picked":"Storm of Steel","floor":33},{"not_picked":["Backflip","PiercingWail"],"picked":"Cloak And Dagger","floor":35},{"not_picked":["Well Laid Plans+1","Slice+1","Noxious Fumes"],"picked":"Singing Bowl","floor":36},{"not_picked":["Endless Agony+1","Distraction","Outmaneuver+1"],"picked":"Singing Bowl","floor":38},{"not_picked":["Flechettes","Dagger Spray"],"picked":"Blade Dance","floor":39},{"not_picked":["Poisoned Stab","Bouncing Flask+1"],"picked":"Noxious Fumes","floor":41},{"not_picked":["Expertise+1","Quick Slash","Poisoned Stab+1"],"picked":"Singing Bowl","floor":44},{"not_picked":["Bandage Up","Forethought","Apotheosis"],"picked":"Singing Bowl","floor":47},{"not_picked":["Dagger Spray","Bane","Predator+1"],"picked":"Singing Bowl","floor":48}],"player_experience":879803,"relics_obtained":[{"floor":7.0,"key":"Singing Bowl"},{"floor":9.0,"key":"Happy Flower"},{"floor":11.0,"key":"Regal Pillow"},{"floor":26.0,"key":"Ornamental Fan"},{"floor":43,"key":"Shuriken"}],"event_choices":[{"damage_healed":0.0,"max_hp_gain":0.0,"max_hp_loss":0.0,"gold_gain":0.0,"event_name":"Shining Light","player_choice":"Entered Light","floor":3.0,"gold_loss":0.0,"damage_taken":14.0,"cards_upgraded":["Survivor","Strike_G"]},{"damage_healed":0.0,"max_hp_gain":0.0,"max_hp_loss":0.0,"gold_gain":100.0,"event_name":"Golden Shrine","player_choice":"Pray","floor":4.0,"gold_loss":0.0,"damage_taken":0.0},{"damage_healed":0.0,"max_hp_gain":0.0,"max_hp_loss":0.0,"gold_gain":0.0,"event_name":"The Mausoleum","player_choice":"Opened","floor":21.0,"gold_loss":0.0,"damage_taken":0.0,"relics_obtained":["Pear"]},{"damage_healed":0,"gold_gain":0,"player_choice":"Ignored","damage_taken":0,"max_hp_gain":0,"max_hp_loss":0,"event_name":"Tomb of Lord Red Mask","floor":37,"gold_loss":0},{"damage_healed":0,"gold_gain":0,"player_choice":"Memory 1","damage_taken":0,"max_hp_gain":0,"max_hp_loss":0,"event_name":"SensoryStone","floor":47,"gold_loss":0}],"is_beta":false,"boss_relics":[{"not_picked":["Runic Dome","Fusion Hammer"],"picked":"Coffee Dripper"},{"not_picked":["Black Star","Orrery"],"picked":"Astrolabe"}],"items_purged_floors":[],"is_endless":false,"potions_floor_spawned":[1,5,11,14,16,20,22,31,33,35,36,48],"ascension_level":0}