{"gold_per_floor":[114,64,64,79,89,89,116,128,165,177,212,234,246,276,288,400,412,435,447,39,65,77,77,257,257,283,301,314,314,264,284,284,389,389,406,419,446,446,222,222,249,249,249,80,80,80,92,92,92,92],"floor_reached":51,"playtime":2599,"items_purged":[],"score":883,"play_id":"90313eba-0160-46d0-ab80-883ede9a3fae","local_time":"20190526114308","is_ascension_mode":true,"campfire_choices":[{"data":"Noxious Fumes","floor":6.0,"key":"SMITH"},{"floor":8.0,"key":"REST"},{"data":"Footwork","floor":13.0,"key":"SMITH"},{"data":"Backstab","floor":15.0,"key":"SMITH"},{"data":"Bane","floor":23.0,"key":"SMITH"},{"floor":25.0,"key":"REST"},{"data":"Noxious Fumes","floor":29.0,"key":"SMITH"},{"data":"Blur","floor":32.0,"key":"SMITH"},{"floor":40.0,"key":"REST"},{"floor":45.0,"key":"REST"},{"data":"Catalyst","floor":49.0,"key":"SMITH"}],"neow_cost":"NONE","seed_source_timestamp":956507671215902,"circlet_count":0,"master_deck":["Defend_G","Defend_G","Defend_G","Defend_G","Strike_G","Strike_G","Strike_G","Survivor","Neutralize","Backstab+1","Prepared","Noxious Fumes+1","Outmaneuver","Footwork+1","Doppelganger","Prepared+1","Noxious Fumes+1","Bane+1","Outmaneuver","Blur+1","PiercingWail","Endless Agony","Catalyst+1","Dodge and Roll+1","Blind+1","Flying Knee","Writhe"],"special_seed":0,"relics":["Ring of the Snake","MawBank","Lantern","Bronze Scales","Runic Pyramid","Lee\u0027s Waffle","Potion Belt","Oddly Smooth Stone","Centennial Puzzle","Busted Crown","Juzu Bracelet","Snake Skull","Toxic Egg 2","Kunai"],"potions_floor_usage":[50,50],"damage_taken":[{"damage":3.0,"enemies":"Jaw Worm","floor":1.0,"turns":5.0},{"damage":0.0,"enemies":"2 Louse","floor":4.0,"turns":2.0},{"damage":1.0,"enemies":"Cultist","floor":5.0,"turns":4.0},{"damage":33.0,"enemies":"Gremlin Nob","floor":7.0,"turns":5.0},{"damage":6.0,"enemies":"Exordium Wildlife","floor":12.0,"turns":5.0},{"damage":8.0,"enemies":"Exordium Thugs","floor":14.0,"turns":4.0},{"damage":20.0,"enemies":"Slime Boss","floor":16.0,"turns":11.0},{"damage":0.0,"enemies":"Spheric Guardian","floor":18.0,"turns":8.0},{"damage":9.0,"enemies":"Chosen","floor":22.0,"turns":5.0},{"damage":11.0,"enemies":"Snecko","floor":27.0,"turns":5.0},{"damage":5.0,"enemies":"Cultist and Chosen","floor":28.0,"turns":7.0},{"damage":2.0,"enemies":"Shelled Parasite and Fungi","floor":31.0,"turns":5.0},{"damage":27.0,"enemies":"Automaton","floor":33.0,"turns":14.0},{"damage":11.0,"enemies":"Orb Walker","floor":35.0,"turns":5.0},{"damage":8.0,"enemies":"3 Shapes","floor":36.0,"turns":6.0},{"damage":33.0,"enemies":"Nemesis","floor":41.0,"turns":11.0},{"damage":39.0,"enemies":"Transient","floor":47.0,"turns":5.0},{"damage":23,"enemies":"Time Eater","floor":50,"turns":10}],"seed_played":"1082697170985572864","potions_obtained":[{"floor":0.0,"key":"EntropicBrew"},{"floor":0.0,"key":"Energy Potion"},{"floor":0.0,"key":"PowerPotion"},{"floor":12.0,"key":"Strength Potion"},{"floor":16.0,"key":"GhostInAJar"},{"floor":22.0,"key":"Poison Potion"},{"floor":33.0,"key":"Weak Potion"},{"floor":36.0,"key":"FearPotion"},{"floor":41.0,"key":"GamblersBrew"}],"is_trial":false,"path_per_floor":["M","?","?","M","M","R","E","R","T","?","T","M","R","M","R","B",null,"M","?","$","T","M","R","?","R","T","M","M","R","$","M","R","B",null,"M","M","T","?","$","R","E","?","T","$","R","?","M","?","R","B",null],"character_chosen":"THE_SILENT","items_purchased":["Lee\u0027s Waffle","Potion Belt","Noxious Fumes","Outmaneuver","Snake Skull","Catalyst","Dodge and Roll+1","Blind+1","Flying Knee"],"campfire_rested":4,"item_purchase_floors":[20,20,20,30,39,39,44,44,44],"current_hp_per_floor":[67,67,67,67,66,66,33,54,54,47,47,41,41,33,33,13,56,56,56,77,77,68,68,47,70,70,59,54,54,54,52,52,25,64,53,45,45,45,45,68,35,35,35,35,58,77,38,67,67,44],"gold":92,"neow_bonus":"THREE_SMALL_POTIONS","is_prod":false,"is_daily":false,"chose_seed":false,"campfire_upgraded":7,"win_rate":0,"timestamp":1558885388,"path_taken":["M","?","?","?","M","R","E","R","T","?","?","?","R","M","R","BOSS","M","?","?","?","?","R","?","R","T","M","M","R","$","M","R","BOSS","M","M","?","?","$","R","E","?","T","$","R","?","M","?","R","BOSS"],"build_version":"2019-01-23","purchased_purges":0,"victory":true,"max_hp_per_floor":[70,70,70,70,70,70,70,70,70,70,70,70,70,70,70,70,70,70,70,77,77,77,77,77,77,77,77,77,77,77,77,77,77,77,77,77,77,77,77,77,77,77,77,77,77,77,77,67,67,67],"card_choices":[{"not_picked":["Acrobatics","Caltrops"],"picked":"Backstab","floor":1.0},{"not_picked":["Quick Slash","Setup"],"picked":"Prepared","floor":4.0},{"not_picked":["Eviscerate","Cloak And Dagger"],"picked":"Noxious Fumes","floor":5.0},{"not_picked":["Dagger Spray","Die Die Die"],"picked":"Outmaneuver","floor":7.0},{"not_picked":["Cloak And Dagger","Slice"],"picked":"Footwork","floor":12.0},{"not_picked":["Well Laid Plans","Poisoned Stab","Sucker Punch"],"picked":"SKIP","floor":14.0},{"not_picked":["Malaise","Wraith Form v2"],"picked":"Doppelganger","floor":16.0},{"not_picked":["Deadly Poison","PiercingWail"],"picked":"Prepared+1","floor":18.0},{"not_picked":["Riddle With Holes","Acrobatics+1"],"picked":"Bane","floor":22.0},{"not_picked":["Finisher","Glass Knife","Prepared+1"],"picked":"SKIP","floor":27.0},{"not_picked":["Blade Dance","Cloak And Dagger+1","Acrobatics"],"picked":"SKIP","floor":28.0},{"not_picked":["Sucker Punch+1","Prepared"],"picked":"Blur","floor":31.0},{"not_picked":["Phantasmal Killer","Tools of the Trade"],"picked":"Bullet Time","floor":33.0},{"not_picked":[],"picked":"PiercingWail","floor":35.0},{"not_picked":["Acrobatics+1"],"picked":"SKIP","floor":36.0},{"not_picked":["Prepared+1"],"picked":"SKIP","floor":41.0},{"not_picked":["Riddle With Holes"],"picked":"SKIP","floor":47.0}],"player_experience":279622,"relics_obtained":[{"floor":7.0,"key":"MawBank"},{"floor":9.0,"key":"Lantern"},{"floor":11.0,"key":"Bronze Scales"},{"floor":21.0,"key":"Oddly Smooth Stone"},{"floor":26.0,"key":"Centennial Puzzle"},{"floor":37.0,"key":"Juzu Bracelet"},{"floor":41.0,"key":"Toxic Egg 2"},{"floor":43.0,"key":"Kunai"}],"event_choices":[{"cards_removed":["Strike_G"],"damage_healed":0.0,"max_hp_gain":0.0,"max_hp_loss":0.0,"gold_gain":0.0,"event_name":"The Cleric","player_choice":"Card Removal","floor":2.0,"gold_loss":50.0,"damage_taken":0.0},{"damage_healed":0.0,"max_hp_gain":0.0,"max_hp_loss":0.0,"gold_gain":0.0,"event_name":"Match and Keep!","player_choice":"0 cards matched","floor":3.0,"gold_loss":0.0,"damage_taken":0.0,"cards_obtained":[]},{"cards_removed":["Strike_G"],"damage_healed":0.0,"max_hp_gain":0.0,"max_hp_loss":0.0,"gold_gain":0.0,"event_name":"Golden Wing","player_choice":"Card Removal","floor":10.0,"gold_loss":0.0,"damage_taken":7.0},{"damage_healed":0.0,"max_hp_gain":0.0,"max_hp_loss":0.0,"gold_gain":0.0,"event_name":"Transmorgrifier","player_choice":"Ignored","floor":19.0,"gold_loss":0.0,"damage_taken":0.0},{"damage_healed":0.0,"max_hp_gain":0.0,"max_hp_loss":0.0,"gold_gain":180.0,"event_name":"Knowing Skull","player_choice":"GOLD GOLD ","floor":24.0,"potions_obtained":[],"gold_loss":0.0,"damage_taken":21.0,"cards_obtained":[]},{"damage_healed":0.0,"max_hp_gain":0.0,"max_hp_loss":0.0,"gold_gain":0.0,"cards_transformed":["Bullet Time"],"event_name":"Transmorgrifier","player_choice":"Transformed","floor":38.0,"gold_loss":0.0,"damage_taken":0.0,"cards_obtained":["Endless Agony"]},{"cards_removed":["Defend_G"],"damage_healed":0.0,"max_hp_gain":0.0,"max_hp_loss":0.0,"gold_gain":0.0,"event_name":"Falling","player_choice":"Removed Skill","floor":42.0,"gold_loss":0.0,"damage_taken":0.0},{"damage_healed":19.0,"max_hp_gain":0.0,"max_hp_loss":0.0,"gold_gain":0.0,"event_name":"Winding Halls","player_choice":"Writhe","floor":46.0,"gold_loss":0.0,"damage_taken":0.0,"cards_obtained":["Writhe"]},{"damage_healed":67.0,"max_hp_gain":0.0,"max_hp_loss":10.0,"gold_gain":0.0,"event_name":"The Moai Head","player_choice":"Heal","floor":48.0,"gold_loss":0.0,"damage_taken":0.0}],"is_beta":false,"boss_relics":[{"not_picked":["Pandora\u0027s Box","Tiny House"],"picked":"Runic Pyramid"},{"not_picked":["Lizard Tail","Fusion Hammer"],"picked":"Busted Crown"}],"items_purged_floors":[],"is_endless":false,"potions_floor_spawned":[4,5,12,16,22,27,33,36,41],"ascension_level":5}