{"gold_per_floor":[111,123,123,139,139,139,195,195,246,266,291,7,26,42,42,117,117,134,76,88,106,126,126,151,151,151,179,195,205,235,253,253,253],"floor_reached":33,"playtime":2641,"items_purged":[],"score":594,"play_id":"c6723617-4eae-44f2-aa5e-20a70d3f319a","local_time":"20190905180525","is_ascension_mode":true,"campfire_choices":[{"data":"Quick Slash","floor":6.0,"key":"SMITH"},{"data":"Venomology","floor":8.0,"key":"SMITH"},{"data":"Envenom","floor":15.0,"key":"SMITH"},{"floor":23.0,"key":"REST"},{"floor":25.0,"key":"REST"},{"floor":32,"key":"REST"}],"neow_cost":"NONE","seed_source_timestamp":78642754082700,"circlet_count":0,"master_deck":["AscendersBane","Strike_G","Strike_G","Strike_G","Strike_G","Strike_G","Defend_G","Defend_G","Defend_G","Defend_G","Defend_G","Survivor","Neutralize+1","Bouncing Flask+1","Quick Slash+1","Venomology+1","Die Die Die","Deadly Poison","Deflect","Envenom+1","Bandage Up","Flying Knee","Deadly Poison","Crippling Poison","Die Die Die","Deflect+1","Backstab","Well Laid Plans","PiercingWail","Catalyst","Dodge and Roll","PiercingWail","Well Laid Plans","After Image"],"special_seed":0,"relics":["Ring of the Snake","Happy Flower","Tiny Chest","Centennial Puzzle","Bag of Preparation","Fusion Hammer","Question Card","Dodecahedron","Meat on the Bone","Anchor","Lantern"],"potions_floor_usage":[29,30,33,33],"damage_taken":[{"damage":0.0,"enemies":"Cultist","floor":1.0,"turns":4.0},{"damage":0.0,"enemies":"Small Slimes","floor":2.0,"turns":4.0},{"damage":1.0,"enemies":"Jaw Worm","floor":4.0,"turns":3.0},{"damage":24.0,"enemies":"3 Sentries","floor":7.0,"turns":9.0},{"damage":2.0,"enemies":"Red Slaver","floor":10.0,"turns":4.0},{"damage":10.0,"enemies":"Lagavulin","floor":11.0,"turns":4.0},{"damage":0.0,"enemies":"Blue Slaver","floor":13.0,"turns":3.0},{"damage":10.0,"enemies":"Exordium Thugs","floor":14.0,"turns":5.0},{"damage":5.0,"enemies":"Hexaghost","floor":16.0,"turns":9.0},{"damage":4.0,"enemies":"2 Thieves","floor":18.0,"turns":4.0},{"damage":7.0,"enemies":"Chosen","floor":20.0,"turns":3.0},{"damage":3.0,"enemies":"Centurion and Healer","floor":21.0,"turns":4.0},{"damage":31.0,"enemies":"Chosen and Byrds","floor":22.0,"turns":5.0},{"damage":12.0,"enemies":"Gremlin Leader","floor":24.0,"turns":6.0},{"damage":8.0,"enemies":"Slavers","floor":27.0,"turns":4.0},{"damage":15.0,"enemies":"Snake Plant","floor":28.0,"turns":3.0},{"damage":5,"enemies":"Centurion and Healer","floor":29,"turns":4},{"damage":20,"enemies":"Book of Stabbing","floor":30,"turns":5},{"damage":8,"enemies":"3 Cultists","floor":31,"turns":5},{"damage":79,"enemies":"Champ","floor":33,"turns":12}],"seed_played":"3950470505966716611","potions_obtained":[{"floor":1.0,"key":"EssenceOfSteel"},{"floor":4.0,"key":"Regen Potion"},{"floor":7.0,"key":"Fruit Juice"},{"floor":16.0,"key":"PowerPotion"},{"floor":21.0,"key":"Energy Potion"},{"floor":24.0,"key":"Swift Potion"},{"floor":28.0,"key":"Energy Potion"},{"floor":29,"key":"Poison Potion"}],"is_trial":false,"path_per_floor":["M","M","?","M","?","R","E","R","T","M","E","$","M","M","R","B",null,"M","?","M","M","M","R","E","R","T","E","M","M","E","M","R","B"],"character_chosen":"THE_SILENT","items_purchased":["Envenom","Bandage Up","Flying Knee"],"campfire_rested":3,"item_purchase_floors":[12,12,12],"current_hp_per_floor":[59,59,48,47,47,47,38,43,43,41,31,31,35,29,29,28,60,60,60,57,58,31,52,44,65,65,61,50,49,45,41,62,0],"gold":253,"neow_bonus":"UPGRADE_CARD","is_prod":false,"is_daily":false,"chose_seed":false,"campfire_upgraded":3,"win_rate":0,"timestamp":1567731925,"path_taken":["M","M","?","M","?","R","E","R","T","M","E","$","M","M","R","BOSS","M","?","M","M","M","R","E","R","T","E","M","?","E","M","R","BOSS"],"build_version":"2019-07-17","purchased_purges":0,"victory":false,"max_hp_per_floor":[66,66,66,66,66,66,66,71,71,71,71,71,71,71,71,71,71,71,71,71,71,71,71,71,71,71,71,71,71,71,71,71,71],"card_choices":[{"not_picked":["Dagger Spray","Bane"],"picked":"Bouncing Flask","floor":1.0},{"not_picked":["Bouncing Flask","Blade Dance"],"picked":"Quick Slash","floor":2.0},{"not_picked":["Heel Hook","Acrobatics"],"picked":"Venomology","floor":4.0},{"not_picked":["Eviscerate","Sucker Punch"],"picked":"Die Die Die","floor":7.0},{"not_picked":["Dodge and Roll","Blade Dance"],"picked":"Deadly Poison","floor":10.0},{"not_picked":["Blade Dance","Bane"],"picked":"Deflect","floor":11.0},{"not_picked":["Endless Agony","Flechettes"],"picked":"Deadly Poison","floor":13.0},{"not_picked":["Poisoned Stab","Deflect"],"picked":"Crippling Poison","floor":14.0},{"not_picked":["Grand Finale","Storm of Steel"],"picked":"Die Die Die","floor":16.0},{"not_picked":["Blade Dance","Poisoned Stab+1"],"picked":"Deflect+1","floor":18.0},{"not_picked":["Skewer","Poisoned Stab","Quick Slash"],"picked":"Backstab","floor":20.0},{"not_picked":["Dash","Acrobatics","Deadly Poison","Sucker Punch"],"picked":"SKIP","floor":21.0},{"not_picked":["Glass Knife","PiercingWail","Backstab+1"],"picked":"Well Laid Plans","floor":22.0},{"not_picked":["Accuracy","Deadly Poison","Infinite Blades"],"picked":"PiercingWail","floor":24.0},{"not_picked":["Cloak And Dagger+1","Acrobatics","Dodge and Roll+1"],"picked":"Catalyst","floor":27.0},{"not_picked":["Cloak And Dagger","Flying Knee+1","Eviscerate"],"picked":"Dodge and Roll","floor":28.0},{"not_picked":["Underhanded Strike","Poisoned Stab","Calculated Gamble+1"],"picked":"PiercingWail","floor":29},{"not_picked":["Dagger Spray","Riddle With Holes","Dagger Throw"],"picked":"Well Laid Plans","floor":30},{"not_picked":["Blade Dance+1","Deadly Poison","Bane"],"picked":"After Image","floor":31}],"player_experience":829999,"relics_obtained":[{"floor":7.0,"key":"Tiny Chest"},{"floor":9.0,"key":"Centennial Puzzle"},{"floor":11.0,"key":"Bag of Preparation"},{"floor":24.0,"key":"Dodecahedron"},{"floor":26.0,"key":"Meat on the Bone"},{"floor":27.0,"key":"Anchor"},{"floor":30,"key":"Lantern"}],"event_choices":[{"damage_healed":0.0,"max_hp_gain":0.0,"max_hp_loss":0.0,"gold_gain":0.0,"event_name":"Scrap Ooze","player_choice":"Success","floor":3.0,"gold_loss":0.0,"damage_taken":11.0,"relics_obtained":["Happy Flower"]},{"damage_healed":0.0,"max_hp_gain":0.0,"max_hp_loss":0.0,"gold_gain":0.0,"event_name":"Living Wall","player_choice":"Grow","floor":5.0,"gold_loss":0.0,"damage_taken":0.0,"cards_upgraded":["Bouncing Flask"]},{"damage_healed":0.0,"max_hp_gain":0.0,"max_hp_loss":0.0,"gold_gain":0.0,"event_name":"WeMeetAgain","player_choice":"Paid Gold","floor":19.0,"gold_loss":58.0,"damage_taken":0.0,"relics_obtained":["Question Card"]}],"is_beta":false,"boss_relics":[{"not_picked":["HoveringKite","Ring of the Serpent"],"picked":"Fusion Hammer"}],"items_purged_floors":[],"is_endless":false,"potions_floor_spawned":[1,4,7,10,16,18,20,21,24,28,29,31],"killed_by":"Champ","ascension_level":17}