{"gold_per_floor":[112,262,275,21,21,55,67,67,90,100,111,143,7,7,7,80,80,90,101,101,101],"floor_reached":21,"playtime":916,"items_purged":["Doubt"],"score":417,"play_id":"cefd9f6b-fd2b-4fd8-a4a9-97d346896bf3","local_time":"20190909231220","is_ascension_mode":true,"campfire_choices":[{"data":"Entrench","floor":8.0,"key":"SMITH"},{"floor":15,"key":"REST"}],"neow_cost":"NONE","seed_source_timestamp":358351726471300,"circlet_count":0,"master_deck":["AscendersBane","Strike_R","Strike_R","Strike_R","Strike_R","Defend_R","Defend_R","Defend_R","Defend_R","Bash","Thunderclap","Headbutt","Spot Weakness","Evolve","Entrench+1","Cleave","Heavy Blade","Feel No Pain","Havoc","Reaper","Fiend Fire","Headbutt","Headbutt+1","Writhe"],"special_seed":0,"relics":["Burning Blood","NeowsBlessing","Juzu Bracelet","Strawberry","Centennial Puzzle","Velvet Choker","Sundial"],"potions_floor_usage":[12,16,19,21],"damage_taken":[{"damage":0.0,"enemies":"2 Louse","floor":1.0,"turns":1.0},{"damage":0.0,"enemies":"Jaw Worm","floor":3.0,"turns":1.0},{"damage":0.0,"enemies":"3 Sentries","floor":6.0,"turns":1.0},{"damage":1.0,"enemies":"Cultist","floor":7.0,"turns":3.0},{"damage":1.0,"enemies":"2 Fungi Beasts","floor":10.0,"turns":3.0},{"damage":14,"enemies":"Red Slaver","floor":11,"turns":2},{"damage":49,"enemies":"Gremlin Nob","floor":12,"turns":5},{"damage":69,"enemies":"The Guardian","floor":16,"turns":14},{"damage":37,"enemies":"3 Byrds","floor":18,"turns":6},{"damage":29,"enemies":"2 Thieves","floor":19,"turns":4},{"damage":24,"enemies":"Centurion and Healer","floor":21,"turns":4}],"seed_played":"-8524666861838176753","potions_obtained":[{"floor":6.0,"key":"LiquidBronze"},{"floor":7.0,"key":"Energy Potion"},{"floor":18,"key":"PowerPotion"}],"is_trial":false,"path_per_floor":["M","?","M","$","?","E","M","R","T","M","M","E","$","?","R","B",null,"M","M","?","M"],"character_chosen":"IRONCLAD","items_purchased":["Spot Weakness","Evolve","Reaper","Dexterity Potion"],"campfire_rested":1,"item_purchase_floors":[4,4,13,13],"current_hp_per_floor":[74,74,75,75,75,75,75,75,82,82,74,31,31,36,62,9,68,43,20,20,0],"gold":101,"neow_bonus":"THREE_ENEMY_KILL","is_prod":false,"is_daily":false,"chose_seed":false,"campfire_upgraded":1,"win_rate":0,"timestamp":1568095940,"path_taken":["M","?","M","$","?","E","M","R","T","M","M","E","$","?","R","BOSS","M","M","?","M"],"build_version":"2019-07-17","purchased_purges":1,"victory":false,"max_hp_per_floor":[75,75,75,75,75,75,75,75,82,82,82,82,82,87,87,87,87,87,87,87,87],"card_choices":[{"not_picked":["Wild Strike","Pummel"],"picked":"Thunderclap","floor":1.0},{"not_picked":["Dual Wield","Warcry"],"picked":"Headbutt","floor":3.0},{"not_picked":["Pummel","Thunderclap"],"picked":"Cleave","floor":6.0},{"not_picked":["Sentinel","Wild Strike"],"picked":"Heavy Blade","floor":7.0},{"not_picked":["Pommel Strike","Heavy Blade","Thunderclap"],"picked":"SKIP","floor":10.0},{"not_picked":["Headbutt","Cleave"],"picked":"Feel No Pain","floor":11},{"not_picked":["Iron Wave","Infernal Blade"],"picked":"Havoc","floor":12},{"not_picked":["Immolate","Juggernaut"],"picked":"Fiend Fire","floor":16},{"not_picked":["Shrug It Off","Perfected Strike"],"picked":"Headbutt","floor":18},{"not_picked":["Sever Soul","Dual Wield"],"picked":"Headbutt+1","floor":19}],"player_experience":863643,"relics_obtained":[{"floor":6.0,"key":"Juzu Bracelet"},{"floor":9.0,"key":"Strawberry"},{"floor":12,"key":"Centennial Puzzle"}],"event_choices":[{"damage_healed":0.0,"max_hp_gain":0.0,"max_hp_loss":0.0,"gold_gain":150.0,"event_name":"Liars Game","player_choice":"AGREE","floor":2.0,"gold_loss":0.0,"damage_taken":0.0,"cards_obtained":["Doubt"]},{"damage_healed":0.0,"max_hp_gain":0.0,"max_hp_loss":0.0,"gold_gain":0.0,"cards_transformed":["Strike_R"],"event_name":"Transmorgrifier","player_choice":"Transformed","floor":5.0,"gold_loss":0.0,"damage_taken":0.0,"cards_obtained":["Entrench"]},{"damage_healed":0,"gold_gain":0,"player_choice":"Donut","damage_taken":0,"max_hp_gain":5,"max_hp_loss":0,"event_name":"Big Fish","floor":14,"gold_loss":0},{"damage_healed":0,"gold_gain":0,"player_choice":"Opened","damage_taken":0,"relics_obtained":["Sundial"],"max_hp_gain":0,"max_hp_loss":0,"event_name":"The Mausoleum","floor":20,"gold_loss":0,"cards_obtained":["Writhe"]}],"is_beta":false,"boss_relics":[{"not_picked":["Empty Cage","Eternal Feather"],"picked":"Velvet Choker"}],"items_purged_floors":[4],"is_endless":false,"potions_floor_spawned":[6,7,11,18],"killed_by":"Centurion and Healer","ascension_level":19}