{"gold_per_floor":[144,69,5,16,31,63,79,79,79,79,110,125,125,145,145,246,246,258,272,286,286,306,306,231,244,244,272,272,289,308,208,208,309,309,327,338,351,73,128,128,155,155,155,155,155,171,188,38,38,38],"floor_reached":51,"playtime":2123,"items_purged":["Strike_R","Defend_R","Defend_R","Defend_R"],"score":761,"play_id":"043f6f87-d16e-4e6b-9ba8-fa21dc5493a0","local_time":"20190911160521","is_ascension_mode":false,"campfire_choices":[{"data":"Shrug It Off","floor":8,"key":"SMITH"},{"data":"Dropkick","floor":10,"key":"SMITH"},{"data":"Bash","floor":13,"key":"SMITH"},{"floor":15,"key":"REST"},{"floor":23,"key":"REST"},{"floor":28,"key":"REST"},{"floor":32,"key":"REST"},{"floor":40,"key":"REST"},{"floor":44,"key":"REST"},{"floor":49,"key":"REST"}],"neow_cost":"NONE","seed_source_timestamp":504345759010000,"circlet_count":0,"master_deck":["Defend_R","Bash+1","Dropkick+1","Shrug It Off+1","Body Slam+1","Demon Form+1","Dual Wield+1","Headbutt+1","Dropkick+1","Sword Boomerang+1"],"relics":["Burning Blood","Tiny Chest","Singing Bowl","Shuriken","Frozen Egg 2","Molten Egg 2","Astrolabe","Ornamental Fan","Anchor","Busted Crown","Vajra","StoneCalendar","PreservedInsect","Dream Catcher"],"potions_floor_usage":[7,11,18,19,25,27,27,41],"damage_taken":[{"damage":7,"enemies":"2 Louse","floor":1,"turns":3},{"damage":1,"enemies":"Cultist","floor":4,"turns":3},{"damage":11,"enemies":"Jaw Worm","floor":5,"turns":3},{"damage":41,"enemies":"Gremlin Nob","floor":6,"turns":5},{"damage":13,"enemies":"Gremlin Gang","floor":7,"turns":5},{"damage":34,"enemies":"3 Sentries","floor":11,"turns":11},{"damage":0,"enemies":"Large Slime","floor":12,"turns":4},{"damage":1,"enemies":"2 Fungi Beasts","floor":14,"turns":3},{"damage":51,"enemies":"Slime Boss","floor":16,"turns":9},{"damage":10,"enemies":"Shell Parasite","floor":18,"turns":3},{"damage":10,"enemies":"3 Byrds","floor":19,"turns":4},{"damage":16,"enemies":"Snake Plant","floor":20,"turns":4},{"damage":25,"enemies":"Chosen and Byrds","floor":22,"turns":5},{"damage":11,"enemies":"Cultist and Chosen","floor":25,"turns":4},{"damage":27,"enemies":"Slavers","floor":27,"turns":4},{"damage":5,"enemies":"Centurion and Healer","floor":29,"turns":4},{"damage":31,"enemies":"Sentry and Sphere","floor":30,"turns":4},{"damage":87,"enemies":"Automaton","floor":33,"turns":7},{"damage":0,"enemies":"Orb Walker","floor":35,"turns":3},{"damage":0,"enemies":"3 Darklings","floor":36,"turns":5},{"damage":12,"enemies":"Sphere and 2 Shapes","floor":37,"turns":4},{"damage":68,"enemies":"2 Orb Walkers","floor":39,"turns":5},{"damage":24,"enemies":"Reptomancer","floor":41,"turns":4},{"damage":6,"enemies":"Writhing Mass","floor":46,"turns":3},{"damage":0,"enemies":"Spire Growth","floor":47,"turns":2},{"damage":54,"enemies":"Time Eater","floor":50,"turns":6}],"seed_played":"-6624427160825097772","potions_obtained":[{"floor":4,"key":"Energy Potion"},{"floor":5,"key":"SpeedPotion"},{"floor":7,"key":"Regen Potion"},{"floor":12,"key":"Block Potion"},{"floor":16,"key":"AttackPotion"},{"floor":18,"key":"PowerPotion"},{"floor":22,"key":"PowerPotion"},{"floor":25,"key":"Strength Potion"},{"floor":33,"key":"Weak Potion"},{"floor":36,"key":"Fire Potion"},{"floor":37,"key":"LiquidBronze"},{"floor":46,"key":"AttackPotion"}],"is_trial":false,"path_per_floor":["M","$","?","M","M","E","M","R","T","R","E","M","R","M","R","B",null,"M","M","M","?","M","R","$","M","T","E","R","M","M","$","R","B",null,"M","M","M","$","?","R","E","?","T","R","?","M","M","$","R","B",null],"character_chosen":"IRONCLAD","items_purchased":["Dropkick","Vajra"],"campfire_rested":7,"item_purchase_floors":[2,38],"current_hp_per_floor":[79,79,79,82,77,44,39,39,39,39,28,34,34,41,68,25,92,88,86,78,78,61,90,90,87,87,68,98,101,78,78,106,27,108,110,112,108,108,48,82,66,68,68,106,106,108,116,116,128,80],"gold":38,"neow_bonus":"RANDOM_COMMON_RELIC","is_prod":false,"is_daily":false,"chose_seed":false,"campfire_upgraded":3,"win_rate":0,"timestamp":1568243121,"path_taken":["M","$","?","M","M","E","M","R","T","R","E","M","R","?","R","BOSS","M","M","M","?","M","R","$","M","T","E","R","?","M","$","R","BOSS","M","M","M","$","?","R","E","?","T","R","?","M","M","$","R","BOSS"],"build_version":"2019-07-17","purchased_purges":4,"victory":true,"max_hp_per_floor":[80,80,80,82,82,84,86,86,86,86,88,88,88,90,90,92,92,92,94,96,96,98,98,98,100,100,102,102,104,106,106,106,108,108,110,112,114,114,116,116,118,120,120,122,122,124,126,126,128,128],"card_choices":[{"not_picked":["Wild Strike","Clothesline","Sentinel"],"picked":"SKIP","floor":1},{"not_picked":["Twin Strike","Blood for Blood","Warcry"],"picked":"Singing Bowl","floor":4},{"not_picked":["Whirlwind","Pummel"],"picked":"Shrug It Off","floor":5},{"not_picked":["Uppercut","Seeing Red","Thunderclap"],"picked":"Singing Bowl","floor":6},{"not_picked":["Warcry","Perfected Strike","Wild Strike"],"picked":"Singing Bowl","floor":7},{"not_picked":["Blood for Blood","Heavy Blade","Armaments"],"picked":"Singing Bowl","floor":11},{"not_picked":["Shrug It Off","Headbutt+1"],"picked":"Body Slam+1","floor":12},{"not_picked":["Bludgeon+1","Ghostly Armor","Sentinel"],"picked":"Singing Bowl","floor":14},{"not_picked":["Offering","Demon Form+1","Fiend Fire+1"],"picked":"Singing Bowl","floor":16},{"not_picked":["Body Slam+1","Battle Trance+1"],"picked":"Dropkick+1","floor":18},{"not_picked":["Warcry","True Grit","Cleave+1"],"picked":"Singing Bowl","floor":19},{"not_picked":["Impervious","Clothesline+1","Wild Strike+1"],"picked":"Singing Bowl","floor":20},{"not_picked":["Flex","Iron Wave+1","Shrug It Off+1"],"picked":"Singing Bowl","floor":22},{"not_picked":["Perfected Strike+1","Thunderclap+1","Bloodletting+1"],"picked":"Singing Bowl","floor":25},{"not_picked":["Headbutt+1","Flex","Pommel Strike+1"],"picked":"Singing Bowl","floor":27},{"not_picked":["Twin Strike+1","Whirlwind+1","Flex+1"],"picked":"Singing Bowl","floor":29},{"not_picked":["Iron Wave+1","Flex+1","Corruption+1"],"picked":"Singing Bowl","floor":30},{"not_picked":["Reaper+1","Double Tap","Bludgeon+1"],"picked":"Singing Bowl","floor":33},{"not_picked":["Intimidate+1"],"picked":"Singing Bowl","floor":35},{"not_picked":["Thunderclap+1"],"picked":"Singing Bowl","floor":36},{"not_picked":["Body Slam+1"],"picked":"Singing Bowl","floor":37},{"not_picked":["Clash+1"],"picked":"Singing Bowl","floor":39},{"not_picked":["Clash+1"],"picked":"Singing Bowl","floor":41},{"not_picked":["Magnetism+1"],"picked":"Singing Bowl","floor":42},{"not_picked":["Armaments"],"picked":"Singing Bowl","floor":44},{"not_picked":["Wild Strike+1"],"picked":"Singing Bowl","floor":46},{"not_picked":["Shockwave"],"picked":"Singing Bowl","floor":47},{"not_picked":["Rage"],"picked":"Singing Bowl","floor":49}],"player_experience":916862,"relics_obtained":[{"floor":6,"key":"Shuriken"},{"floor":9,"key":"Frozen Egg 2"},{"floor":11,"key":"Molten Egg 2"},{"floor":26,"key":"Ornamental Fan"},{"floor":27,"key":"Anchor"},{"floor":39,"key":"StoneCalendar"},{"floor":41,"key":"PreservedInsect"},{"floor":43,"key":"Dream Catcher"}],"event_choices":[{"damage_healed":0,"gold_gain":0,"player_choice":"Paid Gold","damage_taken":0,"relics_obtained":["Singing Bowl"],"max_hp_gain":0,"max_hp_loss":0,"event_name":"WeMeetAgain","floor":3,"gold_loss":64},{"damage_healed":0,"gold_gain":0,"cards_transformed":["Strike_R"],"player_choice":"Transformed","damage_taken":0,"max_hp_gain":0,"max_hp_loss":0,"event_name":"Transmorgrifier","floor":21,"gold_loss":0,"cards_obtained":["Sword Boomerang"]},{"damage_healed":0,"gold_gain":0,"player_choice":"Fight","damage_taken":0,"max_hp_gain":0,"max_hp_loss":0,"event_name":"Mysterious Sphere","floor":39,"gold_loss":0},{"damage_healed":0,"gold_gain":0,"player_choice":"Memory 1","damage_taken":0,"max_hp_gain":0,"max_hp_loss":0,"event_name":"SensoryStone","floor":42,"gold_loss":0},{"damage_healed":0,"gold_gain":0,"player_choice":"Ignored","damage_taken":0,"max_hp_gain":0,"max_hp_loss":0,"event_name":"Tomb of Lord Red Mask","floor":45,"gold_loss":0}],"is_beta":false,"boss_relics":[{"not_picked":["Runic Dome","Black Star"],"picked":"Astrolabe"},{"not_picked":["Runic Cube","Coffee Dripper"],"picked":"Busted Crown"}],"items_purged_floors":[24,31,38,48],"is_endless":false,"potions_floor_spawned":[4,5,7,12,16,18,22,25,33,36,37,46,47],"ascension_level":0}