{"gold_per_floor":[110,33,52,2,20,20,34,34,34,52,52,73,73,87,87,187,187,202,218,238,238,188,188,199,199,225,240,254,554,572,164,164,262,262,274,127,127,227,128,155,155,187,187,206,206,225,240,258,258,258,258,258,125,151,151],"floor_reached":55,"playtime":4330,"items_purged":["Strike_R","Strike_R","Strike_R","Strike_R","Defend_R","Defend_R+1"],"score":746,"play_id":"6f7afcbe-35b4-4c94-886d-12ede1745ff9","local_time":"20190821231955","is_ascension_mode":false,"campfire_choices":[{"data":"Body Slam","floor":6.0,"key":"SMITH"},{"data":"Whirlwind","floor":8.0,"key":"SMITH"},{"data":"Bash","floor":11.0,"key":"SMITH"},{"data":"Defend_R","floor":13.0,"key":"SMITH"},{"data":"Pommel Strike","floor":15.0,"key":"SMITH"},{"floor":23.0,"key":"REST"},{"data":"Defend_R","floor":25.0,"key":"SMITH"},{"data":"True Grit","floor":32.0,"key":"SMITH"},{"floor":49.0,"key":"RECALL"},{"floor":52.0,"key":"DIG"}],"neow_cost":"NONE","seed_source_timestamp":9294286681838,"circlet_count":0,"master_deck":["Defend_R+1","Defend_R+1","Bash+1","Spot Weakness","Whirlwind+1","Body Slam+1","Limit Break+1","Pommel Strike+1","Corruption+1","True Grit+1","Clothesline+1","After Image","Flash of Steel","Shrug It Off+1","Shrug It Off","Expertise+1","Dark Shackles"],"special_seed":0,"relics":["Burning Blood","Smiling Mask","Sundial","Odd Mushroom","Runic Dome","Red Skull","Old Coin","War Paint","PrismaticShard","White Beast Statue","Shovel","Vajra","Oddly Smooth Stone","Paper Frog","Bag of Preparation"],"potions_floor_usage":[55,55,55],"damage_taken":[{"damage":4.0,"enemies":"2 Louse","floor":1.0,"turns":3.0},{"damage":1.0,"enemies":"Jaw Worm","floor":3.0,"turns":3.0},{"damage":7.0,"enemies":"Small Slimes","floor":5.0,"turns":3.0},{"damage":54.0,"enemies":"Gremlin Gang","floor":7.0,"turns":4.0},{"damage":6.0,"enemies":"Exordium Wildlife","floor":10.0,"turns":2.0},{"damage":18.0,"enemies":"The Mushroom Lair","floor":12.0,"turns":3.0},{"damage":5.0,"enemies":"3 Louse","floor":14.0,"turns":3.0},{"damage":10.0,"enemies":"Hexaghost","floor":16.0,"turns":7.0},{"damage":18.0,"enemies":"2 Thieves","floor":18.0,"turns":4.0},{"damage":17.0,"enemies":"Shell Parasite","floor":19.0,"turns":4.0},{"damage":18.0,"enemies":"Snake Plant","floor":20.0,"turns":4.0},{"damage":16.0,"enemies":"Sentry and Sphere","floor":24.0,"turns":4.0},{"damage":10.0,"enemies":"Snecko","floor":27.0,"turns":5.0},{"damage":10.0,"enemies":"Chosen and Byrds","floor":28.0,"turns":4.0},{"damage":0.0,"enemies":"Cultist and Chosen","floor":30.0,"turns":3.0},{"damage":50.0,"enemies":"Champ","floor":33.0,"turns":8.0},{"damage":28.0,"enemies":"3 Shapes","floor":35.0,"turns":5.0},{"damage":0.0,"enemies":"Mind Bloom Boss Battle","floor":38.0,"turns":4.0},{"damage":21.0,"enemies":"Giant Head","floor":40.0,"turns":8.0},{"damage":0.0,"enemies":"Reptomancer","floor":42.0,"turns":2.0},{"damage":0.0,"enemies":"Orb Walker","floor":44.0,"turns":2.0},{"damage":0.0,"enemies":"3 Darklings","floor":46.0,"turns":2.0},{"damage":0.0,"enemies":"4 Shapes","floor":47.0,"turns":3.0},{"damage":0.0,"enemies":"Writhing Mass","floor":48.0,"turns":2.0},{"damage":24.0,"enemies":"Time Eater","floor":50.0,"turns":4.0},{"damage":18.0,"enemies":"Shield and Spear","floor":54.0,"turns":3.0},{"damage":75,"enemies":"The Heart","floor":55,"turns":5}],"seed_played":"2685278070090836561","potions_obtained":[{"floor":3.0,"key":"AttackPotion"},{"floor":10.0,"key":"Ancient Potion"},{"floor":14.0,"key":"Weak Potion"},{"floor":19.0,"key":"Poison Potion"},{"floor":24.0,"key":"BloodPotion"},{"floor":27.0,"key":"SpeedPotion"},{"floor":33.0,"key":"EssenceOfSteel"},{"floor":35.0,"key":"BloodPotion"},{"floor":40.0,"key":"Energy Potion"},{"floor":42.0,"key":"SkillPotion"},{"floor":44.0,"key":"LiquidBronze"},{"floor":47.0,"key":"PowerPotion"},{"floor":54.0,"key":"Ancient Potion"}],"is_trial":false,"path_per_floor":["M","$","M","$","M","R","M","R","T","M","R","?","R","M","R","B",null,"M","M","M","?","$","R","M","R","T","M","M","?","M","$","R","B",null,"M","$","?","?","$","E","?","E","T","M","?","M","M","M","R","B",null,"R","$","E","B"],"character_chosen":"IRONCLAD","items_purchased":["Whirlwind","War Paint","PrismaticShard","Flash of Steel","Shrug It Off","Dark Shackles"],"campfire_rested":1,"item_purchase_floors":[2,31,31,36,39,53],"current_hp_per_floor":[80,80,80,80,79,79,31,31,31,31,31,19,19,20,20,16,80,68,57,45,30,30,55,45,45,45,62,58,58,64,64,64,20,85,63,63,63,69,69,54,54,60,60,66,66,72,78,84,84,66,85,85,85,73,0],"gold":151,"neow_bonus":"RANDOM_COMMON_RELIC","is_prod":false,"is_daily":false,"chose_seed":false,"campfire_upgraded":7,"win_rate":0,"timestamp":1566422395,"path_taken":["M","$","M","$","M","R","M","R","T","M","R","?","R","M","R","BOSS","M","M","M","?","$","R","M","R","T","M","M","?","M","$","R","BOSS","M","$","?","?","$","E","?","E","T","?","?","M","M","M","R","BOSS","R","$","E","BOSS"],"build_version":"2019-07-17","purchased_purges":6,"victory":false,"max_hp_per_floor":[80,80,80,80,80,80,80,80,80,80,80,80,80,80,80,80,80,80,80,80,85,85,85,85,85,85,85,85,85,85,85,85,85,85,85,85,85,85,85,85,85,85,85,85,85,85,85,85,85,85,85,85,85,85,85],"card_choices":[{"not_picked":["Wild Strike","Bloodletting"],"picked":"Spot Weakness","floor":1.0},{"not_picked":["Headbutt","Pommel Strike"],"picked":"Body Slam","floor":3.0},{"not_picked":["Thunderclap","Twin Strike","Whirlwind"],"picked":"SKIP","floor":5.0},{"not_picked":["Flex","Sentinel","Carnage"],"picked":"SKIP","floor":7.0},{"not_picked":["Clothesline","Twin Strike"],"picked":"Limit Break","floor":10.0},{"not_picked":["Feel No Pain","Rampage"],"picked":"Pommel Strike","floor":14.0},{"not_picked":["Blood for Blood+1","Reckless Charge","Inflame"],"picked":"SKIP","floor":18.0},{"not_picked":["Anger","Intimidate","Sever Soul"],"picked":"SKIP","floor":19.0},{"not_picked":["Pommel Strike+1","Cleave"],"picked":"Corruption+1","floor":20.0},{"not_picked":["Iron Wave+1","Havoc","Inflame+1"],"picked":"SKIP","floor":24.0},{"not_picked":["Sever Soul","Barricade"],"picked":"True Grit","floor":27.0},{"not_picked":["Pummel","Whirlwind"],"picked":"Clothesline+1","floor":28.0},{"not_picked":["Sword Boomerang","Armaments","Perfected Strike"],"picked":"SKIP","floor":30.0},{"not_picked":["Thinking Ahead","Fission"],"picked":"After Image","floor":33.0},{"not_picked":["Body Slam","Deadly Poison","Perfected Strike+1"],"picked":"SKIP","floor":35.0},{"not_picked":["Heavy Blade+1","Compile Driver"],"picked":"Shrug It Off+1","floor":38.0},{"not_picked":["Uppercut+1","Thunderclap+1"],"picked":"Expertise+1","floor":40.0},{"not_picked":["Well Laid Plans","Berserk","Conserve Battery+1"],"picked":"SKIP","floor":42.0},{"not_picked":["Ball Lightning","Heavy Blade+1","Blade Dance"],"picked":"SKIP","floor":44.0},{"not_picked":["Hologram+1","Corruption+1","Ball Lightning"],"picked":"SKIP","floor":46.0},{"not_picked":["All Out Attack+1","Static Discharge+1","Barrage+1"],"picked":"SKIP","floor":47.0},{"not_picked":["Consume","Carnage+1","Heavy Blade+1"],"picked":"SKIP","floor":48.0},{"not_picked":["Evolve+1","Blade Dance+1","Compile Driver"],"picked":"SKIP","floor":54.0}],"player_experience":771208,"relics_obtained":[{"floor":9.0,"key":"Sundial"},{"floor":12.0,"key":"Odd Mushroom"},{"floor":26.0,"key":"Red Skull"},{"floor":38.0,"key":"Shovel"},{"floor":40.0,"key":"Vajra"},{"floor":42.0,"key":"Oddly Smooth Stone"},{"floor":52.0,"key":"Paper Frog"},{"floor":54.0,"key":"Bag of Preparation"}],"event_choices":[{"damage_healed":0.0,"max_hp_gain":0.0,"max_hp_loss":0.0,"gold_gain":0.0,"event_name":"Mushrooms","player_choice":"Fought Mushrooms","floor":12.0,"gold_loss":0.0,"damage_taken":0.0},{"damage_healed":0.0,"max_hp_gain":5.0,"max_hp_loss":0.0,"gold_gain":0.0,"event_name":"Forgotten Altar","player_choice":"Shed Blood","floor":21.0,"gold_loss":0.0,"damage_taken":20.0},{"damage_healed":0.0,"max_hp_gain":0.0,"max_hp_loss":0.0,"gold_gain":0.0,"event_name":"The Mausoleum","player_choice":"Opened","floor":29.0,"gold_loss":0.0,"damage_taken":0.0,"relics_obtained":["Old Coin"]},{"cards_removed":["Strike_R"],"damage_healed":0.0,"max_hp_gain":0.0,"max_hp_loss":0.0,"gold_gain":0.0,"event_name":"Falling","player_choice":"Removed Attack","floor":37.0,"gold_loss":0.0,"damage_taken":0.0},{"damage_healed":0.0,"max_hp_gain":0.0,"max_hp_loss":0.0,"gold_gain":0.0,"event_name":"MindBloom","player_choice":"Fight","floor":38.0,"gold_loss":0.0,"damage_taken":0.0},{"damage_healed":0.0,"max_hp_gain":0.0,"max_hp_loss":0.0,"gold_gain":0.0,"event_name":"Tomb of Lord Red Mask","player_choice":"Ignored","floor":41.0,"gold_loss":0.0,"damage_taken":0.0},{"damage_healed":0.0,"max_hp_gain":0.0,"max_hp_loss":0.0,"gold_gain":0.0,"event_name":"SensoryStone","player_choice":"Memory 1","floor":45.0,"gold_loss":0.0,"damage_taken":0.0}],"is_beta":false,"boss_relics":[{"not_picked":["Lizard Tail","Velvet Choker"],"picked":"Runic Dome"},{"not_picked":["Sozu","Calling Bell"],"picked":"White Beast Statue"}],"items_purged_floors":[4,22,31,36,39,53],"is_endless":false,"potions_floor_spawned":[3,10,14,19,24,27,33,35,38,40,42,44,46,47,48,54],"killed_by":"The Heart","ascension_level":0}