{"path_per_floor":["M","M","?","?","M","R","E","R","T","?","E","$","$","E","R","B",null,"M","M","M","M","M","R","E","$","T","R","E","R","?","M","R","B",null,"M","?","M","?","M","E","R","E","T","?","R","M","E","$","R","B"],"character_chosen":"THE_SILENT","items_purchased":["Noxious Fumes","Apotheosis","Strawberry","Block Potion","Bottled Flame","Infinite Blades","Noxious Fumes"],"gold_per_floor":[114,129,129,129,144,144,174,174,174,139,169,169,89,119,119,219,249,264,279,294,309,324,324,354,36,86,86,116,116,96,111,111,211,211,226,226,241,241,256,286,286,316,316,316,316,331,361,35,35,35],"floor_reached":51,"campfire_rested":9,"playtime":3612,"current_hp_per_floor":[55,49,42,28,23,44,21,42,42,59,31,31,31,33,54,43,75,70,70,41,30,9,31,23,30,30,54,26,26,26,34,58,38,82,78,92,79,79,60,62,89,76,76,64,91,71,51,51,78,12],"items_purged":[],"gold":35,"score":841,"play_id":"3bfe7076-fae1-4755-acd2-53b4ee012cb8","local_time":"20180421115031","daily_mods":["Shiny","Time Dilation","Elite Swarm"],"is_prod":false,"is_daily":true,"chose_seed":false,"is_ascension_mode":false,"campfire_upgraded":1,"timestamp":1524282631,"path_taken":["M","M","?","?","M","R","E","R","T","?","E","?","$","E","R","BOSS","M","?","?","M","M","R","E","$","T","R","E","R","?","M","R","BOSS","M","?","?","?","M","E","R","E","T","?","R","M","E","$","R","BOSS"],"build_version":"2018-04-19","seed_source_timestamp":0,"purchased_purges":1,"victory":true,"master_deck":["Adrenaline","Doppelganger","Burst","Wraith Form v2","Venomology","Tools of the Trade","Night Terror","Phantasmal Killer","Unload","After Image+1","Tactician","Bullet Time","Storm of Steel+1","Glass Knife+1","Die Die Die","A Thousand Cuts","Grand Finale","Bullet Time","Adrenaline","Noxious Fumes","Glass Knife","Tactician","Calculated Gamble","Caltrops","Dash+1","Apotheosis+1","Glass Knife","Footwork","After Image","Acrobatics+1","After Image","A Thousand Cuts","Injury","Madness","Madness","Accuracy+1","Venomology","Infinite Blades","Noxious Fumes"],"max_hp_per_floor":[70,70,70,70,70,70,70,70,70,70,70,70,70,70,70,70,75,75,75,75,75,75,75,75,82,82,82,82,82,82,82,82,82,82,82,92,92,92,92,92,92,92,92,92,92,92,92,92,92,92],"relics":["Ring of the Snake","Calipers","Blood Vial","Paper Crane","The Courier","Tiny House","Peace Pipe","Strawberry","Vajra","Bottled Lightning","Cursed Key","Snake Skull","Molten Egg 2","Dead Branch","Matryoshka","Bottled Flame"],"card_choices":[{"not_picked":["Bane","Finisher"],"picked":"Backflip","floor":5},{"not_picked":["Grand Finale","Corpse Explosion"],"picked":"Bullet Time","floor":7},{"not_picked":["Tools of the Trade","After Image"],"picked":"Adrenaline","floor":11},{"not_picked":["Corpse Explosion","Storm of Steel"],"picked":"Glass Knife","floor":14},{"not_picked":["Tools of the Trade","Glass Knife"],"picked":"Tactician","floor":16},{"not_picked":["Backflip","Bane"],"picked":"Calculated Gamble","floor":17},{"not_picked":["PiercingWail","Deadly Poison"],"picked":"Caltrops","floor":18},{"not_picked":["Skewer","Dagger Throw"],"picked":"Dash","floor":21},{"not_picked":["Unload","Doppelganger"],"picked":"Glass Knife","floor":28},{"not_picked":["PiercingWail","Choke"],"picked":"Footwork","floor":31},{"not_picked":["Doppelganger","Wraith Form v2"],"picked":"After Image","floor":33},{"not_picked":["PiercingWail","Flechettes"],"picked":"Acrobatics","floor":39},{"not_picked":["Wraith Form v2","Envenom"],"picked":"After Image","floor":40},{"not_picked":["Night Terror","Phantasmal Killer"],"picked":"A Thousand Cuts","floor":42},{"not_picked":["PiercingWail","Dagger Throw"],"picked":"Accuracy","floor":46},{"not_picked":["Burst","Tools of the Trade"],"picked":"Venomology","floor":47}],"player_experience":479075,"potions_floor_usage":[7,7,11,16,16,16,16,19,19,19,20,20,21,24,24,28,28,31,31,33,33,33,33,35,35,39,39,40,40,42,46,47,47,47,47,50],"damage_taken":[{"damage":15,"enemies":"Small Slimes","floor":1,"turns":2},{"damage":6,"enemies":"Cultist","floor":2,"turns":3},{"damage":5,"enemies":"Jaw Worm","floor":5,"turns":2},{"damage":23,"enemies":"Gremlin Nob","floor":7,"turns":4},{"damage":30,"enemies":"Lagavulin","floor":11,"turns":4},{"damage":0,"enemies":"Gremlin Nob","floor":14,"turns":5},{"damage":28,"enemies":"Slime Boss","floor":16,"turns":8},{"damage":5,"enemies":"Spheric Guardian","floor":18,"turns":4},{"damage":2,"enemies":"Shell Parasite","floor":19,"turns":4},{"damage":34,"enemies":"Snake Plant","floor":20,"turns":3},{"damage":13,"enemies":"Centurion and Healer","floor":21,"turns":5},{"damage":23,"enemies":"Cultist and Chosen","floor":22,"turns":7},{"damage":10,"enemies":"Slavers","floor":24,"turns":4},{"damage":30,"enemies":"Gremlin Leader","floor":28,"turns":4},{"damage":0,"enemies":"Snecko","floor":31,"turns":3},{"damage":37,"enemies":"Automaton","floor":33,"turns":6},{"damage":13,"enemies":"3 Shapes","floor":35,"turns":4},{"damage":13,"enemies":"3 Darklings","floor":37,"turns":3},{"damage":21,"enemies":"Maw","floor":39,"turns":5},{"damage":0,"enemies":"Giant Head","floor":40,"turns":6},{"damage":15,"enemies":"Nemesis","floor":42,"turns":7},{"damage":21,"enemies":"4 Shapes","floor":46,"turns":3},{"damage":22,"enemies":"2 Orb Walkers","floor":47,"turns":2},{"damage":68,"enemies":"Awakened One","floor":50,"turns":5}],"event_choices":[{"event_name":"Golden Wing","player_choice":"Card Removal","floor":3,"damage_taken":0},{"event_name":"Shining Light","player_choice":"Entered Light","floor":4,"damage_taken":0},{"event_name":"The Cleric","player_choice":"Healed","floor":10,"damage_taken":0},{"event_name":"The Woman in Blue","player_choice":"Bought 1 Potion","floor":30,"damage_taken":0},{"event_name":"Bonfire Elementals","player_choice":"RARE","floor":36,"damage_taken":0},{"event_name":"Winding Halls","player_choice":"Embrace Madness","floor":44,"damage_taken":0}],"boss_relics":[{"not_picked":["Ectoplasm","Snecko Eye"],"picked":"Tiny House"},{"not_picked":["Calling Bell","Orrery"],"picked":"Cursed Key"}],"potions_floor_spawned":[1,11,14,16,19,22,28,31,33,35,40,42],"seed_played":"1252752020569541507","ascension_level":0,"is_trial":false}