{"gold_per_floor":[117,67,27,37,49,49,112,112,112,112,70,95,111,111,111,211,211,228,228,240,259,277,277,292,302,302,302,322,322,339,354,354,452,452,467,467,467,26,46,46,61,61,85,31,31,50,80,97,97,97],"floor_reached":50,"playtime":3216,"items_purged":["Strike_G"],"score":551,"play_id":"306e43ca-ce23-491b-9358-6ae282236082","local_time":"20180728002911","is_ascension_mode":false,"campfire_choices":[{"data":"Endless Agony","floor":6,"key":"SMITH"},{"floor":8,"key":"REST"},{"floor":10,"key":"REST"},{"data":"Finisher","floor":15,"key":"SMITH"},{"data":"Finisher","floor":23,"key":"SMITH"},{"floor":27,"key":"REST"},{"floor":29,"key":"REST"},{"data":"Endless Agony","floor":32,"key":"SMITH"},{"floor":40,"key":"REST"},{"floor":49,"key":"REST"}],"neow_cost":"NONE","seed_source_timestamp":189937232723660,"circlet_count":0,"master_deck":["Defend_G","Defend_G+1","Defend_G","Defend_G","Strike_G","Strike_G","Strike_G","Survivor+1","Neutralize","Slice","Endless Agony+1","Slice","Backflip","Finisher+1","Backstab","Tools of the Trade","Slice","Finisher+1","Underhanded Strike","Slice+1","Slice","Deflect+1","Endless Agony+1","Backstab","Doppelganger","Masterful Stab","Backstab","Infinite Blades","Dagger Throw","Slice","Distraction+1","Writhe","Dagger Throw","Dodge and Roll+1","Slice"],"relics":["Ring of the Snake","War Paint","Gambling Chip","Centennial Puzzle","WristBlade","Mummified Hand","Lizard Tail","Nunchaku","Strange Spoon","Snake Skull","Pear"],"potions_floor_usage":[7,33,33,47,47,47],"damage_taken":[{"damage":0,"enemies":"Small Slimes","floor":1,"turns":4},{"damage":0,"enemies":"Jaw Worm","floor":4,"turns":4},{"damage":1,"enemies":"Cultist","floor":5,"turns":3},{"damage":42,"enemies":"Gremlin Nob","floor":7,"turns":5},{"damage":6,"enemies":"3 Sentries","floor":12,"turns":7},{"damage":2,"enemies":"Blue Slaver","floor":13,"turns":2},{"damage":14,"enemies":"Slime Boss","floor":16,"turns":9},{"damage":4,"enemies":"2 Thieves","floor":18,"turns":3},{"damage":0,"enemies":"Spheric Guardian","floor":20,"turns":1},{"damage":21,"enemies":"Snake Plant","floor":21,"turns":4},{"damage":4,"enemies":"Snecko","floor":22,"turns":3},{"damage":5,"enemies":"Cultist and Chosen","floor":24,"turns":2},{"damage":4,"enemies":"Centurion and Healer","floor":25,"turns":3},{"damage":9,"enemies":"Snake Plant","floor":28,"turns":2},{"damage":0,"enemies":"Sentry and Sphere","floor":30,"turns":1},{"damage":2,"enemies":"Slaver and Parasite","floor":31,"turns":3},{"damage":41,"enemies":"Champ","floor":33,"turns":6},{"damage":0,"enemies":"Orb Walker","floor":35,"turns":1},{"damage":21,"enemies":"3 Darklings","floor":39,"turns":5},{"damage":18,"enemies":"Flame Bruiser 2 Orb","floor":41,"turns":2},{"damage":30,"enemies":"Transient","floor":46,"turns":5},{"damage":53,"enemies":"Nemesis","floor":47,"turns":7},{"damage":18,"enemies":"3 Darklings","floor":48,"turns":6},{"damage":71,"enemies":"Donu and Deca","floor":50,"turns":5}],"seed_played":"-7857457327684161614","potions_obtained":[{"floor":1,"key":"Swift Potion"},{"floor":12,"key":"SteroidPotion"},{"floor":13,"key":"PowerPotion"},{"floor":21,"key":"SteroidPotion"},{"floor":35,"key":"Energy Potion"},{"floor":36,"key":"Regen Potion"},{"floor":41,"key":"Regen Potion"}],"is_trial":false,"path_per_floor":["M","?","$","M","M","R","?","R","T","R","?","E","M","?","R","B",null,"M","?","M","M","M","R","M","M","T","R","M","R","M","M","R","B",null,"M","?","T","$","M","R","M","?","T","$","?","M","E","M","R"],"character_chosen":"THE_SILENT","items_purchased":["Endless Agony","Backstab","Infinite Blades","Dagger Throw","Strange Spoon","Dagger Throw"],"campfire_rested":6,"item_purchase_floors":[3,38,38,38,38,44],"current_hp_per_floor":[70,70,70,70,69,69,27,48,48,69,69,63,61,70,70,56,70,66,66,66,45,41,41,36,32,32,53,44,65,65,63,63,22,70,70,70,70,70,49,70,52,70,70,70,70,40,24,6,30,0],"gold":97,"neow_bonus":"REMOVE_CARD","is_prod":false,"is_daily":false,"chose_seed":false,"campfire_upgraded":4,"win_rate":0.0,"timestamp":1532752151,"path_taken":["M","?","?","M","M","R","?","R","T","R","?","E","?","?","R","BOSS","M","?","?","M","M","R","M","?","T","R","M","R","M","M","R","BOSS","M","?","?","$","?","R","M","?","T","$","?","M","E","?","R","BOSS"],"build_version":"2018-07-26","purchased_purges":1,"victory":false,"max_hp_per_floor":[70,70,70,70,70,70,70,70,70,70,70,70,70,70,70,70,70,70,70,70,70,70,70,70,70,70,70,70,70,70,70,70,70,70,70,70,70,70,70,70,70,70,70,70,70,70,80,80,80,80],"card_choices":[{"not_picked":["Expertise","Blur"],"picked":"Slice","floor":1},{"not_picked":["Calculated Gamble","Prepared"],"picked":"Slice","floor":4},{"not_picked":["Dagger Throw","Eviscerate"],"picked":"Backflip","floor":5},{"not_picked":["Outmaneuver","Sucker Punch"],"picked":"Finisher","floor":7},{"not_picked":["Flechettes","Escape Plan"],"picked":"Backstab","floor":12},{"not_picked":["Flechettes","Masterful Stab","Eviscerate"],"picked":"SKIP","floor":13},{"not_picked":["Doppelganger","A Thousand Cuts"],"picked":"Tools of the Trade","floor":16},{"not_picked":["Reflex","Bane"],"picked":"Slice","floor":18},{"not_picked":["Quick Slash","Choke"],"picked":"Finisher","floor":20},{"not_picked":["Well Laid Plans+1","Bane"],"picked":"Underhanded Strike","floor":21},{"not_picked":["Poisoned Stab","Deadly Poison"],"picked":"Slice+1","floor":22},{"not_picked":["Deadly Poison","Prepared"],"picked":"Slice","floor":24},{"not_picked":["Sucker Punch+1","PiercingWail"],"picked":"Deflect+1","floor":25},{"not_picked":["Slice","Prepared"],"picked":"Endless Agony","floor":28},{"not_picked":["Dash+1","PiercingWail","Dodge and Roll"],"picked":"SKIP","floor":30},{"not_picked":["Expertise","Dagger Throw"],"picked":"Backstab","floor":31},{"not_picked":["Malaise","A Thousand Cuts"],"picked":"Doppelganger","floor":33},{"not_picked":["Predator","Prepared"],"picked":"Masterful Stab","floor":35},{"not_picked":["Catalyst+1","PiercingWail+1"],"picked":"Slice","floor":39},{"not_picked":["Outmaneuver","Dagger Throw"],"picked":"Distraction+1","floor":41},{"not_picked":["Noxious Fumes","Outmaneuver+1"],"picked":"Dodge and Roll+1","floor":46},{"not_picked":["Quick Slash","Reflex"],"picked":"Slice","floor":47},{"not_picked":["Poisoned Stab","Crippling Poison","Skewer"],"picked":"SKIP","floor":48}],"player_experience":40804,"relics_obtained":[{"floor":7,"key":"War Paint"},{"floor":9,"key":"Gambling Chip"},{"floor":12,"key":"Centennial Puzzle"},{"floor":26,"key":"Mummified Hand"},{"floor":37,"key":"Nunchaku"},{"floor":43,"key":"Snake Skull"},{"floor":47,"key":"Pear"}],"event_choices":[{"event_name":"The Cleric","player_choice":"Card Removal","floor":2,"damage_taken":0},{"event_name":"Dead Adventurer","player_choice":"Searched \u00272\u0027 times","floor":7,"damage_taken":0},{"event_name":"World of Goop","player_choice":"Left","floor":11,"damage_taken":0},{"event_name":"Big Fish","player_choice":"Banana","floor":14,"damage_taken":0},{"event_name":"The Mausoleum","player_choice":"No","floor":19,"damage_taken":0},{"event_name":"The Lab","player_choice":"Got Potions","floor":36,"damage_taken":0},{"event_name":"Winding Halls","player_choice":"Writhe","floor":42,"damage_taken":0},{"event_name":"SensoryStone","player_choice":"Memory 1","floor":45,"damage_taken":0}],"is_beta":false,"boss_relics":[{"not_picked":["Empty Cage","Orrery"],"picked":"WristBlade"},{"not_picked":["HoveringKite","Sozu"],"picked":"Lizard Tail"}],"items_purged_floors":[38],"is_endless":false,"potions_floor_spawned":[1,12,13,21,22,30,31,35,41,46],"killed_by":"Donu and Deca","ascension_level":0}