{"gold_per_floor":[215,226,99,110,110,110,135,147,172,172,183,199,199,234,234,329,329,347,357,357,374,299,299,312,312,312,338,79,91,41,52,52,147,197,211,221,221,23,42,42,56,56,56,84,97,109,109,109],"floor_reached":48,"playtime":3076,"items_purged":["Strike_R","Writhe","Strike_R","Strike_R"],"score":521,"play_id":"2e7ef6cc-ab4a-40c3-997d-63870d9aceca","local_time":"20190910194855","is_ascension_mode":false,"campfire_choices":[{"data":"Armaments","floor":6,"key":"SMITH"},{"floor":10,"key":"REST"},{"floor":13,"key":"REST"},{"data":"Perfected Strike","floor":15,"key":"SMITH"},{"floor":23,"key":"REST"},{"data":"Body Slam","floor":25,"key":"SMITH"},{"floor":32,"key":"REST"},{"floor":40,"key":"REST"},{"data":"Shrug It Off","floor":42,"key":"SMITH"},{"floor":47,"key":"REST"}],"neow_cost":"NONE","seed_source_timestamp":430411514723200,"circlet_count":0,"master_deck":["Strike_R","Strike_R","Defend_R","Defend_R+1","Defend_R+1","Defend_R","Bash","Havoc","Thunderclap","Armaments+1","Twin Strike","Perfected Strike+1","Body Slam+1","Pommel Strike","Headbutt+1","Flex+1","Cleave","True Grit+1","Shrug It Off+1","Twin Strike+1","True Grit+1","Heavy Blade","Shrug It Off+1","Thunderclap","Heavy Blade","Flex+1","Pommel Strike+1"],"relics":["Burning Blood","Dream Catcher","War Paint","Bronze Scales","Torii","Velvet Choker","Smiling Mask","Darkstone Periapt","Art of War","Brimstone","Tiny House","Strawberry","Thread and Needle","Self Forming Clay"],"potions_floor_usage":[7,12,16,16,27,33,33,41,44],"damage_taken":[{"damage":6,"enemies":"Small Slimes","floor":1,"turns":4},{"damage":14,"enemies":"Jaw Worm","floor":2,"turns":4},{"damage":0,"enemies":"2 Louse","floor":4,"turns":3},{"damage":58,"enemies":"3 Sentries","floor":7,"turns":12},{"damage":7,"enemies":"Looter","floor":8,"turns":3},{"damage":7,"enemies":"2 Fungi Beasts","floor":11,"turns":3},{"damage":6,"enemies":"Gremlin Gang","floor":12,"turns":3},{"damage":17,"enemies":"Gremlin Nob","floor":14,"turns":4},{"damage":23,"enemies":"Slime Boss","floor":16,"turns":10},{"damage":28,"enemies":"Shell Parasite","floor":18,"turns":2},{"damage":9,"enemies":"2 Thieves","floor":19,"turns":3},{"damage":27,"enemies":"3 Cultists","floor":21,"turns":5},{"damage":7,"enemies":"Centurion and Healer","floor":24,"turns":4},{"damage":0,"enemies":"Gremlin Leader","floor":27,"turns":6},{"damage":19,"enemies":"Shelled Parasite and Fungi","floor":29,"turns":3},{"damage":0,"enemies":"Snecko","floor":31,"turns":2},{"damage":17,"enemies":"Champ","floor":33,"turns":6},{"damage":0,"enemies":"Orb Walker","floor":35,"turns":2},{"damage":20,"enemies":"3 Darklings","floor":36,"turns":5},{"damage":38,"enemies":"Writhing Mass","floor":39,"turns":4},{"damage":20,"enemies":"4 Shapes","floor":41,"turns":3},{"damage":8,"enemies":"Reptomancer","floor":44,"turns":5},{"damage":37,"enemies":"Transient","floor":45,"turns":5},{"damage":14,"enemies":"Spire Growth","floor":46,"turns":4},{"damage":70,"enemies":"Writhing Mass","floor":48,"turns":5}],"seed_played":"-2561533379355612893","potions_obtained":[{"floor":4,"key":"Poison Potion"},{"floor":8,"key":"AttackPotion"},{"floor":11,"key":"GamblersBrew"},{"floor":12,"key":"Explosive Potion"},{"floor":14,"key":"Block Potion"},{"floor":24,"key":"Explosive Potion"},{"floor":29,"key":"Energy Potion"},{"floor":31,"key":"Swift Potion"},{"floor":34,"key":"SneckoOil"},{"floor":35,"key":"Fire Potion"},{"floor":36,"key":"Dexterity Potion"},{"floor":45,"key":"EssenceOfSteel"}],"is_trial":false,"path_per_floor":["M","M","$","M","?","R","E","M","T","R","M","M","R","E","R","B",null,"M","M","?","M","?","R","M","R","T","E","$","M","$","M","R","B",null,"M","M","?","$","M","R","M","R","T","E","M","M","R","M"],"character_chosen":"IRONCLAD","items_purchased":["Armaments","Brimstone","Strawberry"],"campfire_rested":6,"item_purchase_floors":[3,28,38],"current_hp_per_floor":[80,72,72,78,78,78,26,25,25,49,48,48,72,61,61,44,80,58,55,55,34,34,58,57,57,57,63,63,50,50,56,80,69,85,85,71,71,78,46,73,59,59,59,57,26,18,45,0],"gold":109,"neow_bonus":"HUNDRED_GOLD","is_prod":false,"is_daily":false,"chose_seed":false,"campfire_upgraded":4,"win_rate":0,"timestamp":1568170135,"path_taken":["M","M","$","M","?","R","E","M","T","R","M","M","R","E","R","BOSS","M","M","?","M","?","R","M","R","T","E","$","M","$","M","R","BOSS","M","M","?","$","M","R","M","R","T","E","M","M","R","M"],"build_version":"2019-07-17","purchased_purges":4,"victory":false,"max_hp_per_floor":[80,80,80,80,80,80,80,80,80,80,80,80,80,80,80,80,80,80,80,80,80,80,80,80,80,80,80,80,80,80,80,80,80,85,85,85,85,92,92,92,92,92,92,92,92,92,92,92],"card_choices":[{"not_picked":["Pummel","Wild Strike"],"picked":"Havoc","floor":1},{"not_picked":["Power Through","Second Wind"],"picked":"Thunderclap","floor":2},{"not_picked":["Headbutt","Heavy Blade"],"picked":"Twin Strike","floor":4},{"not_picked":["Dark Embrace","Pummel","Bludgeon"],"picked":"SKIP","floor":7},{"not_picked":["Anger","Whirlwind"],"picked":"Perfected Strike","floor":8},{"not_picked":["Perfected Strike","Wild Strike"],"picked":"Body Slam","floor":11},{"not_picked":["Reckless Charge","Clash","Havoc"],"picked":"SKIP","floor":12},{"not_picked":["Burning Pact","Juggernaut"],"picked":"Pommel Strike","floor":13},{"not_picked":["Shockwave","Thunderclap","Rage"],"picked":"SKIP","floor":14},{"not_picked":["Anger+1","Sword Boomerang","Havoc"],"picked":"SKIP","floor":18},{"not_picked":["Sword Boomerang","Wild Strike"],"picked":"Headbutt+1","floor":19},{"not_picked":["Metallicize+1","Sword Boomerang"],"picked":"Flex+1","floor":21},{"not_picked":["Clash","Power Through"],"picked":"Cleave","floor":23},{"not_picked":["Pommel Strike","Iron Wave+1"],"picked":"True Grit+1","floor":24},{"not_picked":["Heavy Blade","Perfected Strike+1"],"picked":"Shrug It Off+1","floor":27},{"not_picked":["Clash+1","Sword Boomerang"],"picked":"Twin Strike","floor":29},{"not_picked":["Warcry","Double Tap"],"picked":"True Grit+1","floor":31},{"not_picked":["Dual Wield","Shrug It Off"],"picked":"Heavy Blade","floor":32},{"not_picked":["True Grit","Body Slam"],"picked":"Shrug It Off","floor":34},{"not_picked":["Hemokinesis+1","Wild Strike+1"],"picked":"Thunderclap","floor":35},{"not_picked":["Anger","Clash+1"],"picked":"Heavy Blade","floor":36},{"not_picked":["Cleave+1","Wild Strike+1","Dual Wield+1"],"picked":"SKIP","floor":39},{"not_picked":["Berserk","Iron Wave"],"picked":"Flex+1","floor":40},{"not_picked":["Corruption","Clash+1","Cleave+1"],"picked":"SKIP","floor":41},{"not_picked":["True Grit","Battle Trance+1"],"picked":"Pommel Strike+1","floor":44},{"not_picked":["Armaments","Warcry","Thunderclap"],"picked":"SKIP","floor":45},{"not_picked":["Iron Wave+1","Clothesline","Power Through"],"picked":"SKIP","floor":46}],"player_experience":887666,"relics_obtained":[{"floor":7,"key":"War Paint"},{"floor":9,"key":"Bronze Scales"},{"floor":14,"key":"Torii"},{"floor":26,"key":"Darkstone Periapt"},{"floor":27,"key":"Art of War"},{"floor":43,"key":"Thread and Needle"},{"floor":44,"key":"Self Forming Clay"}],"event_choices":[{"damage_healed":0,"gold_gain":0,"player_choice":"Box","damage_taken":0,"relics_obtained":["Dream Catcher"],"max_hp_gain":0,"max_hp_loss":0,"event_name":"Big Fish","floor":5,"gold_loss":0,"cards_obtained":["Regret"]},{"damage_healed":0,"gold_gain":0,"player_choice":"Opened","damage_taken":0,"relics_obtained":["Smiling Mask"],"max_hp_gain":0,"max_hp_loss":0,"event_name":"The Mausoleum","floor":20,"gold_loss":0,"cards_obtained":["Writhe"]},{"cards_removed":["Regret"],"damage_healed":0,"gold_gain":0,"player_choice":"Gave Gold","damage_taken":0,"max_hp_gain":0,"max_hp_loss":0,"event_name":"Beggar","floor":22,"gold_loss":75},{"damage_healed":0,"gold_gain":0,"player_choice":"Ignored","damage_taken":0,"max_hp_gain":0,"max_hp_loss":0,"event_name":"Tomb of Lord Red Mask","floor":37,"gold_loss":0}],"is_beta":false,"boss_relics":[{"not_picked":["Eternal Feather","Cursed Key"],"picked":"Velvet Choker"},{"not_picked":["Busted Crown","Philosopher\u0027s Stone"],"picked":"Tiny House"}],"items_purged_floors":[3,28,30,38],"is_endless":false,"potions_floor_spawned":[4,8,11,12,14,24,29,31,35,36,45],"killed_by":"Writhing Mass","ascension_level":0}