{"gold_per_floor":[118,130,205,223,233,233,203,203,203,218,39,39,55,72,72,177,177,189,204,204,70,85,113,4,4,51,63,79,79,90,90,90,186,186,186],"floor_reached":35,"playtime":4067,"items_purged":[],"score":470,"play_id":"196bc8ba-de8d-4b99-97fa-c4d00b336c2b","local_time":"20190425003448","is_ascension_mode":true,"campfire_choices":[{"data":"Zap","floor":6.0,"key":"SMITH"},{"data":"Dualcast","floor":8.0,"key":"SMITH"},{"floor":12.0,"key":"REST"},{"data":"Rainbow","floor":15.0,"key":"SMITH"},{"floor":25.0,"key":"REST"},{"floor":29.0,"key":"REST"},{"floor":32.0,"key":"REST"}],"neow_cost":"TEN_PERCENT_HP_LOSS","seed_source_timestamp":0,"circlet_count":0,"master_deck":["Defend_B","Defend_B","Defend_B","Zap+1","Dualcast+1","Steam Power","Force Field","Sweeping Beam","FTL","Streamline","Redo","Aggregate","Metamorphosis","Beam Cell","Rainbow+1","Meteor Strike","Melter","Defragment","Bite","Bite","Bite","Bite","Bite","Sunder","Turbo","Compile Driver","Capacitor","Storm","Doom and Gloom","Capacitor","Barrage","Leap+1","Writhe","Biased Cognition"],"special_seed":0,"relics":["Cracked Core","Oddly Smooth Stone","Nuclear Battery","Toxic Egg 2","Anchor","Pantograph","Sozu"],"potions_floor_usage":[35],"damage_taken":[{"damage":2.0,"enemies":"Cultist","floor":1.0,"turns":4.0},{"damage":0.0,"enemies":"Small Slimes","floor":2.0,"turns":2.0},{"damage":0.0,"enemies":"2 Louse","floor":4.0,"turns":1.0},{"damage":8.0,"enemies":"Blue Slaver","floor":5.0,"turns":4.0},{"damage":11.0,"enemies":"Looter","floor":10.0,"turns":2.0},{"damage":0.0,"enemies":"Large Slime","floor":13.0,"turns":3.0},{"damage":0.0,"enemies":"Lots of Slimes","floor":14.0,"turns":1.0},{"damage":27.0,"enemies":"The Guardian","floor":16.0,"turns":6.0},{"damage":12.0,"enemies":"3 Byrds","floor":18.0,"turns":4.0},{"damage":0.0,"enemies":"Spheric Guardian","floor":19.0,"turns":1.0},{"damage":24.0,"enemies":"Centurion and Healer","floor":22.0,"turns":5.0},{"damage":27.0,"enemies":"Book of Stabbing","floor":23.0,"turns":4.0},{"damage":5.0,"enemies":"Snecko","floor":27.0,"turns":3.0},{"damage":19.0,"enemies":"Chosen and Byrds","floor":28.0,"turns":5.0},{"damage":17.0,"enemies":"Centurion and Healer","floor":30.0,"turns":6.0},{"damage":45.0,"enemies":"Champ","floor":33.0,"turns":10.0},{"damage":51,"enemies":"3 Darklings","floor":35,"turns":2}],"seed_played":"4632365076046696061","potions_obtained":[{"floor":2.0,"key":"LiquidBronze"},{"floor":7.0,"key":"Fire Potion"},{"floor":7.0,"key":"GamblersBrew"},{"floor":14.0,"key":"Ancient Potion"},{"floor":16.0,"key":"Dexterity Potion"},{"floor":22.0,"key":"SkillPotion"},{"floor":27.0,"key":"FearPotion"},{"floor":30.0,"key":"EssenceOfSteel"},{"floor":33.0,"key":"Ancient Potion"}],"is_trial":false,"path_per_floor":["M","M","?","M","M","R","?","R","T","M","$","R","M","M","R","B",null,"M","M","?","$","M","E","$","R","T","M","M","R","M","?","R","B",null,"M"],"character_chosen":"DEFECT","items_purchased":["Metamorphosis","Sunder","Turbo","Storm","Doom and Gloom"],"campfire_rested":4,"item_purchase_floors":[11,21,21,24,24],"current_hp_per_floor":[66,66,55,55,47,47,47,47,47,36,36,56,56,56,56,29,68,56,56,47,47,25,2,2,16,16,13,4,18,15,15,29,15,47,0],"gold":186,"neow_bonus":"TRANSFORM_TWO_CARDS","is_prod":false,"is_daily":false,"chose_seed":false,"campfire_upgraded":3,"win_rate":0,"timestamp":1556123688,"path_taken":["M","M","?","M","M","R","?","R","T","M","$","R","M","?","R","BOSS","M","M","?","$","M","E","$","R","T","M","M","R","M","?","R","BOSS","M"],"build_version":"2019-01-23","purchased_purges":0,"victory":false,"max_hp_per_floor":[68,68,68,68,68,68,68,68,68,68,68,68,68,68,68,68,68,68,68,47,47,47,47,47,47,47,47,47,47,47,47,47,47,47,47],"card_choices":[{"not_picked":["Leap","Tempest"],"picked":"Sweeping Beam","floor":1.0},{"not_picked":["Gash","Steam"],"picked":"FTL","floor":2.0},{"not_picked":["BootSequence","Rebound"],"picked":"Streamline","floor":4.0},{"not_picked":["FTL","Beam Cell"],"picked":"Redo","floor":5.0},{"not_picked":["Beam Cell","Sweeping Beam"],"picked":"Aggregate","floor":10.0},{"not_picked":["Compile Driver","Stack"],"picked":"Beam Cell","floor":13.0},{"not_picked":["Cold Snap","Redo"],"picked":"Rainbow","floor":14.0},{"not_picked":["Biased Cognition","Rainbow"],"picked":"Meteor Strike","floor":16.0},{"not_picked":["Beam Cell","Redo"],"picked":"Melter","floor":18.0},{"not_picked":["Redo","Streamline+1"],"picked":"Defragment","floor":19.0},{"not_picked":["Reinforced Body","Stack+1"],"picked":"Compile Driver","floor":22.0},{"not_picked":["Go for the Eyes","Sunder"],"picked":"Capacitor","floor":23.0},{"not_picked":["Undo+1","Rip and Tear"],"picked":"Capacitor","floor":27.0},{"not_picked":["Rebound+1","Cold Snap"],"picked":"Barrage","floor":28.0},{"not_picked":["Beam Cell","Barrage"],"picked":"Leap+1","floor":30.0},{"not_picked":["Buffer","Creative AI"],"picked":"Biased Cognition","floor":33.0}],"player_experience":1020163,"relics_obtained":[{"floor":9.0,"key":"Oddly Smooth Stone"},{"floor":23.0,"key":"Toxic Egg 2"},{"floor":26.0,"key":"Anchor"}],"event_choices":[{"damage_healed":0.0,"max_hp_gain":0.0,"max_hp_loss":0.0,"gold_gain":75.0,"event_name":"World of Goop","player_choice":"Gather Gold","floor":3.0,"gold_loss":0.0,"damage_taken":11.0},{"damage_healed":0.0,"max_hp_gain":0.0,"max_hp_loss":0.0,"gold_gain":0.0,"event_name":"The Woman in Blue","player_choice":"Bought 2 Potions","floor":7.0,"gold_loss":0.0,"damage_taken":0.0},{"damage_healed":0.0,"max_hp_gain":0.0,"max_hp_loss":21.0,"gold_gain":0.0,"event_name":"Vampires","player_choice":"Became a vampire","floor":20.0,"gold_loss":0.0,"damage_taken":0.0,"cards_obtained":["Bite","Bite","Bite","Bite","Bite"]},{"damage_healed":0.0,"max_hp_gain":0.0,"max_hp_loss":0.0,"gold_gain":0.0,"event_name":"The Mausoleum","player_choice":"Opened","floor":31.0,"gold_loss":0.0,"damage_taken":0.0,"relics_obtained":["Pantograph"],"cards_obtained":["Writhe"]}],"is_beta":false,"boss_relics":[{"not_picked":["White Beast Statue","Fusion Hammer"],"picked":"Nuclear Battery"},{"not_picked":["Runic Dome","Pandora\u0027s Box"],"picked":"Sozu"}],"items_purged_floors":[],"is_endless":false,"potions_floor_spawned":[2,10,14,16,22,27,30,33],"killed_by":"3 Darklings","ascension_level":4}