{"gold_per_floor":[364,514,527,112,112,112,123,136,160,170,170,227,227,237,237,237],"floor_reached":16,"playtime":1103,"items_purged":["Doubt"],"score":204,"play_id":"29e264bc-bdf6-45bb-b8c0-545ec66ba422","local_time":"20190908224954","is_ascension_mode":true,"campfire_choices":[{"data":"True Grit","floor":6,"key":"SMITH"},{"data":"Pommel Strike","floor":11,"key":"SMITH"},{"floor":15,"key":"REST"}],"neow_cost":"CURSE","seed_source_timestamp":102483078547014,"circlet_count":0,"master_deck":["AscendersBane","Strike_R","Strike_R","Strike_R","Strike_R","Strike_R","Defend_R","Defend_R","Defend_R","Defend_R","Bash","True Grit+1","Battle Trance","Shrug It Off","Dark Shackles","Pommel Strike+1","Offering","Shockwave","Spot Weakness"],"relics":["Burning Blood","Boot","Tiny Chest"],"potions_floor_usage":[14,16],"damage_taken":[{"damage":9,"enemies":"2 Louse","floor":1,"turns":4},{"damage":29,"enemies":"Jaw Worm","floor":3,"turns":7},{"damage":0,"enemies":"Cultist","floor":7,"turns":3},{"damage":6,"enemies":"Looter","floor":8,"turns":3},{"damage":6,"enemies":"Red Slaver","floor":10,"turns":3},{"damage":42,"enemies":"3 Sentries","floor":12,"turns":13},{"damage":6,"enemies":"Exordium Wildlife","floor":14,"turns":3},{"damage":50,"enemies":"Slime Boss","floor":16,"turns":6}],"seed_played":"-1870598733018945506","potions_obtained":[{"floor":3,"key":"Weak Potion"},{"floor":10,"key":"Energy Potion"}],"is_trial":false,"path_per_floor":["M","?","M","$","?","R","M","M","T","M","R","E","?","M","R","B"],"character_chosen":"IRONCLAD","items_purchased":["Shrug It Off","Dark Shackles","Pommel Strike","Offering"],"campfire_rested":1,"item_purchase_floors":[4,4,4,4],"current_hp_per_floor":[65,65,42,42,42,42,48,48,48,48,48,12,12,12,34,0],"gold":237,"neow_bonus":"TWO_FIFTY_GOLD","is_prod":false,"is_daily":false,"chose_seed":false,"campfire_upgraded":2,"win_rate":0,"timestamp":1567975794,"path_taken":["M","?","M","$","?","R","?","M","T","M","R","E","?","M","R","BOSS"],"build_version":"2019-07-17","purchased_purges":1,"victory":false,"max_hp_per_floor":[75,75,75,75,75,75,75,75,75,75,75,75,75,75,75,75],"card_choices":[{"not_picked":["Havoc","Second Wind"],"picked":"True Grit","floor":1},{"not_picked":["Havoc","Cleave"],"picked":"Battle Trance","floor":3},{"not_picked":["Havoc","Corruption"],"picked":"Shockwave","floor":7},{"not_picked":["Fire Breathing","Dropkick","Flex"],"picked":"SKIP","floor":8},{"not_picked":["Clash","Second Wind","Corruption"],"picked":"SKIP","floor":10},{"not_picked":["Sword Boomerang","True Grit"],"picked":"Spot Weakness","floor":12},{"not_picked":["Body Slam","Wild Strike","Thunderclap"],"picked":"SKIP","floor":14}],"player_experience":798853,"relics_obtained":[{"floor":9,"key":"Boot"},{"floor":12,"key":"Tiny Chest"}],"event_choices":[{"damage_healed":0,"gold_gain":150,"player_choice":"AGREE","damage_taken":0,"max_hp_gain":0,"max_hp_loss":0,"event_name":"Liars Game","floor":2,"gold_loss":0,"cards_obtained":["Doubt"]},{"cards_removed":["Doubt"],"damage_healed":0,"gold_gain":0,"player_choice":"Removed Curses","damage_taken":0,"max_hp_gain":0,"max_hp_loss":0,"event_name":"Fountain of Cleansing","floor":5,"gold_loss":0},{"damage_healed":0,"gold_gain":0,"player_choice":"0 cards matched","damage_taken":0,"max_hp_gain":0,"max_hp_loss":0,"event_name":"Match and Keep!","floor":13,"gold_loss":0,"cards_obtained":[]}],"is_beta":false,"boss_relics":[],"items_purged_floors":[4],"is_endless":false,"potions_floor_spawned":[3,10,12],"killed_by":"Slime Boss","ascension_level":20}