{"gold_per_floor":[117,127,141,24,99,99,112,112,138,138,138,163,163,183,183,260,260,260,51,0,0,0,0,0,0,0,0,0,0,0,0,0,0],"floor_reached":33,"playtime":1700,"items_purged":[],"score":466,"play_id":"043fe2b2-c6d6-4ec3-8728-03c597763a91","local_time":"20190914115526","is_ascension_mode":true,"campfire_choices":[{"data":"Skewer","floor":6.0,"key":"SMITH"},{"data":"Crippling Poison","floor":8.0,"key":"SMITH"},{"floor":11.0,"key":"REST"},{"data":"Dodge and Roll","floor":13.0,"key":"SMITH"},{"floor":15.0,"key":"REST"},{"floor":23.0,"key":"REST"},{"floor":28.0,"key":"REST"},{"data":"Apotheosis","floor":32,"key":"SMITH"}],"neow_cost":"NONE","seed_source_timestamp":8004855607300,"circlet_count":0,"master_deck":["AscendersBane","Strike_G+1","Strike_G+1","Defend_G+1","Defend_G+1","Defend_G+1","Defend_G+1","Defend_G+1","Survivor","Neutralize","Skewer+1","Poisoned Stab","Dodge and Roll+1","Backflip","Deadly Poison","Crippling Poison+1","PiercingWail","Wraith Form v2","Deadly Poison","Apotheosis+1","Cloak And Dagger","Catalyst","PiercingWail","Wraith Form v2","Dagger Spray","All Out Attack","Deadly Poison"],"special_seed":0,"relics":["Ring of the Snake","Art of War","Whetstone","Ectoplasm","Mango","Frozen Egg 2"],"potions_floor_usage":[33],"damage_taken":[{"damage":0.0,"enemies":"Cultist","floor":1.0,"turns":3.0},{"damage":6.0,"enemies":"2 Louse","floor":2.0,"turns":4.0},{"damage":0.0,"enemies":"Small Slimes","floor":3.0,"turns":3.0},{"damage":0.0,"enemies":"2 Fungi Beasts","floor":7.0,"turns":2.0},{"damage":11.0,"enemies":"3 Sentries","floor":12.0,"turns":8.0},{"damage":4.0,"enemies":"Blue Slaver","floor":14.0,"turns":4.0},{"damage":42.0,"enemies":"Slime Boss","floor":16.0,"turns":11.0},{"damage":0.0,"enemies":"Chosen","floor":18.0,"turns":5.0},{"damage":17.0,"enemies":"2 Thieves","floor":20.0,"turns":4.0},{"damage":19.0,"enemies":"Shelled Parasite and Fungi","floor":22.0,"turns":4.0},{"damage":24.0,"enemies":"3 Cultists","floor":24.0,"turns":6.0},{"damage":7,"enemies":"Snake Plant","floor":30,"turns":4},{"damage":42,"enemies":"Champ","floor":33,"turns":10}],"seed_played":"6014602214854235459","potions_obtained":[{"floor":3.0,"key":"Energy Potion"},{"floor":7.0,"key":"Energy Potion"},{"floor":14.0,"key":"Weak Potion"},{"floor":18.0,"key":"SpeedPotion"},{"floor":20.0,"key":"LiquidBronze"}],"is_trial":false,"path_per_floor":["M","M","M","$","?","R","M","R","T","?","R","E","R","M","R","B",null,"M","$","M","?","M","R","M","?","T","$","R","T","M","?","R","B"],"character_chosen":"THE_SILENT","items_purchased":["Deadly Poison","Crippling Poison","Apotheosis"],"campfire_rested":4,"item_purchase_floors":[4,4,19],"current_hp_per_floor":[59,53,53,53,42,42,42,42,42,22,41,30,30,26,45,3,50,50,50,33,33,14,33,9,9,23,23,47,47,40,40,40,0],"gold":0,"neow_bonus":"TRANSFORM_CARD","is_prod":false,"is_daily":false,"chose_seed":false,"campfire_upgraded":4,"win_rate":0,"timestamp":1568487326,"path_taken":["M","M","M","?","?","R","M","R","T","?","R","E","R","M","R","BOSS","M","$","M","?","M","R","M","?","T","$","R","?","M","?","R","BOSS"],"build_version":"2019-07-17","purchased_purges":0,"victory":false,"max_hp_per_floor":[66,66,66,66,66,66,66,66,66,66,66,66,66,66,66,66,66,66,66,66,66,66,66,66,66,80,80,80,80,80,80,80,80],"card_choices":[{"not_picked":["Dodge and Roll","Cloak And Dagger"],"picked":"Poisoned Stab","floor":1.0},{"not_picked":["Distraction","Deflect"],"picked":"Dodge and Roll","floor":2.0},{"not_picked":["Deflect","A Thousand Cuts"],"picked":"Backflip","floor":3.0},{"not_picked":["Tactician","Outmaneuver","Blade Dance"],"picked":"SKIP","floor":7.0},{"not_picked":["Quick Slash","Cloak And Dagger"],"picked":"PiercingWail","floor":12.0},{"not_picked":["Sucker Punch","Poisoned Stab","Bane"],"picked":"SKIP","floor":14.0},{"not_picked":["Venomology","Adrenaline"],"picked":"Wraith Form v2","floor":16.0},{"not_picked":["Blade Dance","Poisoned Stab"],"picked":"Deadly Poison","floor":18.0},{"not_picked":["Cloak And Dagger","Bane","Poisoned Stab"],"picked":"SKIP","floor":20.0},{"not_picked":["Bane","Poisoned Stab"],"picked":"Cloak And Dagger","floor":20.0},{"not_picked":["Underhanded Strike","Sucker Punch"],"picked":"PiercingWail","floor":22.0},{"not_picked":["Deflect","Dodge and Roll"],"picked":"Wraith Form v2","floor":24.0},{"not_picked":["PiercingWail","Poisoned Stab"],"picked":"Deadly Poison","floor":30}],"player_experience":970879,"relics_obtained":[{"floor":9.0,"key":"Art of War"},{"floor":12.0,"key":"Whetstone"},{"floor":26.0,"key":"Mango"},{"floor":29.0,"key":"Frozen Egg 2"}],"event_choices":[{"damage_healed":0.0,"max_hp_gain":0.0,"max_hp_loss":0.0,"gold_gain":75.0,"event_name":"World of Goop","player_choice":"Gather Gold","floor":5.0,"gold_loss":0.0,"damage_taken":11.0},{"damage_healed":0.0,"max_hp_gain":0.0,"max_hp_loss":0.0,"gold_gain":0.0,"event_name":"Shining Light","player_choice":"Entered Light","floor":10.0,"gold_loss":0.0,"damage_taken":20.0,"cards_upgraded":["Strike_G","Strike_G"]},{"damage_healed":0.0,"max_hp_gain":0.0,"max_hp_loss":0.0,"gold_gain":0.0,"event_name":"The Library","player_choice":"Read","floor":21.0,"gold_loss":0.0,"damage_taken":0.0,"cards_obtained":["Catalyst"]},{"damage_healed":0.0,"max_hp_gain":0.0,"max_hp_loss":0.0,"gold_gain":0.0,"cards_transformed":["Strike_G","Strike_G"],"event_name":"Drug Dealer","player_choice":"Became Test Subject","floor":25.0,"gold_loss":0.0,"damage_taken":0.0,"cards_obtained":["Dagger Spray","All Out Attack"]},{"damage_healed":0,"gold_gain":0,"player_choice":"Simplicity","damage_taken":0,"max_hp_gain":0,"max_hp_loss":0,"event_name":"Back to Basics","floor":31,"gold_loss":0,"cards_upgraded":["Defend_G","Defend_G","Defend_G","Defend_G","Defend_G"]}],"is_beta":false,"boss_relics":[{"not_picked":["Fusion Hammer","Astrolabe"],"picked":"Ectoplasm"}],"items_purged_floors":[],"is_endless":false,"potions_floor_spawned":[3,7,14,18,20],"killed_by":"Champ","ascension_level":18}