{"gold_per_floor":[111,121,44,57,67,67,18,36,36,51,67,67,67,79,79,180,180,198,216,93,93,93,93,109,126,195,195,105,105,125,141,141,244,244,257,257,257,268,268,268,286,286,309,150,161,161,161,175,175,175],"floor_reached":50,"playtime":4603,"items_purged":["Strike_B"],"score":438,"play_id":"8c63aff7-c016-473d-b93c-4d216ccd60cc","local_time":"20190821220614","is_ascension_mode":false,"campfire_choices":[{"data":"Zap","floor":6.0,"key":"SMITH"},{"data":"Dualcast","floor":15.0,"key":"SMITH"},{"data":"Defragment","floor":23.0,"key":"SMITH"},{"floor":27.0,"key":"REST"},{"data":"Coolheaded","floor":29.0,"key":"SMITH"},{"data":"Redo","floor":32.0,"key":"SMITH"},{"data":"FTL","floor":40.0,"key":"SMITH"},{"floor":42,"key":"REST"},{"floor":49,"key":"REST"}],"neow_cost":"NONE","seed_source_timestamp":0,"circlet_count":0,"master_deck":["Strike_B+1","Strike_B+1","Defend_B+1","Defend_B+1","Defend_B+1","Defend_B+1","Zap+1","Dualcast+1","Ball Lightning","Hologram","Auto Shields+1","Leap","Defragment+1","Conserve Battery","Redo+1","FTL+1","Coolheaded+1","Leap","Machine Learning","Force Field+1","Coolheaded","Cold Snap+1","Ball Lightning","Stack+1","Electrodynamics","Impatience","Coolheaded","Stack+1","Defragment","Go for the Eyes+1","Undo","Turbo+1","Redo+1"],"special_seed":0,"relics":["Cracked Core"],"potions_floor_usage":[50,50,50],"damage_taken":[{"damage":1.0,"enemies":"Cultist","floor":1.0,"turns":4.0},{"damage":0.0,"enemies":"Small Slimes","floor":2.0,"turns":3.0},{"damage":0.0,"enemies":"Jaw Worm","floor":4.0,"turns":2.0},{"damage":11.0,"enemies":"Large Slime","floor":5.0,"turns":3.0},{"damage":1.0,"enemies":"Gremlin Gang","floor":8.0,"turns":4.0},{"damage":9.0,"enemies":"2 Fungi Beasts","floor":10.0,"turns":4.0},{"damage":16.0,"enemies":"Large Slime","floor":11.0,"turns":4.0},{"damage":4.0,"enemies":"Looter","floor":14.0,"turns":3.0},{"damage":31.0,"enemies":"The Guardian","floor":16.0,"turns":12.0},{"damage":15.0,"enemies":"3 Byrds","floor":18.0,"turns":5.0},{"damage":9.0,"enemies":"Spheric Guardian","floor":19.0,"turns":4.0},{"damage":7.0,"enemies":"Centurion and Healer","floor":24.0,"turns":9.0},{"damage":18.0,"enemies":"Shelled Parasite and Fungi","floor":25.0,"turns":7.0},{"damage":2.0,"enemies":"Sentry and Sphere","floor":30.0,"turns":6.0},{"damage":1.0,"enemies":"Cultist and Chosen","floor":31.0,"turns":7.0},{"damage":43.0,"enemies":"Champ","floor":33.0,"turns":19.0},{"damage":27.0,"enemies":"3 Darklings","floor":35.0,"turns":4.0},{"damage":0.0,"enemies":"Orb Walker","floor":38.0,"turns":4.0},{"damage":47.0,"enemies":"Maw","floor":41.0,"turns":12.0},{"damage":5,"enemies":"3 Darklings","floor":45,"turns":10},{"damage":11,"enemies":"Spire Growth","floor":48,"turns":5},{"damage":40,"enemies":"Donu and Deca","floor":50,"turns":5}],"seed_played":"-889199452179321115","potions_obtained":[{"floor":2.0,"key":"Swift Potion"},{"floor":4.0,"key":"AttackPotion"},{"floor":10.0,"key":"Block Potion"},{"floor":16.0,"key":"Explosive Potion"},{"floor":18.0,"key":"AttackPotion"},{"floor":30.0,"key":"Strength Potion"},{"floor":33.0,"key":"GamblersBrew"}],"is_trial":false,"path_per_floor":["M","M","$","M","M","R","$","M","T","M","M","$","?","M","R","B",null,"M","M","$","?","?","R","M","M","T","R","?","R","M","M","R","B",null,"M","?","?","M","?","R","M","R","T","$","M","?","?","M","R","B"],"character_chosen":"DEFECT","items_purchased":["Auto Shields","Conserve Battery","Coolheaded","Defragment","Go for the Eyes","Undo"],"campfire_rested":3,"item_purchase_floors":[3,7,20,44,44,44],"current_hp_per_floor":[74,74,74,74,63,63,63,62,62,53,37,37,62,58,58,27,75,60,51,51,51,51,51,44,26,26,48,48,48,46,45,45,2,75,48,48,48,48,48,48,1,23,23,23,18,18,18,7,29,0],"gold":175,"neow_bonus":"TRANSFORM_CARD","is_prod":false,"is_daily":false,"chose_seed":false,"campfire_upgraded":6,"win_rate":0,"timestamp":1566417974,"path_taken":["M","M","$","M","M","R","?","M","T","M","M","$","?","M","R","BOSS","M","M","$","?","?","R","M","M","T","R","?","R","?","M","R","BOSS","M","?","?","M","?","R","?","R","T","$","M","?","?","M","R","BOSS"],"build_version":"2019-07-17","purchased_purges":1,"victory":false,"max_hp_per_floor":[75,75,75,75,75,75,75,75,75,75,75,75,75,75,75,75,75,75,75,75,75,75,75,75,75,75,75,75,75,75,75,75,75,75,75,75,75,75,75,75,75,75,75,75,75,75,75,75,75,75],"card_choices":[{"not_picked":["Barrage","Streamline"],"picked":"Ball Lightning","floor":1.0},{"not_picked":["Static Discharge","Recycle"],"picked":"Hologram","floor":2.0},{"not_picked":["Compile Driver","Thunder Strike"],"picked":"Leap","floor":4.0},{"not_picked":["Rip and Tear","Chill"],"picked":"Defragment","floor":5.0},{"not_picked":["Beam Cell","Hologram"],"picked":"Redo","floor":8.0},{"not_picked":["Static Discharge","Beam Cell"],"picked":"FTL","floor":10.0},{"not_picked":["Steam","Go for the Eyes"],"picked":"Coolheaded","floor":11.0},{"not_picked":["Steam Power","Hologram"],"picked":"Leap","floor":14.0},{"not_picked":["Creative AI","Hyperbeam"],"picked":"Machine Learning","floor":16.0},{"not_picked":["Steam","BootSequence","Redo"],"picked":"SKIP","floor":18.0},{"not_picked":["Scrape","Redo"],"picked":"Force Field+1","floor":19.0},{"not_picked":["Conserve Battery+1","Reprogram"],"picked":"Blizzard","floor":24.0},{"not_picked":["Tempest","Stack"],"picked":"Cold Snap+1","floor":25.0},{"not_picked":["Streamline","Stack"],"picked":"Ball Lightning","floor":30.0},{"not_picked":["Barrage","Redo"],"picked":"Stack+1","floor":31.0},{"not_picked":["Core Surge","All For One"],"picked":"Electrodynamics","floor":33.0},{"not_picked":["Leap","Sweeping Beam","Rebound"],"picked":"SKIP","floor":35.0},{"not_picked":["Mind Blast","Chrysalis"],"picked":"Impatience","floor":37.0},{"not_picked":["Compile Driver","FTL"],"picked":"Coolheaded","floor":38.0},{"not_picked":["Loop","Hologram+1"],"picked":"Stack+1","floor":41.0},{"not_picked":["Compile Driver","Gash+1"],"picked":"Turbo+1","floor":45},{"not_picked":["Compile Driver+1","Doom and Gloom"],"picked":"Redo+1","floor":48}],"player_experience":766605,"relics_obtained":[],"event_choices":[{"damage_healed":25.0,"max_hp_gain":0.0,"max_hp_loss":0.0,"gold_gain":0.0,"event_name":"Big Fish","player_choice":"Banana","floor":13.0,"gold_loss":0.0,"damage_taken":0.0},{"damage_healed":0.0,"max_hp_gain":0.0,"max_hp_loss":0.0,"gold_gain":0.0,"event_name":"The Mausoleum","player_choice":"Ignored","floor":21.0,"gold_loss":0.0,"damage_taken":0.0},{"damage_healed":0.0,"max_hp_gain":0.0,"max_hp_loss":0.0,"gold_gain":0.0,"event_name":"Back to Basics","player_choice":"Simplicity","floor":22.0,"gold_loss":0.0,"damage_taken":0.0,"cards_upgraded":["Strike_B","Strike_B","Defend_B","Defend_B","Defend_B","Defend_B"]},{"cards_removed":["Blizzard"],"damage_healed":0.0,"max_hp_gain":0.0,"max_hp_loss":0.0,"gold_gain":0.0,"event_name":"Designer","player_choice":"Upgrade and Remove","floor":28.0,"gold_loss":90.0,"damage_taken":0.0,"cards_upgraded":["Auto Shields"]},{"damage_healed":0.0,"max_hp_gain":0.0,"max_hp_loss":0.0,"gold_gain":0.0,"event_name":"Tomb of Lord Red Mask","player_choice":"Ignored","floor":36.0,"gold_loss":0.0,"damage_taken":0.0},{"damage_healed":0.0,"max_hp_gain":0.0,"max_hp_loss":0.0,"gold_gain":0.0,"event_name":"SensoryStone","player_choice":"Memory 1","floor":37.0,"gold_loss":0.0,"damage_taken":0.0},{"damage_healed":0.0,"max_hp_gain":0.0,"max_hp_loss":0.0,"gold_gain":0.0,"event_name":"WeMeetAgain","player_choice":"Ignored","floor":39.0,"gold_loss":0.0,"damage_taken":0.0},{"cards_removed":["Static Discharge"],"damage_healed":0,"gold_gain":0,"player_choice":"Removed Power","damage_taken":0,"max_hp_gain":0,"max_hp_loss":0,"event_name":"Falling","floor":46,"gold_loss":0},{"damage_healed":0,"gold_gain":0,"player_choice":"Forge","damage_taken":0,"max_hp_gain":0,"max_hp_loss":0,"event_name":"Accursed Blacksmith","floor":47,"gold_loss":0,"cards_upgraded":["Go for the Eyes"]}],"is_beta":false,"boss_relics":[{"not_picked":["Empty Cage","Busted Crown","Sozu"]},{"not_picked":["Nuclear Battery","White Beast Statue","Inserter"]}],"items_purged_floors":[20],"is_endless":false,"potions_floor_spawned":[2,4,10,16,18,19,30,33,35,41],"killed_by":"Donu and Deca","ascension_level":0}