{"gold_per_floor":[114,126,141,68,68,68,121,121,148,176,176,202,217,280,280,382,412,430,441,366,366,383,396,396,396],"floor_reached":25,"playtime":1659,"items_purged":[],"score":222,"play_id":"01e5997f-012f-48f8-98aa-f6c0f23f4a6e","local_time":"20180704231240","is_ascension_mode":true,"campfire_choices":[{"data":"Zap","floor":6,"key":"SMITH"},{"data":"Leap","floor":11,"key":"SMITH"},{"floor":15,"key":"REST"},{"floor":24,"key":"REST"}],"neow_cost":"NONE","seed_source_timestamp":275212023892498,"circlet_count":0,"master_deck":["Strike_B+1","Strike_B+1","Strike_B+1","Defend_B+1","Defend_B+1","Defend_B+1","Zap+1","Dualcast+1","Melter+1","Rainbow+1","Leap+1","Conserve Battery","Loop","Core Surge+1","Glacier","BootSequence","Sweeping Beam+1","Streamline"],"relics":["Cracked Core","Letter Opener","Whetstone","Blood Vial","Happy Flower","War Paint","Tiny House"],"potions_floor_usage":[10,12,23,23],"damage_taken":[{"damage":0,"enemies":"Cultist","floor":1,"turns":4},{"damage":2,"enemies":"Small Slimes","floor":2,"turns":3},{"damage":1,"enemies":"Jaw Worm","floor":3,"turns":3},{"damage":16,"enemies":"Lagavulin","floor":10,"turns":4},{"damage":6,"enemies":"3 Sentries","floor":12,"turns":4},{"damage":0,"enemies":"Blue Slaver","floor":13,"turns":3},{"damage":19,"enemies":"Slime Boss","floor":16,"turns":11},{"damage":11,"enemies":"Chosen","floor":18,"turns":4},{"damage":10,"enemies":"Spheric Guardian","floor":19,"turns":3},{"damage":7,"enemies":"Centurion and Healer","floor":22,"turns":5},{"damage":0,"enemies":"Snecko","floor":23,"turns":4},{"damage":82,"enemies":"Gremlin Leader","floor":25,"turns":4}],"seed_played":"4072912782282762270","potions_obtained":[{"floor":1,"key":"Ancient Potion"},{"floor":3,"key":"PowerPotion"},{"floor":17,"key":"SteroidPotion"},{"floor":19,"key":"PowerPotion"},{"floor":22,"key":"EssenceOfSteel"}],"is_trial":false,"path_per_floor":["M","M","M","$","?","R","T","?","T","E","R","E","M","?","R","B",null,"M","M","?","?","M","M","R"],"character_chosen":"DEFECT","items_purchased":["Rainbow"],"campfire_rested":2,"item_purchase_floors":[4],"current_hp_per_floor":[75,73,72,72,60,60,60,60,60,46,46,42,44,44,66,49,80,69,61,61,61,56,58,80,0],"gold":396,"neow_bonus":"REMOVE_CARD","is_prod":false,"is_daily":false,"chose_seed":false,"campfire_upgraded":2,"win_rate":0,"timestamp":1530717160,"path_taken":["M","?","M","$","?","R","?","?","T","E","R","E","M","?","R","BOSS","M","M","?","?","M","M","R","E"],"build_version":"2018-06-28","purchased_purges":0,"victory":false,"max_hp_per_floor":[75,75,75,75,75,75,75,75,75,75,75,75,75,75,75,75,80,80,80,80,80,80,80,80,80],"card_choices":[{"not_picked":["Darkness","Reinforced Body","Aggregate"],"picked":"SKIP","floor":1},{"not_picked":["Hologram","Beam Cell"],"picked":"Melter","floor":2},{"not_picked":["Barrage","Ball Lightning","Tempest"],"picked":"SKIP","floor":3},{"not_picked":["Hologram","Recycle"],"picked":"Leap","floor":10},{"not_picked":["Rebound","Rip and Tear"],"picked":"Conserve Battery","floor":12},{"not_picked":["Consume","Reprogram","Loop"],"picked":"SKIP","floor":13},{"not_picked":["Consume","Reprogram"],"picked":"Loop","floor":13},{"not_picked":["Reboot","Buffer"],"picked":"Core Surge","floor":16},{"not_picked":["Sweeping Beam","Coolheaded"],"picked":"Glacier","floor":17},{"not_picked":["Redo","Go for the Eyes"],"picked":"BootSequence","floor":18},{"not_picked":["Scrape","Static Discharge+1"],"picked":"Sweeping Beam+1","floor":19},{"not_picked":["Static Discharge","Steam","Beam Cell"],"picked":"SKIP","floor":22},{"not_picked":["Auto Shields","Conserve Battery"],"picked":"Streamline","floor":23}],"player_experience":587624,"relics_obtained":[{"floor":7,"key":"Whetstone"},{"floor":9,"key":"Blood Vial"},{"floor":10,"key":"Happy Flower"},{"floor":12,"key":"War Paint"}],"event_choices":[{"event_name":"Scrap Ooze","player_choice":"success","floor":5,"damage_taken":12},{"event_name":"Living Wall","player_choice":"Grow","floor":8,"damage_taken":0},{"event_name":"Golden Wing","player_choice":"Gained Gold","floor":14,"damage_taken":0},{"event_name":"Beggar","player_choice":"Gave Gold","floor":20,"damage_taken":0},{"event_name":"Back to Basics","player_choice":"Simplicity","floor":21,"damage_taken":0}],"boss_relics":[{"not_picked":["Philosopher\u0027s Stone","Lizard Tail"],"picked":"Tiny House"}],"items_purged_floors":[],"is_endless":false,"potions_floor_spawned":[1,3,19,22],"killed_by":"Gremlin Leader","ascension_level":1}