{"gold_per_floor":[118,118,193,206,222,257,272,272,272,298,311,337,355,355,355,455,455,468,383,402,11,22,22],"floor_reached":23,"playtime":886,"items_purged":[],"score":224,"play_id":"d7e3ac18-b719-4b82-ad6f-a1b1fc894258","local_time":"20190815203410","is_ascension_mode":true,"campfire_choices":[{"floor":8,"key":"REST"},{"floor":15,"key":"REST"}],"neow_cost":"NONE","seed_source_timestamp":28780904761300,"circlet_count":0,"master_deck":["Strike_G","Strike_G","Strike_G","Strike_G","Strike_G","Defend_G","Defend_G","Defend_G","Defend_G","Survivor","Neutralize","Poisoned Stab","Noxious Fumes","Terror","Bane","Flechettes+1","Flying Knee+1","Doppelganger","Deadly Poison","Corpse Explosion","Backstab+1","Prepared","Apotheosis","Well Laid Plans"],"relics":["Ring of the Snake","NeowsBlessing","PreservedInsect","Regal Pillow","Molten Egg 2","Sundial","Eternal Feather","Gremlin Horn","TwistedFunnel"],"potions_floor_usage":[12,13,16,16,23],"damage_taken":[{"damage":0,"enemies":"2 Louse","floor":1,"turns":1},{"damage":0,"enemies":"Jaw Worm","floor":4,"turns":1},{"damage":0,"enemies":"Small Slimes","floor":5,"turns":1},{"damage":19,"enemies":"Lagavulin","floor":6,"turns":6},{"damage":4,"enemies":"2 Fungi Beasts","floor":7,"turns":3},{"damage":8,"enemies":"Gremlin Nob","floor":10,"turns":3},{"damage":16,"enemies":"3 Louse","floor":11,"turns":3},{"damage":18,"enemies":"3 Sentries","floor":12,"turns":4},{"damage":10,"enemies":"Looter","floor":13,"turns":2},{"damage":27,"enemies":"Hexaghost","floor":16,"turns":9},{"damage":31,"enemies":"Shell Parasite","floor":18,"turns":5},{"damage":22,"enemies":"2 Thieves","floor":20,"turns":3},{"damage":12,"enemies":"Centurion and Healer","floor":22,"turns":3},{"damage":14,"enemies":"Slavers","floor":23,"turns":1}],"seed_played":"5967854366152141136","potions_obtained":[{"floor":5,"key":"SteroidPotion"},{"floor":6,"key":"Fire Potion"},{"floor":7,"key":"GamblersBrew"},{"floor":11,"key":"SkillPotion"},{"floor":12,"key":"Ancient Potion"},{"floor":22,"key":"Ancient Potion"}],"is_trial":false,"path_per_floor":["M","?","?","M","M","E","M","R","T","E","M","E","M","?","R","B",null,"M","?","M","$","M","E"],"character_chosen":"THE_SILENT","items_purchased":["TwistedFunnel","Apotheosis"],"campfire_rested":2,"item_purchase_floors":[21,21],"current_hp_per_floor":[70,70,59,59,59,40,36,57,57,49,33,15,5,10,47,20,75,44,44,22,22,10,0],"gold":22,"neow_bonus":"THREE_ENEMY_KILL","is_prod":false,"is_daily":false,"chose_seed":false,"campfire_upgraded":0,"win_rate":0,"timestamp":1565894050,"path_taken":["M","?","?","M","?","E","M","R","T","E","M","E","M","?","R","BOSS","M","?","M","$","M","E"],"build_version":"2019-07-17","purchased_purges":0,"victory":false,"max_hp_per_floor":[70,70,70,70,70,70,70,70,70,70,70,70,70,75,75,75,75,75,75,75,75,75,75],"card_choices":[{"not_picked":["Acrobatics","Prepared"],"picked":"Poisoned Stab","floor":1},{"not_picked":["Underhanded Strike","Distraction"],"picked":"Noxious Fumes","floor":4},{"not_picked":["Calculated Gamble","Deflect"],"picked":"Terror","floor":5},{"not_picked":["Dodge and Roll","Dagger Spray"],"picked":"Bane","floor":6},{"not_picked":["Predator","Wraith Form v2","Underhanded Strike"],"picked":"SKIP","floor":7},{"not_picked":["Slice","Expertise"],"picked":"Flechettes","floor":10},{"not_picked":["Distraction","Backstab+1"],"picked":"Flying Knee+1","floor":11},{"not_picked":["Sucker Punch+1","Infinite Blades"],"picked":"Doppelganger","floor":12},{"not_picked":["Backflip","Underhanded Strike+1"],"picked":"Deadly Poison","floor":13},{"not_picked":["Bullet Time","Wraith Form v2"],"picked":"Corpse Explosion","floor":16},{"not_picked":["Underhanded Strike+1","Choke+1"],"picked":"Backstab+1","floor":18},{"not_picked":["Underhanded Strike+1","Caltrops+1"],"picked":"Prepared","floor":20},{"not_picked":["Underhanded Strike+1","Caltrops"],"picked":"Well Laid Plans","floor":22}],"player_experience":101976,"relics_obtained":[{"floor":6,"key":"PreservedInsect"},{"floor":9,"key":"Regal Pillow"},{"floor":10,"key":"Molten Egg 2"},{"floor":12,"key":"Sundial"}],"event_choices":[{"cards_removed":["Defend_G"],"damage_healed":0,"gold_gain":0,"player_choice":"Forget","damage_taken":0,"max_hp_gain":0,"max_hp_loss":0,"event_name":"Living Wall","floor":2,"gold_loss":0},{"damage_healed":0,"gold_gain":75,"player_choice":"Gather Gold","damage_taken":11,"max_hp_gain":0,"max_hp_loss":0,"event_name":"World of Goop","floor":3,"gold_loss":0},{"damage_healed":0,"gold_gain":0,"player_choice":"Donut","damage_taken":0,"max_hp_gain":5,"max_hp_loss":0,"event_name":"Big Fish","floor":14,"gold_loss":0},{"damage_healed":0,"gold_gain":0,"player_choice":"Obtained Relic","damage_taken":0,"relics_obtained":["Gremlin Horn"],"max_hp_gain":0,"max_hp_loss":0,"event_name":"Addict","floor":19,"gold_loss":85}],"is_beta":false,"boss_relics":[{"not_picked":["Velvet Choker","Philosopher\u0027s Stone"],"picked":"Eternal Feather"}],"items_purged_floors":[],"is_endless":false,"potions_floor_spawned":[5,6,7,11,12,22],"killed_by":"Slavers","ascension_level":1}