{"gold_per_floor":[369,83,258,276,276,276,290,317,365,385,403,415,415,429,429,528,528,540,125,135,135,158,187,112,112,112,112,131,141,17,27,27,27],"floor_reached":33,"playtime":1409,"items_purged":["Defend_R"],"score":269,"play_id":"234ba4df-9629-49bf-8846-b48240bcc48c","local_time":"20190912000824","is_ascension_mode":false,"campfire_choices":[{"data":"Uppercut","floor":6.0,"key":"SMITH"},{"floor":15.0,"key":"REST"},{"data":"Armaments","floor":25,"key":"SMITH"},{"floor":27,"key":"RECALL"},{"floor":32,"key":"REST"}],"neow_cost":"PERCENT_DAMAGE","seed_source_timestamp":2205348253063399,"circlet_count":0,"master_deck":["Strike_R","Strike_R","Strike_R","Strike_R","Strike_R","Defend_R","Defend_R","Defend_R","Bash","Uppercut+1","Perfected Strike+1","Armaments+1","Pummel","Shrug It Off","Shrug It Off","Seeing Red","Shockwave","Master of Strategy","Carnage+1","Armaments+1","Perfected Strike+1","Spot Weakness","Demon Form"],"special_seed":0,"relics":["Burning Blood","Ice Cream","Smiling Mask","Art of War","Blue Candle","Runic Dome","Molten Egg 2","Regal Pillow","Paper Frog","Ancient Tea Set"],"potions_floor_usage":[23],"damage_taken":[{"damage":4.0,"enemies":"Small Slimes","floor":1.0,"turns":6.0},{"damage":4.0,"enemies":"Cultist","floor":4.0,"turns":3.0},{"damage":6.0,"enemies":"Jaw Worm","floor":7.0,"turns":3.0},{"damage":42.0,"enemies":"3 Sentries","floor":8.0,"turns":11.0},{"damage":4.0,"enemies":"Blue Slaver","floor":10.0,"turns":3.0},{"damage":7.0,"enemies":"3 Louse","floor":11.0,"turns":4.0},{"damage":9.0,"enemies":"Gremlin Gang","floor":12.0,"turns":6.0},{"damage":9.0,"enemies":"Red Slaver","floor":14.0,"turns":4.0},{"damage":35.0,"enemies":"Slime Boss","floor":16.0,"turns":14.0},{"damage":21.0,"enemies":"3 Byrds","floor":18.0,"turns":4.0},{"damage":34.0,"enemies":"Spheric Guardian","floor":20.0,"turns":6.0},{"damage":24,"enemies":"Slavers","floor":23,"turns":7},{"damage":15,"enemies":"Centurion and Healer","floor":28,"turns":4},{"damage":9,"enemies":"3 Cultists","floor":29,"turns":5},{"damage":0,"enemies":"Snecko","floor":31,"turns":2},{"damage":80,"enemies":"Automaton","floor":33,"turns":8}],"seed_played":"-4024739834020996461","potions_obtained":[{"floor":7.0,"key":"LiquidBronze"},{"floor":10.0,"key":"Regen Potion"},{"floor":14.0,"key":"SkillPotion"},{"floor":16.0,"key":"Fire Potion"},{"floor":29,"key":"Energy Potion"},{"floor":31,"key":"GamblersBrew"}],"is_trial":false,"path_per_floor":["M","$","?","M","?","R","M","E","T","M","M","M","T","M","R","B",null,"M","$","M","?","T","E","?","R","T","R","M","M","$","M","R","B"],"character_chosen":"IRONCLAD","items_purchased":["Ice Cream","Molten Egg 2","Master of Strategy","Spot Weakness"],"campfire_rested":2,"item_purchase_floors":[2,19,19,30],"current_hp_per_floor":[58,58,58,60,60,60,60,24,24,26,25,22,22,19,43,29,80,65,65,37,63,63,45,45,45,45,45,36,33,33,39,78,0],"gold":27,"neow_bonus":"TWO_FIFTY_GOLD","is_prod":false,"is_daily":false,"chose_seed":false,"campfire_upgraded":2,"win_rate":0,"timestamp":1568261304,"path_taken":["M","$","?","M","?","R","?","E","T","M","M","M","?","?","R","BOSS","M","$","M","?","?","E","?","R","T","R","M","M","$","M","R","BOSS"],"build_version":"2019-07-17","purchased_purges":1,"victory":false,"max_hp_per_floor":[80,80,80,80,80,80,80,80,80,80,80,80,80,80,80,80,80,80,80,80,80,80,80,80,80,80,80,80,80,80,80,80,80],"card_choices":[{"not_picked":["Warcry","Thunderclap"],"picked":"Uppercut","floor":1.0},{"not_picked":["Twin Strike","Havoc"],"picked":"Perfected Strike","floor":4.0},{"not_picked":["Dual Wield","Twin Strike"],"picked":"Armaments","floor":7.0},{"not_picked":["Burning Pact","Heavy Blade"],"picked":"Pummel","floor":8.0},{"not_picked":["Wild Strike","Anger","Clothesline"],"picked":"SKIP","floor":10.0},{"not_picked":["Twin Strike","Flex"],"picked":"Shrug It Off","floor":11.0},{"not_picked":["Twin Strike","Heavy Blade"],"picked":"Shrug It Off","floor":12.0},{"not_picked":["Rage","Warcry"],"picked":"Seeing Red","floor":14.0},{"not_picked":["Body Slam","Carnage"],"picked":"Shockwave","floor":18.0},{"not_picked":["Clothesline+1","Rupture","Wild Strike+1"],"picked":"SKIP","floor":20.0},{"not_picked":["Wild Strike+1","True Grit"],"picked":"Carnage+1","floor":23},{"not_picked":["Sentinel","Thunderclap+1"],"picked":"Armaments+1","floor":28},{"not_picked":["Shrug It Off","Armaments"],"picked":"Perfected Strike+1","floor":29},{"not_picked":["Pummel+1","Infernal Blade+1"],"picked":"Demon Form","floor":31}],"player_experience":605384,"relics_obtained":[{"floor":8.0,"key":"Smiling Mask"},{"floor":9.0,"key":"Art of War"},{"floor":13.0,"key":"Blue Candle"},{"floor":22.0,"key":"Regal Pillow"},{"floor":23,"key":"Paper Frog"},{"floor":26,"key":"Ancient Tea Set"}],"event_choices":[{"damage_healed":0.0,"max_hp_gain":0.0,"max_hp_loss":0.0,"gold_gain":175.0,"event_name":"Liars Game","player_choice":"AGREE","floor":3.0,"gold_loss":0.0,"damage_taken":0.0,"cards_obtained":["Doubt"]},{"damage_healed":0.0,"max_hp_gain":0.0,"max_hp_loss":0.0,"gold_gain":0.0,"event_name":"Upgrade Shrine","player_choice":"Upgraded","floor":5.0,"gold_loss":0.0,"damage_taken":0.0,"cards_upgraded":["Perfected Strike"]},{"damage_healed":26.0,"max_hp_gain":0.0,"max_hp_loss":0.0,"gold_gain":0.0,"event_name":"The Library","player_choice":"Heal","floor":21.0,"gold_loss":0.0,"damage_taken":0.0},{"cards_removed":["Doubt"],"damage_healed":0,"gold_gain":0,"player_choice":"Gave Gold","damage_taken":0,"max_hp_gain":0,"max_hp_loss":0,"event_name":"Beggar","floor":24,"gold_loss":75}],"is_beta":false,"boss_relics":[{"not_picked":["Empty Cage","Fusion Hammer"],"picked":"Runic Dome"}],"items_purged_floors":[30],"is_endless":false,"potions_floor_spawned":[7,10,14,16,29,31],"killed_by":"Automaton","ascension_level":0}