{"gold_per_floor":[111,128,128,78,89,89,14,14,37,37,56,69,82,101,101,204,204,217,132,55,71,91,91,41,58,58,58,58,68,68,88,88,88],"floor_reached":33,"playtime":2209,"items_purged":["Strike_B","Defend_B"],"score":241,"play_id":"5d397f28-3c77-4f15-8cc0-afa39926299a","local_time":"20180624073932","is_ascension_mode":false,"campfire_choices":[{"data":"Darkness","floor":6.0,"key":"SMITH"},{"data":"Streamline","floor":8.0,"key":"SMITH"},{"floor":15.0,"key":"REST"},{"floor":23,"key":"REST"},{"floor":27,"key":"REST"},{"floor":30,"key":"REST"},{"data":"Echo Form","floor":32,"key":"SMITH"}],"neow_cost":"","seed_source_timestamp":0,"circlet_count":0,"master_deck":["Strike_B+1","Strike_B+1","Strike_B+1","Defend_B+1","Defend_B+1","Defend_B+1","Zap+1","Darkness+1","Streamline+1","Ball Lightning","Melter","All For One","Chill","Genetic Algorithm","Echo Form+1","Steam Power+1","J.A.X.","Doom and Gloom+1","Conserve Battery","Genetic Algorithm+1","Amplify"],"special_seed":17705,"relics":["Cracked Core","Lantern","Pen Nib","Nuclear Battery","Smiling Mask","Anchor"],"potions_floor_usage":[25,29,31],"damage_taken":[{"damage":6.0,"enemies":"Jaw Worm","floor":1.0,"turns":3.0},{"damage":7.0,"enemies":"2 Louse","floor":2.0,"turns":3.0},{"damage":3.0,"enemies":"Small Slimes","floor":5.0,"turns":3.0},{"damage":33.0,"enemies":"Gremlin Gang","floor":11.0,"turns":4.0},{"damage":7.0,"enemies":"Blue Slaver","floor":12.0,"turns":2.0},{"damage":8.0,"enemies":"3 Louse","floor":13.0,"turns":2.0},{"damage":0.0,"enemies":"Red Slaver","floor":14.0,"turns":2.0},{"damage":28.0,"enemies":"Hexaghost","floor":16.0,"turns":6.0},{"damage":10.0,"enemies":"Chosen","floor":18.0,"turns":3.0},{"damage":18.0,"enemies":"3 Byrds","floor":21.0,"turns":3.0},{"damage":25.0,"enemies":"Centurion and Healer","floor":22.0,"turns":7.0},{"damage":22,"enemies":"Snake Plant","floor":25,"turns":3},{"damage":3,"enemies":"3 Cultists","floor":29,"turns":2},{"damage":3,"enemies":"Centurion and Healer","floor":31,"turns":4},{"damage":61,"enemies":"Collector","floor":33,"turns":7}],"seed_played":"-8893330408426905528","potions_obtained":[{"floor":2.0,"key":"Block Potion"},{"floor":12.0,"key":"SkillPotion"},{"floor":13.0,"key":"LiquidBronze"},{"floor":16.0,"key":"PowerPotion"},{"floor":18.0,"key":"Fire Potion"},{"floor":21.0,"key":"AttackPotion"},{"floor":25,"key":"Fire Potion"},{"floor":29,"key":"AttackPotion"}],"is_trial":false,"path_per_floor":["M","M","?","?","M","R","$","R","T","T","M","M","M","M","R","B",null,"M","?","?","M","M","R","$","M","T","R","?","M","R","M","R"],"character_chosen":"DEFECT","items_purchased":[],"campfire_rested":4,"item_purchase_floors":[],"current_hp_per_floor":[69,62,62,62,59,59,59,59,59,59,26,19,11,11,33,5,75,65,65,65,47,22,44,44,22,22,44,44,41,63,60,60,0],"gold":88,"neow_bonus":"","is_prod":false,"is_daily":false,"chose_seed":false,"campfire_upgraded":3,"win_rate":0,"timestamp":1529797172,"path_taken":["M","M","?","?","M","R","$","R","T","?","M","M","M","M","R","BOSS","M","?","?","M","M","R","$","M","T","R","?","M","R","M","R","BOSS"],"build_version":"2018-06-21v2","purchased_purges":2,"victory":false,"max_hp_per_floor":[75,75,75,75,75,75,75,75,75,75,75,75,75,75,75,75,75,75,75,75,75,75,75,75,75,75,75,75,75,75,75,75,75],"card_choices":[{"not_picked":["Static Discharge","Conserve Battery"],"picked":"Darkness","floor":0.0},{"not_picked":["Barrage","Sweeping Beam"],"picked":"Streamline","floor":1.0},{"not_picked":["Heatsinks","Streamline"],"picked":"Ball Lightning","floor":2.0},{"not_picked":["Gash","Rebound"],"picked":"Melter","floor":5.0},{"not_picked":["Go for the Eyes","Compile Driver","Rebound"],"picked":"SKIP","floor":11.0},{"not_picked":["Leap","Hologram"],"picked":"All For One","floor":12.0},{"not_picked":["Steam Power","Aggregate"],"picked":"Chill","floor":13.0},{"not_picked":["Hologram","Turbo"],"picked":"Genetic Algorithm","floor":14.0},{"not_picked":["Buffer","Machine Learning"],"picked":"Echo Form","floor":16.0},{"not_picked":["Stack","Streamline"],"picked":"Steam Power+1","floor":18.0},{"not_picked":["Hologram+1","Sweeping Beam"],"picked":"Doom and Gloom+1","floor":21.0},{"not_picked":["Ball Lightning","Streamline","Consume"],"picked":"SKIP","floor":22},{"not_picked":["Compile Driver","Double Energy"],"picked":"Conserve Battery","floor":25},{"not_picked":["Go for the Eyes","Melter+1"],"picked":"Genetic Algorithm+1","floor":29},{"not_picked":["Coolheaded","Force Field"],"picked":"Amplify","floor":31}],"player_experience":564428,"relics_obtained":[{"floor":9.0,"key":"Lantern"},{"floor":10.0,"key":"Pen Nib"},{"floor":26,"key":"Anchor"}],"event_choices":[{"event_name":"Living Wall","player_choice":"Grow","floor":3.0,"damage_taken":0.0},{"event_name":"The Cleric","player_choice":"Card Removal","floor":4.0,"damage_taken":0.0},{"event_name":"Addict","player_choice":"Obtained Relic","floor":19.0,"damage_taken":0.0},{"event_name":"Drug Dealer","player_choice":"Got JAXXED","floor":20.0,"damage_taken":0.0},{"event_name":"Back to Basics","player_choice":"Simplicity","floor":28,"damage_taken":0}],"boss_relics":[{"not_picked":["Coffee Dripper","Ectoplasm"],"picked":"Nuclear Battery"}],"items_purged_floors":[],"is_endless":false,"potions_floor_spawned":[2,12,13,16,18,21,25,29],"killed_by":"Collector","ascension_level":0}