{"gold_per_floor":[117,117,117,135,153,153,185,196,221,241,241,260,290,65,65,165,165,182,182,182,39,53,53,80,80,104,136,136,154,173,173,173,277,277,288,15,15,32,44,44,69,69,118,118,130,130,158,175,175,175],"floor_reached":51,"playtime":10874,"items_purged":[],"score":869,"play_id":"098648e7-c384-4647-8dce-4a7ce49dabf5","local_time":"20180707141227","is_ascension_mode":true,"campfire_choices":[{"data":"Sunder","floor":6,"key":"SMITH"},{"data":"Genetic Algorithm","floor":11,"key":"SMITH"},{"floor":15,"key":"REST"},{"data":"Dualcast","floor":23,"key":"SMITH"},{"data":"Static Discharge","floor":25,"key":"SMITH"},{"data":"Fusion","floor":28,"key":"SMITH"},{"data":"Aggregate","floor":32,"key":"SMITH"},{"data":"Enlightenment","floor":40,"key":"SMITH"},{"data":"Chaos","floor":46,"key":"SMITH"},{"floor":49,"key":"REST"}],"neow_cost":"NONE","seed_source_timestamp":0,"circlet_count":0,"master_deck":["Zap+1","Dualcast+1","Sunder+1","Lockon","Glacier","Chill","Genetic Algorithm+1","Melter+1","Doom and Gloom","Biased Cognition+1","Conserve Battery","Go for the Eyes","Compile Driver","Rebound+1","Aggregate+1","Fusion+1","Compile Driver","Chaos+1","All For One","Beam Cell","Static Discharge+1","Beam Cell","Go for the Eyes","Electrodynamics","Compile Driver+1","Steam","Enlightenment+1","Bandage Up","Deep Breath","Go for the Eyes+1","Beam Cell+1","Steam Power+1","Darkness+1","Thunder Strike"],"special_seed":0,"relics":["Cracked Core","FaceOfCleric","Orichalcum","Blood Vial","Pen Nib","Bronze Scales","Pandora\u0027s Box","Oddly Smooth Stone","Strawberry","Ancient Tea Set","Mercury Hourglass","Lizard Tail","Ornamental Fan","Matryoshka","Vajra","Whetstone","Bag of Preparation","Pear"],"potions_floor_usage":[8,8,13,16,24,33,33,35,38,47,47],"damage_taken":[{"damage":3.0,"enemies":"Small Slimes","floor":1.0,"turns":3.0},{"damage":1.0,"enemies":"Cultist","floor":4.0,"turns":3.0},{"damage":11,"enemies":"Jaw Worm","floor":5,"turns":2},{"damage":7,"enemies":"3 Sentries","floor":7,"turns":5},{"damage":0,"enemies":"Red Slaver","floor":8,"turns":2},{"damage":5,"enemies":"Looter","floor":10,"turns":2},{"damage":0,"enemies":"Lots of Slimes","floor":12,"turns":4},{"damage":6,"enemies":"Gremlin Nob","floor":13,"turns":4},{"damage":0,"enemies":"Slime Boss","floor":16,"turns":8},{"damage":0,"enemies":"Chosen","floor":18,"turns":3},{"damage":0,"enemies":"Spheric Guardian","floor":22,"turns":1},{"damage":23,"enemies":"Slavers","floor":24,"turns":5},{"damage":9,"enemies":"Gremlin Leader","floor":27,"turns":7},{"damage":0,"enemies":"Centurion and Healer","floor":29,"turns":3},{"damage":2,"enemies":"Sentry and Sphere","floor":30,"turns":2},{"damage":8,"enemies":"Champ","floor":33,"turns":6},{"damage":10,"enemies":"3 Shapes","floor":35,"turns":3},{"damage":0,"enemies":"3 Darklings","floor":38,"turns":4},{"damage":11,"enemies":"Sphere and 2 Shapes","floor":39,"turns":2},{"damage":0,"enemies":"2 Orb Walkers","floor":41,"turns":4},{"damage":5,"enemies":"4 Shapes","floor":45,"turns":3},{"damage":1,"enemies":"Nemesis","floor":47,"turns":3},{"damage":5,"enemies":"3 Darklings","floor":48,"turns":5},{"damage":62,"enemies":"Time Eater","floor":50,"turns":8}],"seed_played":"6921012278392497600","potions_obtained":[{"floor":1.0,"key":"PowerPotion"},{"floor":4,"key":"FearPotion"},{"floor":7,"key":"Block Potion"},{"floor":12,"key":"Weak Potion"},{"floor":13,"key":"PowerPotion"},{"floor":18,"key":"SkillPotion"},{"floor":29,"key":"EssenceOfSteel"},{"floor":30,"key":"Strength Potion"},{"floor":33,"key":"LiquidBronze"},{"floor":35,"key":"FocusPotion"},{"floor":41,"key":"FocusPotion"},{"floor":45,"key":"Poison Potion"}],"is_trial":false,"path_per_floor":["M","?","?","M","M","R","E","M","T","M","R","M","E","$","R","B",null,"M","?","?","$","M","R","E","R","T","E","R","M","M","T","R","B",null,"M","$","?","M","M","R","E","$","T","?","M","R","E","M","R","B"],"character_chosen":"DEFECT","items_purchased":["Bronze Scales","Doom and Gloom","All For One","Ornamental Fan","Steam"],"campfire_rested":2,"item_purchase_floors":[14,14,21,36,36],"current_hp_per_floor":[72,72,72,72,62,62,56,57,57,55,55,58,55,55,79,82,83,84,84,84,84,85,85,63,63,70,64,64,67,68,68,68,63,97,88,88,78,81,73,73,80,80,80,80,78,78,94,92,114,57],"gold":175,"neow_bonus":"REMOVE_CARD","is_prod":false,"is_daily":false,"chose_seed":false,"campfire_upgraded":8,"win_rate":0,"timestamp":1530943947,"path_taken":["M","?","?","M","M","R","E","M","T","?","R","M","E","$","R","BOSS","M","?","?","$","M","R","E","R","T","E","R","?","?","?","R","BOSS","M","$","?","M","M","R","E","?","T","?","M","R","E","M","R","BOSS"],"build_version":"2018-07-05","purchased_purges":0,"victory":true,"max_hp_per_floor":[75,75,75,76,77,77,78,79,79,80,80,81,82,82,82,83,83,84,84,84,84,85,85,86,86,93,94,94,95,96,96,96,97,97,98,98,98,99,100,100,101,101,101,101,102,102,113,114,114,115],"card_choices":[{"not_picked":["Force Field","Conserve Battery"],"picked":"Sunder","floor":1.0},{"not_picked":["Gash","Auto Shields"],"picked":"Lockon","floor":4},{"not_picked":["Coolheaded","Streamline"],"picked":"Glacier","floor":5},{"not_picked":["Multi-Cast","Stack"],"picked":"Chill","floor":7},{"not_picked":["Hologram","Leap","Stack"],"picked":"SKIP","floor":8},{"not_picked":["Redo","Go for the Eyes"],"picked":"Genetic Algorithm","floor":10},{"not_picked":["Cold Snap","Steam Power","Undo"],"picked":"SKIP","floor":12},{"not_picked":["Barrage","Steam"],"picked":"Melter","floor":13},{"not_picked":["Meteor Strike","Hyperbeam"],"picked":"Biased Cognition","floor":16},{"not_picked":["Rebound","Leap","Steam Power"],"picked":"SKIP","floor":18},{"not_picked":["Sweeping Beam","Rebound"],"picked":"Beam Cell","floor":22},{"not_picked":["Sunder","Coolheaded"],"picked":"Static Discharge","floor":24},{"not_picked":["Steam+1","Coolheaded"],"picked":"Beam Cell","floor":27},{"not_picked":["Glacier","Compile Driver","Genetic Algorithm"],"picked":"SKIP","floor":29},{"not_picked":["Hologram","Glacier"],"picked":"Go for the Eyes","floor":30},{"not_picked":["Amplify","Core Surge"],"picked":"Electrodynamics","floor":33},{"not_picked":["Steam+1","Heatsinks+1"],"picked":"Compile Driver+1","floor":35},{"not_picked":["Dark Shackles","Deep Breath"],"picked":"Enlightenment","floor":37},{"not_picked":["Dramatic Entrance","Deep Breath"],"picked":"Bandage Up","floor":37},{"not_picked":["Madness","Dark Shackles"],"picked":"Deep Breath","floor":37},{"not_picked":["Recycle","Hologram","Melter"],"picked":"SKIP","floor":38},{"not_picked":["Ball Lightning+1","FTL+1"],"picked":"Go for the Eyes+1","floor":39},{"not_picked":["Rebound+1","Recycle+1"],"picked":"Beam Cell+1","floor":41},{"not_picked":["Stack","Conserve Battery+1"],"picked":"Steam Power+1","floor":45},{"not_picked":["Redo+1","Turbo"],"picked":"Darkness+1","floor":47},{"not_picked":["Streamline","Hologram+1"],"picked":"Thunder Strike","floor":48}],"player_experience":590684,"relics_obtained":[{"floor":7,"key":"Orichalcum"},{"floor":9,"key":"Blood Vial"},{"floor":13,"key":"Pen Nib"},{"floor":24,"key":"Oddly Smooth Stone"},{"floor":26,"key":"Strawberry"},{"floor":27,"key":"Ancient Tea Set"},{"floor":31,"key":"Mercury Hourglass"},{"floor":41,"key":"Matryoshka"},{"floor":43,"key":"Vajra"},{"floor":43,"key":"Whetstone"},{"floor":47,"key":"Pear"}],"event_choices":[{"event_name":"FaceTrader","player_choice":"Trade","floor":2.0,"damage_taken":0.0},{"event_name":"Upgrade Shrine","player_choice":"Upgraded","floor":3.0,"damage_taken":0.0},{"event_name":"Match and Keep!","player_choice":"1 cards matched","floor":19,"damage_taken":0},{"event_name":"Upgrade Shrine","player_choice":"Upgraded","floor":20,"damage_taken":0},{"event_name":"SensoryStone","player_choice":"Memory 3","floor":37,"damage_taken":0},{"event_name":"Wheel of Change","player_choice":"Relic","floor":44,"damage_taken":0}],"boss_relics":[{"not_picked":["Black Star","Calling Bell"],"picked":"Pandora\u0027s Box"},{"not_picked":["Tiny House","Velvet Choker"],"picked":"Lizard Tail"}],"items_purged_floors":[],"is_endless":false,"potions_floor_spawned":[1,4,7,12,13,18,29,30,33,35,41,45],"ascension_level":1}