{"gold_per_floor":[113,129,143,143,243,243,275,290,342,342,6,23,23,42,42,141,141,151,250,57,74,100,100],"floor_reached":23,"playtime":1010,"items_purged":["Strike_G"],"score":220,"play_id":"14f26230-9dc8-4b96-a028-fa98d27c75bd","local_time":"20190827223739","is_ascension_mode":true,"campfire_choices":[{"data":"Neutralize","floor":6,"key":"SMITH"},{"data":"Setup","floor":10,"key":"SMITH"},{"data":"Footwork","floor":13,"key":"SMITH"},{"data":"Backflip","floor":15,"key":"SMITH"}],"neow_cost":"NONE","seed_source_timestamp":1072875023847900,"circlet_count":0,"master_deck":["Strike_G","Strike_G","Strike_G","Strike_G","Defend_G","Defend_G","Defend_G","Defend_G+1","Defend_G+1","Survivor","Neutralize+1","Dramatic Entrance","Dagger Throw","Escape Plan","Footwork+1","Setup+1","All Out Attack","Sucker Punch+1","Backflip+1","Corpse Explosion","Heel Hook+1","Riddle With Holes+1"],"relics":["Ring of the Snake","Shuriken","War Paint","Molten Egg 2","Philosopher\u0027s Stone","Toy Ornithopter"],"potions_floor_usage":[7],"damage_taken":[{"damage":0,"enemies":"2 Louse","floor":1,"turns":2},{"damage":1,"enemies":"Cultist","floor":2,"turns":4},{"damage":2,"enemies":"Jaw Worm","floor":3,"turns":5},{"damage":18,"enemies":"Gremlin Nob","floor":7,"turns":4},{"damage":5,"enemies":"Exordium Wildlife","floor":8,"turns":5},{"damage":4,"enemies":"Exordium Thugs","floor":12,"turns":3},{"damage":2,"enemies":"Red Slaver","floor":14,"turns":4},{"damage":13,"enemies":"The Guardian","floor":16,"turns":18},{"damage":6,"enemies":"Shell Parasite","floor":18,"turns":7},{"damage":16,"enemies":"3 Byrds","floor":21,"turns":2},{"damage":52,"enemies":"Slavers","floor":23,"turns":4}],"seed_played":"4824033906604471270","potions_obtained":[{"floor":1,"key":"LiquidBronze"},{"floor":2,"key":"Poison Potion"},{"floor":3,"key":"Dexterity Potion"},{"floor":16,"key":"SteroidPotion"}],"is_trial":false,"path_per_floor":["M","M","M","?","?","R","E","M","T","R","$","M","R","M","R","B",null,"M","?","$","M","T","E"],"character_chosen":"THE_SILENT","items_purchased":["Molten Egg 2","Toy Ornithopter"],"campfire_rested":0,"item_purchase_floors":[11,20],"current_hp_per_floor":[70,69,67,67,67,67,49,44,44,44,44,40,40,38,38,25,70,64,64,64,48,48,0],"gold":100,"neow_bonus":"RANDOM_COLORLESS","is_prod":false,"is_daily":false,"chose_seed":false,"campfire_upgraded":4,"win_rate":0,"timestamp":1566938259,"path_taken":["M","M","M","?","?","R","E","?","T","R","$","M","R","M","R","BOSS","M","?","$","M","?","E"],"build_version":"2019-07-17","purchased_purges":1,"victory":false,"max_hp_per_floor":[70,70,70,70,70,70,70,70,70,70,70,70,70,70,70,70,70,70,70,70,70,70,70],"card_choices":[{"not_picked":["Acrobatics","Expertise"],"picked":"Dagger Throw","floor":1},{"not_picked":["Heel Hook","Crippling Poison"],"picked":"Escape Plan","floor":2},{"not_picked":["PiercingWail","Concentrate"],"picked":"Footwork","floor":3},{"not_picked":["Eviscerate","Acrobatics"],"picked":"Setup","floor":7},{"not_picked":["Footwork","Underhanded Strike"],"picked":"All Out Attack","floor":8},{"not_picked":["Slice+1","Bouncing Flask"],"picked":"Sucker Punch+1","floor":12},{"not_picked":["Deflect","Slice+1"],"picked":"Backflip","floor":14},{"not_picked":["Die Die Die+1","Night Terror"],"picked":"Corpse Explosion","floor":16},{"not_picked":["Poisoned Stab+1","Bane+1"],"picked":"Heel Hook+1","floor":18},{"not_picked":["Prepared","Backflip"],"picked":"Riddle With Holes+1","floor":21}],"player_experience":221055,"relics_obtained":[{"floor":7,"key":"Shuriken"},{"floor":9,"key":"War Paint"}],"event_choices":[{"damage_healed":0,"gold_gain":0,"player_choice":"Ignored","damage_taken":0,"max_hp_gain":0,"max_hp_loss":0,"event_name":"Liars Game","floor":4,"gold_loss":0},{"damage_healed":0,"gold_gain":100,"player_choice":"Pray","damage_taken":0,"max_hp_gain":0,"max_hp_loss":0,"event_name":"Golden Shrine","floor":5,"gold_loss":0},{"damage_healed":0,"gold_gain":99,"player_choice":"Stole From Cult","damage_taken":0,"max_hp_gain":0,"max_hp_loss":0,"event_name":"Nest","floor":19,"gold_loss":0}],"is_beta":false,"boss_relics":[{"not_picked":["Fusion Hammer","Eternal Feather"],"picked":"Philosopher\u0027s Stone"}],"items_purged_floors":[11],"is_endless":false,"potions_floor_spawned":[1,2,3,16],"killed_by":"Slavers","ascension_level":3}