{"gold_per_floor":[119,119,131,142,31,31,45,45,45,61,77,90,105,70,70,166,166,178,194,210,31,41,41],"floor_reached":23,"playtime":1817,"items_purged":["Defend_G"],"score":189,"play_id":"c3c78b2f-d042-45a5-8eda-7c6a8d762682","local_time":"20180727233501","is_ascension_mode":false,"campfire_choices":[{"data":"Finisher","floor":6,"key":"SMITH"},{"data":"Quick Slash","floor":8,"key":"SMITH"},{"floor":15,"key":"REST"}],"neow_cost":"NONE","seed_source_timestamp":188104024346542,"circlet_count":0,"master_deck":["Defend_G","Defend_G","Strike_G","Strike_G","Strike_G","Survivor","Neutralize","Finisher+1","Tactician","Dagger Spray","Deflect","Well Laid Plans","Backstab","Quick Slash+1","Quick Slash","Dagger Throw","Underhanded Strike","All Out Attack","Die Die Die","Reflex+1","Corpse Explosion+1","Tactician+1","Prepared","Backflip","Prepared","Dagger Throw","Endless Agony+1"],"relics":["Ring of the Snake","Letter Opener","Astrolabe"],"potions_floor_usage":[20,22,22,23],"damage_taken":[{"damage":0,"enemies":"2 Louse","floor":1,"turns":3},{"damage":5,"enemies":"Small Slimes","floor":3,"turns":5},{"damage":1,"enemies":"Cultist","floor":4,"turns":4},{"damage":3,"enemies":"Blue Slaver","floor":7,"turns":3},{"damage":0,"enemies":"Exordium Thugs","floor":10,"turns":3},{"damage":0,"enemies":"2 Fungi Beasts","floor":11,"turns":2},{"damage":0,"enemies":"Lots of Slimes","floor":12,"turns":2},{"damage":3,"enemies":"Looter","floor":13,"turns":4},{"damage":11,"enemies":"Slime Boss","floor":16,"turns":9},{"damage":0,"enemies":"Chosen","floor":18,"turns":4},{"damage":11,"enemies":"2 Thieves","floor":19,"turns":2},{"damage":17,"enemies":"Centurion and Healer","floor":20,"turns":3},{"damage":33,"enemies":"Snake Plant","floor":22,"turns":4},{"damage":19,"enemies":"Slavers","floor":23,"turns":3}],"seed_played":"-5927131482018123794","potions_obtained":[{"floor":1,"key":"SneckoOil"},{"floor":7,"key":"Weak Potion"},{"floor":10,"key":"Regen Potion"},{"floor":16,"key":"Explosive Potion"},{"floor":19,"key":"GhostInAJar"},{"floor":22,"key":"SkillPotion"}],"is_trial":false,"path_per_floor":["M","?","M","M","$","R","M","R","T","M","M","M","M","?","R","B",null,"M","M","M","$","M"],"character_chosen":"THE_SILENT","items_purchased":["Well Laid Plans","Backstab","Prepared","Dagger Throw"],"campfire_rested":1,"item_purchase_floors":[5,5,21,21],"current_hp_per_floor":[70,63,58,57,57,57,54,54,54,54,54,54,51,51,70,59,70,70,59,51,51,18,0],"gold":41,"neow_bonus":"THREE_CARDS","is_prod":false,"is_daily":false,"chose_seed":false,"campfire_upgraded":2,"win_rate":0.0,"timestamp":1532748901,"path_taken":["M","?","M","M","$","R","M","R","T","M","M","M","?","?","R","BOSS","M","M","M","$","M","E"],"build_version":"2018-07-26","purchased_purges":1,"victory":false,"max_hp_per_floor":[70,70,70,70,70,70,70,70,70,70,70,70,70,70,70,70,70,70,70,70,70,70,70],"card_choices":[{"not_picked":["PiercingWail","Noxious Fumes"],"picked":"Finisher","floor":0},{"not_picked":["Dagger Throw","Prepared"],"picked":"Tactician","floor":1},{"not_picked":["PiercingWail","Bane"],"picked":"Dagger Spray","floor":3},{"not_picked":["Backflip","Dagger Spray"],"picked":"Deflect","floor":4},{"not_picked":["Sucker Punch","Bane"],"picked":"Quick Slash","floor":7},{"not_picked":["Reflex","Bouncing Flask"],"picked":"Quick Slash","floor":10},{"not_picked":["Slice","Flying Knee"],"picked":"Dagger Throw","floor":11},{"not_picked":["Outmaneuver","Catalyst"],"picked":"Underhanded Strike","floor":12},{"not_picked":["Doppelganger","Caltrops"],"picked":"All Out Attack","floor":13},{"not_picked":["After Image","A Thousand Cuts"],"picked":"Die Die Die","floor":16},{"not_picked":["Calculated Gamble","Bouncing Flask","Dash"],"picked":"SKIP","floor":18},{"not_picked":["Dagger Throw","Tactician"],"picked":"Prepared","floor":19},{"not_picked":["PiercingWail+1","Dodge and Roll"],"picked":"Backflip","floor":20},{"not_picked":["Flying Knee","Dash"],"picked":"Endless Agony+1","floor":22}],"player_experience":38987,"relics_obtained":[{"floor":9,"key":"Letter Opener"}],"event_choices":[{"event_name":"Golden Wing","player_choice":"Card Removal","floor":2,"damage_taken":0},{"event_name":"World of Goop","player_choice":"Left","floor":14,"damage_taken":0}],"is_beta":false,"boss_relics":[{"not_picked":["Snecko Eye","Fusion Hammer"],"picked":"Astrolabe"}],"items_purged_floors":[21],"is_endless":false,"potions_floor_spawned":[1,7,10,16,19,22],"killed_by":"Slavers","ascension_level":0}