{"gold_per_floor":[213,1,1,1,1,36,36,48,75,75,85,148,148,167,167,263,263,273,1,1,1,1,1,1,14,70,41,41,57,36,55,55,55],"floor_reached":33,"playtime":2046,"items_purged":["Strike_G"],"score":266,"play_id":"f8cd0d54-3c02-499b-a702-2ad3ea32c6cc","local_time":"20190912220401","is_ascension_mode":false,"campfire_choices":[{"floor":7,"key":"REST"},{"floor":10,"key":"REST"},{"data":"Neutralize","floor":13,"key":"SMITH"},{"data":"Caltrops","floor":15,"key":"SMITH"},{"data":"Caltrops","floor":23,"key":"SMITH"},{"data":"Ghostly","floor":28,"key":"SMITH"},{"floor":32,"key":"REST"}],"neow_cost":"NONE","seed_source_timestamp":4794776371894,"circlet_count":0,"master_deck":["Strike_G","Strike_G","Strike_G","Defend_G","Defend_G","Defend_G","Defend_G","Defend_G","Survivor","Neutralize+1","Dagger Spray","Footwork","Bandage Up+1","PiercingWail","Cloak And Dagger","Accuracy","Caltrops+1","Infinite Blades","Burst","Backstab","Caltrops+1","Shame","Ghostly+1","Ghostly","Ghostly","Ghostly","Ghostly","J.A.X.","Leg Sweep","Noxious Fumes","Blade Dance+1","Deadly Poison","Dodge and Roll"],"relics":["Ring of the Snake","Snake Skull","Pear","PreservedInsect","Bag of Marbles","HoveringKite","HandDrill","The Courier","Tiny Chest"],"potions_floor_usage":[16,29,33],"damage_taken":[{"damage":0,"enemies":"Cultist","floor":1,"turns":3},{"damage":45,"enemies":"3 Sentries","floor":6,"turns":14},{"damage":0,"enemies":"Small Slimes","floor":8,"turns":3},{"damage":1,"enemies":"2 Louse","floor":11,"turns":4},{"damage":12,"enemies":"3 Sentries","floor":12,"turns":9},{"damage":2,"enemies":"Blue Slaver","floor":14,"turns":4},{"damage":13,"enemies":"The Guardian","floor":16,"turns":14},{"damage":7,"enemies":"3 Byrds","floor":18,"turns":3},{"damage":3,"enemies":"Chosen","floor":25,"turns":8},{"damage":20,"enemies":"3 Cultists","floor":29,"turns":8},{"damage":1,"enemies":"Centurion and Healer","floor":31,"turns":10},{"damage":58,"enemies":"Collector","floor":33,"turns":8}],"seed_played":"5421916592876893958","potions_obtained":[{"floor":8,"key":"Block Potion"},{"floor":14,"key":"EssenceOfSteel"},{"floor":18,"key":"GamblersBrew"},{"floor":25,"key":"Energy Potion"},{"floor":31,"key":"PowerPotion"}],"is_trial":false,"path_per_floor":["M","$","?","?","?","E","R","M","T","R","M","?","R","M","R","B",null,"M","$","?","?","?","R","$","M","T","$","R","M","$","M","R","B"],"character_chosen":"THE_SILENT","items_purchased":["Footwork","Bandage Up","Caltrops","HandDrill","Noxious Fumes","Deadly Poison"],"campfire_rested":3,"item_purchase_floors":[2,2,19,19,27,30],"current_hp_per_floor":[70,70,63,63,45,16,40,46,46,70,75,68,68,72,72,65,80,73,73,73,40,40,40,40,37,37,37,37,23,23,34,40,0],"gold":55,"neow_bonus":"HUNDRED_GOLD","is_prod":false,"is_daily":false,"chose_seed":false,"campfire_upgraded":4,"win_rate":0,"timestamp":1568297041,"path_taken":["M","$","?","?","?","E","R","M","T","R","M","?","R","M","R","BOSS","M","$","?","?","?","R","?","M","T","$","R","M","$","?","R","BOSS"],"build_version":"2019-07-17","purchased_purges":1,"victory":false,"max_hp_per_floor":[70,70,70,70,70,80,80,80,80,80,80,80,80,80,80,80,80,80,80,80,40,40,40,40,40,40,40,40,40,40,40,40,40],"card_choices":[{"not_picked":["Blade Dance","Underhanded Strike"],"picked":"Dagger Spray","floor":1},{"not_picked":["Sucker Punch","Blade Dance"],"picked":"PiercingWail","floor":6},{"not_picked":["Acrobatics","Flying Knee"],"picked":"Cloak And Dagger","floor":8},{"not_picked":["PiercingWail","Flying Knee"],"picked":"Accuracy","floor":11},{"not_picked":["Calculated Gamble","Night Terror"],"picked":"Caltrops","floor":12},{"not_picked":["Eviscerate","Slice"],"picked":"Infinite Blades","floor":14},{"not_picked":["Storm of Steel","Doppelganger"],"picked":"Burst","floor":16},{"not_picked":["Deflect","Skewer"],"picked":"Backstab","floor":18},{"not_picked":["Bane+1","Masterful Stab+1"],"picked":"Leg Sweep","floor":25},{"not_picked":["Dash","Deflect"],"picked":"Blade Dance+1","floor":29},{"not_picked":["Cloak And Dagger","Riddle With Holes"],"picked":"Dodge and Roll","floor":31}],"player_experience":354248,"relics_obtained":[{"floor":6,"key":"Pear"},{"floor":9,"key":"PreservedInsect"},{"floor":12,"key":"Bag of Marbles"},{"floor":26,"key":"Tiny Chest"}],"event_choices":[{"cards_removed":["Strike_G"],"damage_healed":0,"gold_gain":0,"player_choice":"Card Removal","damage_taken":7,"max_hp_gain":0,"max_hp_loss":0,"event_name":"Golden Wing","floor":3,"gold_loss":0},{"damage_healed":0,"gold_gain":0,"player_choice":"Grow","damage_taken":0,"max_hp_gain":0,"max_hp_loss":0,"event_name":"Living Wall","floor":4,"gold_loss":0,"cards_upgraded":["Bandage Up"]},{"damage_healed":0,"gold_gain":0,"player_choice":"Success","damage_taken":18,"relics_obtained":["Snake Skull"],"max_hp_gain":0,"max_hp_loss":0,"event_name":"Scrap Ooze","floor":5,"gold_loss":0},{"damage_healed":0,"gold_gain":0,"player_choice":"Searched \u00272\u0027 times","damage_taken":0,"max_hp_gain":0,"max_hp_loss":0,"event_name":"Dead Adventurer","floor":12,"gold_loss":0},{"damage_healed":0,"gold_gain":0,"player_choice":"Stole Relic","damage_taken":0,"relics_obtained":["The Courier"],"max_hp_gain":0,"max_hp_loss":0,"event_name":"Addict","floor":20,"gold_loss":0,"cards_obtained":["Shame"]},{"damage_healed":0,"gold_gain":0,"player_choice":"Became a Ghost","damage_taken":0,"max_hp_gain":0,"max_hp_loss":40,"event_name":"Ghosts","floor":21,"gold_loss":0,"cards_obtained":["Ghostly","Ghostly","Ghostly","Ghostly","Ghostly"]},{"damage_healed":0,"gold_gain":0,"player_choice":"Obtain J.A.X.","damage_taken":0,"max_hp_gain":0,"max_hp_loss":0,"event_name":"Drug Dealer","floor":22,"gold_loss":0,"cards_obtained":["J.A.X."]}],"is_beta":false,"boss_relics":[{"not_picked":["Astrolabe","Black Star"],"picked":"HoveringKite"}],"items_purged_floors":[2],"is_endless":false,"potions_floor_spawned":[8,14,18,25,31],"killed_by":"Collector","ascension_level":0}