{"gold_per_floor":[114,129,129,54,54,54,89,164,164,164,180,180,193,209,209,310,310,323,335,235,235,32,32,51,51,51,51,68,99,99,49,49,153,153,172,172,122,132,151,186,197,215,239,239,259,259,288,238,238,238],"floor_reached":51,"playtime":1869,"items_purged":["Strike_R","Strike_R","Defend_R","Defend_R","Demon Form","Bash+1"],"score":900,"play_id":"13af2055-fb20-4a1f-b64e-9097511aa943","local_time":"20190911163910","is_ascension_mode":false,"campfire_choices":[{"data":"Bash","floor":6.0,"key":"SMITH"},{"floor":12.0,"key":"REST"},{"data":"Rampage","floor":15.0,"key":"SMITH"},{"data":"Offering","floor":23.0,"key":"SMITH"},{"floor":25.0,"key":"REST"},{"data":"Rage","floor":27.0,"key":"SMITH"},{"floor":32,"key":"REST"},{"floor":46,"key":"REST"},{"floor":49,"key":"RECALL"}],"neow_cost":"NONE","seed_source_timestamp":506511254678300,"circlet_count":0,"master_deck":["Rampage+1","Offering+1","Rage+1","Flex+1","Necronomicurse","Pommel Strike+1"],"special_seed":0,"relics":["Burning Blood","Meat on the Bone","Mummified Hand","Orrery","Smiling Mask","Toxic Egg 2","Necronomicon","White Beast Statue","Nunchaku","Art of War","Unceasing Top"],"potions_floor_usage":[29,29,40,42,47,50,50,50],"damage_taken":[{"damage":2.0,"enemies":"2 Louse","floor":1.0,"turns":4.0},{"damage":2.0,"enemies":"Small Slimes","floor":2.0,"turns":4.0},{"damage":63.0,"enemies":"Lagavulin","floor":7.0,"turns":8.0},{"damage":8.0,"enemies":"Jaw Worm","floor":11.0,"turns":4.0},{"damage":5.0,"enemies":"Looter","floor":13.0,"turns":4.0},{"damage":20.0,"enemies":"Exordium Wildlife","floor":14.0,"turns":4.0},{"damage":26.0,"enemies":"Hexaghost","floor":16.0,"turns":8.0},{"damage":44.0,"enemies":"Spheric Guardian","floor":18.0,"turns":6.0},{"damage":25.0,"enemies":"Shell Parasite","floor":19.0,"turns":5.0},{"damage":34.0,"enemies":"Shelled Parasite and Fungi","floor":24.0,"turns":3.0},{"damage":6.0,"enemies":"Centurion and Healer","floor":28.0,"turns":3.0},{"damage":6,"enemies":"Slavers","floor":29,"turns":3},{"damage":20,"enemies":"Automaton","floor":33,"turns":6},{"damage":6,"enemies":"Orb Walker","floor":35,"turns":2},{"damage":13,"enemies":"3 Shapes","floor":38,"turns":3},{"damage":16,"enemies":"Maw","floor":39,"turns":4},{"damage":16,"enemies":"Reptomancer","floor":40,"turns":4},{"damage":14,"enemies":"4 Shapes","floor":41,"turns":3},{"damage":8,"enemies":"Writhing Mass","floor":42,"turns":2},{"damage":6,"enemies":"Transient","floor":45,"turns":5},{"damage":6,"enemies":"Nemesis","floor":47,"turns":3},{"damage":61,"enemies":"Awakened One","floor":50,"turns":8}],"seed_played":"-8937025868827279635","potions_obtained":[{"floor":1.0,"key":"GamblersBrew"},{"floor":2.0,"key":"GamblersBrew"},{"floor":11.0,"key":"Ancient Potion"},{"floor":14.0,"key":"Block Potion"},{"floor":19.0,"key":"Poison Potion"},{"floor":24.0,"key":"Weak Potion"},{"floor":35,"key":"GamblersBrew"},{"floor":38,"key":"SpeedPotion"},{"floor":39,"key":"Poison Potion"},{"floor":40,"key":"GamblersBrew"},{"floor":42,"key":"Explosive Potion"},{"floor":45,"key":"EssenceOfSteel"},{"floor":47,"key":"BloodPotion"}],"is_trial":false,"path_per_floor":["M","M","?","$","?","R","E","?","T","?","M","R","M","M","R","B",null,"M","M","$","?","$","R","M","R","T","R","M","E","?","$","R","B",null,"M","?","$","M","M","E","M","M","T","?","M","R","E","$","R","B",null],"character_chosen":"IRONCLAD","items_purchased":["Rage"],"campfire_rested":4,"item_purchase_floors":[22],"current_hp_per_floor":[80,80,80,80,85,85,28,17,17,10,20,45,58,56,56,48,85,59,52,52,52,52,52,36,61,61,61,61,61,45,45,70,56,85,85,85,85,78,68,58,50,60,60,60,60,85,85,85,85,51],"gold":238,"neow_bonus":"REMOVE_CARD","is_prod":false,"is_daily":false,"chose_seed":false,"campfire_upgraded":4,"win_rate":0,"timestamp":1568245150,"path_taken":["M","M","?","$","?","R","E","?","T","?","M","R","M","M","R","BOSS","M","M","$","?","$","R","M","R","T","R","M","E","?","$","R","BOSS","M","?","$","M","M","E","M","M","T","?","M","R","E","$","R","BOSS"],"build_version":"2019-07-17","purchased_purges":6,"victory":true,"max_hp_per_floor":[80,80,80,80,85,85,85,85,85,85,85,85,85,85,85,85,85,85,85,85,85,85,85,85,85,85,85,85,85,85,85,85,85,85,85,85,85,85,85,85,85,85,85,85,85,85,85,85,85,85],"card_choices":[{"not_picked":["Battle Trance","Infernal Blade","Sword Boomerang"],"picked":"SKIP","floor":1.0},{"not_picked":["Armaments","Havoc","Flex"],"picked":"SKIP","floor":2.0},{"not_picked":["Fire Breathing","Armaments","Perfected Strike"],"picked":"SKIP","floor":7.0},{"not_picked":["Hemokinesis","Seeing Red","Feel No Pain"],"picked":"SKIP","floor":11.0},{"not_picked":["Seeing Red","Feel No Pain"],"picked":"Rampage","floor":13.0},{"not_picked":["Thunderclap","Clothesline","Blood for Blood"],"picked":"SKIP","floor":14.0},{"not_picked":["Disarm","Sword Boomerang","Iron Wave"],"picked":"SKIP","floor":18.0},{"not_picked":["Power Through","Body Slam","Burning Pact"],"picked":"SKIP","floor":19.0},{"not_picked":["Iron Wave","Metallicize","Sentinel"],"picked":"SKIP","floor":24.0},{"not_picked":["Body Slam","Armaments","Fire Breathing+1"],"picked":"SKIP","floor":28.0},{"not_picked":["Rupture","Rage"],"picked":"Flex","floor":29},{"not_picked":["Headbutt","Havoc+1","Cleave"],"picked":"SKIP","floor":35},{"not_picked":["Whirlwind+1","Headbutt+1","Twin Strike+1"],"picked":"SKIP","floor":38},{"not_picked":["Wild Strike+1","Ghostly Armor+1","Spot Weakness+1"],"picked":"SKIP","floor":39},{"not_picked":["Corruption+1","Perfected Strike","Wild Strike"],"picked":"SKIP","floor":40},{"not_picked":["Bloodletting+1","Entrench+1"],"picked":"Pommel Strike+1","floor":41},{"not_picked":["Metallicize+1","Clothesline","Twin Strike+1"],"picked":"SKIP","floor":42},{"not_picked":["Carnage+1","True Grit+1","Twin Strike"],"picked":"SKIP","floor":45},{"not_picked":["Flame Barrier+1","Exhume+1","Uppercut"],"picked":"SKIP","floor":47}],"player_experience":918985,"relics_obtained":[{"floor":7.0,"key":"Meat on the Bone"},{"floor":9.0,"key":"Mummified Hand"},{"floor":26.0,"key":"Smiling Mask"},{"floor":29,"key":"Toxic Egg 2"},{"floor":30,"key":"Necronomicon"},{"floor":40,"key":"Nunchaku"},{"floor":43,"key":"Art of War"},{"floor":47,"key":"Unceasing Top"}],"event_choices":[{"cards_removed":["Defend_R"],"damage_healed":0.0,"max_hp_gain":0.0,"max_hp_loss":0.0,"gold_gain":0.0,"event_name":"Living Wall","player_choice":"Forget","floor":3.0,"gold_loss":0.0,"damage_taken":0.0},{"damage_healed":0.0,"max_hp_gain":5.0,"max_hp_loss":0.0,"gold_gain":0.0,"event_name":"Big Fish","player_choice":"Donut","floor":5.0,"gold_loss":0.0,"damage_taken":0.0},{"damage_healed":0.0,"max_hp_gain":0.0,"max_hp_loss":0.0,"gold_gain":75.0,"event_name":"World of Goop","player_choice":"Gather Gold","floor":8.0,"gold_loss":0.0,"damage_taken":11.0},{"cards_removed":["Strike_R"],"damage_healed":0.0,"max_hp_gain":0.0,"max_hp_loss":0.0,"gold_gain":0.0,"event_name":"Golden Wing","player_choice":"Card Removal","floor":10.0,"gold_loss":0.0,"damage_taken":7.0},{"damage_healed":0.0,"max_hp_gain":0.0,"max_hp_loss":0.0,"gold_gain":0.0,"cards_transformed":["Strike_R","Defend_R"],"event_name":"Drug Dealer","player_choice":"Became Test Subject","floor":21.0,"gold_loss":0.0,"damage_taken":0.0,"cards_obtained":["Demon Form","Offering"]},{"damage_healed":0,"gold_gain":0,"player_choice":"Obtained Book","damage_taken":16,"max_hp_gain":0,"max_hp_loss":0,"event_name":"Cursed Tome","floor":30,"gold_loss":0},{"damage_healed":0,"gold_gain":0,"player_choice":"Memory 1","damage_taken":0,"max_hp_gain":0,"max_hp_loss":0,"event_name":"SensoryStone","floor":36,"gold_loss":0},{"damage_healed":0,"gold_gain":0,"player_choice":"Ignored","damage_taken":0,"max_hp_gain":0,"max_hp_loss":0,"event_name":"Tomb of Lord Red Mask","floor":44,"gold_loss":0}],"is_beta":false,"boss_relics":[{"not_picked":["Black Blood","Runic Dome"],"picked":"Orrery"},{"not_picked":["Runic Pyramid","Coffee Dripper"],"picked":"White Beast Statue"}],"items_purged_floors":[4,20,22,31,37,48],"is_endless":false,"potions_floor_spawned":[1,2,11,14,19,24,35,38,39,40,41,42,45,47],"ascension_level":0}