{"gold_per_floor":[117,127,146,166,183,183,197,197,275,275,288,319,319,149,149,249,249,259,259,272,282,301,301,319,319],"floor_reached":25,"playtime":1404,"items_purged":["Strike_G"],"score":209,"play_id":"9b946f53-e672-4518-8ab1-10f8ba5c1019","local_time":"20180731000317","is_ascension_mode":false,"campfire_choices":[{"floor":6,"key":"REST"},{"floor":8,"key":"REST"},{"data":"Dagger Spray","floor":10,"key":"SMITH"},{"floor":15,"key":"REST"},{"floor":23,"key":"REST"}],"neow_cost":"NONE","seed_source_timestamp":449405972763624,"circlet_count":0,"master_deck":["Defend_G","Defend_G","Defend_G","Strike_G","Strike_G","Strike_G","Survivor","Neutralize","A Thousand Cuts","Skewer","Dagger Spray","Sucker Punch","Dagger Spray+1","Slice","Die Die Die","Grand Finale","Quick Slash+1","Night Terror+1","Backstab+1","Flying Knee","Flying Knee","Backflip"],"relics":["Ring of the Snake","Ornamental Fan","The Courier","Vajra","Astrolabe"],"potions_floor_usage":[12,12,16,22],"damage_taken":[{"damage":1,"enemies":"Cultist","floor":1,"turns":4},{"damage":3,"enemies":"Jaw Worm","floor":2,"turns":4},{"damage":0,"enemies":"Small Slimes","floor":3,"turns":3},{"damage":10,"enemies":"Exordium Wildlife","floor":4,"turns":6},{"damage":28,"enemies":"Large Slime","floor":5,"turns":6},{"damage":7,"enemies":"Blue Slaver","floor":7,"turns":4},{"damage":0,"enemies":"Looter","floor":11,"turns":3},{"damage":31,"enemies":"Lagavulin","floor":12,"turns":6},{"damage":34,"enemies":"Slime Boss","floor":16,"turns":10},{"damage":0,"enemies":"3 Byrds","floor":18,"turns":3},{"damage":21,"enemies":"Shell Parasite","floor":20,"turns":4},{"damage":21,"enemies":"Snake Plant","floor":21,"turns":4},{"damage":12,"enemies":"Slaver and Parasite","floor":22,"turns":6},{"damage":19,"enemies":"Snecko","floor":24,"turns":4},{"damage":8,"enemies":"Centurion and Healer","floor":25,"turns":2}],"seed_played":"8122367394978585812","potions_obtained":[{"floor":1,"key":"SkillPotion"},{"floor":2,"key":"Fire Potion"},{"floor":12,"key":"EssenceOfSteel"},{"floor":18,"key":"FearPotion"},{"floor":20,"key":"GhostInAJar"}],"is_trial":false,"path_per_floor":["M","M","M","M","M","R","M","R","T","R","M","E","T","$","R","B",null,"M","?","M","M","M","R","M"],"character_chosen":"THE_SILENT","items_purchased":["Die Die Die"],"campfire_rested":4,"item_purchase_floors":[14],"current_hp_per_floor":[69,66,66,56,28,49,42,63,63,63,63,32,32,32,53,19,70,70,57,36,15,3,25,6,0],"gold":319,"neow_bonus":"ONE_RANDOM_RARE_CARD","is_prod":false,"is_daily":false,"chose_seed":false,"campfire_upgraded":1,"win_rate":0.0,"timestamp":1533009797,"path_taken":["M","?","?","M","?","R","M","R","T","R","M","E","?","$","R","BOSS","M","?","M","M","M","R","M","M"],"build_version":"2018-07-26","purchased_purges":1,"victory":false,"max_hp_per_floor":[70,70,70,70,70,70,70,70,70,70,70,70,70,70,70,70,70,70,75,75,75,75,75,75,75],"card_choices":[{"not_picked":["All Out Attack","Calculated Gamble"],"picked":"Skewer","floor":1},{"not_picked":["Slice","Skewer"],"picked":"Dagger Spray","floor":2},{"not_picked":["Acrobatics","Caltrops"],"picked":"Sucker Punch","floor":3},{"not_picked":["Escape Plan","Choke"],"picked":"Dagger Spray","floor":4},{"not_picked":["Dagger Spray","Cloak And Dagger","Concentrate"],"picked":"SKIP","floor":5},{"not_picked":["Underhanded Strike","Deflect","Prepared"],"picked":"SKIP","floor":7},{"not_picked":["Reflex","Underhanded Strike"],"picked":"Slice","floor":11},{"not_picked":["Prepared","Crippling Poison","Dagger Spray"],"picked":"SKIP","floor":12},{"not_picked":["Venomology","Burst"],"picked":"Grand Finale","floor":16},{"not_picked":["Quick Slash+1","Predator+1"],"picked":"Flying Knee","floor":18},{"not_picked":["Heel Hook","Eviscerate","Masterful Stab"],"picked":"SKIP","floor":20},{"not_picked":["Poisoned Stab","Calculated Gamble+1","Underhanded Strike"],"picked":"SKIP","floor":21},{"not_picked":["PiercingWail","Unload"],"picked":"Flying Knee","floor":22},{"not_picked":["Riddle With Holes","Terror"],"picked":"Backflip","floor":24}],"player_experience":85172,"relics_obtained":[{"floor":9,"key":"Ornamental Fan"},{"floor":12,"key":"The Courier"},{"floor":13,"key":"Vajra"}],"event_choices":[{"event_name":"Forgotten Altar","player_choice":"Shed Blood","floor":19,"damage_taken":0}],"is_beta":false,"boss_relics":[{"not_picked":["Coffee Dripper","White Beast Statue"],"picked":"Astrolabe"}],"items_purged_floors":[14],"is_endless":false,"potions_floor_spawned":[1,2,12,18,20],"killed_by":"Centurion and Healer","ascension_level":0}