{"gold_per_floor":[114,133,149,165,178,178,204,219,219,237,237,412,428,438,438,536,536,546,546,546,316,330,330,360,360,386,417,417,443,460,488,488,488],"floor_reached":33,"playtime":2962,"items_purged":["Doubt"],"score":436,"play_id":"375b9b5c-aa04-456f-8ccf-66d36f3d815e","local_time":"20190913005043","is_ascension_mode":true,"campfire_choices":[{"data":"Neutralize","floor":6.0,"key":"SMITH"},{"data":"Choke","floor":11.0,"key":"SMITH"},{"data":"Leg Sweep","floor":15.0,"key":"SMITH"},{"data":"Endless Agony","floor":23,"key":"SMITH"},{"data":"Dash","floor":25,"key":"SMITH"},{"data":"Heel Hook","floor":32,"key":"SMITH"}],"neow_cost":"NONE","seed_source_timestamp":207770389227300,"circlet_count":0,"master_deck":["Strike_G+1","Strike_G+1","Strike_G+1","Strike_G+1","Strike_G+1","Defend_G+1","Defend_G+1","Defend_G+1","Defend_G+1","Defend_G+1","Survivor","Neutralize+1","Backstab","Heel Hook+1","Leg Sweep+1","Quick Slash","Dash+1","Endless Agony+1","Choke+1","Infinite Blades","Blade Dance+1","Night Terror+1","PiercingWail+1","Storm of Steel+1","Prepared+1"],"special_seed":0,"relics":["Ring of the Snake","Ornamental Fan","Toxic Egg 2","Busted Crown","Regal Pillow","Anchor","Gremlin Horn","Lantern","Toy Ornithopter","Oddly Smooth Stone","Bronze Scales"],"potions_floor_usage":[16,16,33],"damage_taken":[{"damage":0.0,"enemies":"Cultist","floor":1.0,"turns":5.0},{"damage":2.0,"enemies":"Jaw Worm","floor":2.0,"turns":5.0},{"damage":0.0,"enemies":"2 Louse","floor":3.0,"turns":2.0},{"damage":0.0,"enemies":"Looter","floor":4.0,"turns":4.0},{"damage":0.0,"enemies":"Blue Slaver","floor":5.0,"turns":5.0},{"damage":32.0,"enemies":"Lagavulin","floor":7.0,"turns":10.0},{"damage":1.0,"enemies":"2 Fungi Beasts","floor":8.0,"turns":3.0},{"damage":6.0,"enemies":"Gremlin Gang","floor":10.0,"turns":7.0},{"damage":7.0,"enemies":"3 Louse","floor":13.0,"turns":3.0},{"damage":1.0,"enemies":"Lots of Slimes","floor":14.0,"turns":2.0},{"damage":31,"enemies":"The Guardian","floor":16,"turns":16},{"damage":17,"enemies":"2 Thieves","floor":18,"turns":4},{"damage":0,"enemies":"Spheric Guardian","floor":22,"turns":3},{"damage":6,"enemies":"Book of Stabbing","floor":24,"turns":5},{"damage":0,"enemies":"Gremlin Leader","floor":27,"turns":5},{"damage":3,"enemies":"Book of Stabbing","floor":29,"turns":5},{"damage":2,"enemies":"Snake Plant","floor":30,"turns":4},{"damage":0,"enemies":"Slavers","floor":31,"turns":4},{"damage":75,"enemies":"Automaton","floor":33,"turns":12}],"seed_played":"3753202523414220458","potions_obtained":[{"floor":1.0,"key":"SneckoOil"},{"floor":2.0,"key":"Regen Potion"},{"floor":5.0,"key":"FearPotion"},{"floor":8.0,"key":"Block Potion"},{"floor":10.0,"key":"Weak Potion"},{"floor":16,"key":"GamblersBrew"},{"floor":22,"key":"Poison Potion"},{"floor":27,"key":"FairyPotion"}],"is_trial":false,"path_per_floor":["M","M","M","M","M","R","E","M","T","M","R","?","M","M","R","B",null,"M","?","?","$","M","R","E","R","T","E","?","E","M","E","R","B"],"character_chosen":"THE_SILENT","items_purchased":["Anchor"],"campfire_rested":0,"item_purchase_floors":[21],"current_hp_per_floor":[77,75,75,75,75,75,43,42,42,50,50,50,43,42,42,11,77,60,60,60,60,60,60,54,54,54,54,40,37,35,35,35,0],"gold":488,"neow_bonus":"TEN_PERCENT_HP_BONUS","is_prod":false,"is_daily":false,"chose_seed":false,"campfire_upgraded":6,"win_rate":0,"timestamp":1568328643,"path_taken":["M","?","M","M","M","R","E","M","T","M","R","?","M","M","R","BOSS","M","?","?","$","M","R","E","R","T","E","?","E","M","E","R","BOSS"],"build_version":"2019-09-11v2","purchased_purges":1,"victory":false,"max_hp_per_floor":[77,77,77,77,77,77,77,77,77,77,77,77,77,77,77,77,77,77,77,77,77,77,77,77,77,77,77,82,82,82,82,82,82],"card_choices":[{"not_picked":["Reflex","Deadly Poison"],"picked":"Backstab","floor":1.0},{"not_picked":["PiercingWail","Terror"],"picked":"Heel Hook","floor":2.0},{"not_picked":["Finisher","Flechettes"],"picked":"Leg Sweep","floor":3.0},{"not_picked":["Slice","Skewer"],"picked":"Quick Slash","floor":4.0},{"not_picked":["Poisoned Stab","Dagger Spray"],"picked":"Dash","floor":5.0},{"not_picked":["Phantasmal Killer","Deflect"],"picked":"Endless Agony","floor":7.0},{"not_picked":["Deadly Poison","Acrobatics"],"picked":"Choke","floor":8.0},{"not_picked":["Underhanded Strike","Quick Slash","Flying Knee"],"picked":"SKIP","floor":10.0},{"not_picked":["Masterful Stab","PiercingWail+1"],"picked":"Infinite Blades","floor":13.0},{"not_picked":["Deflect+1","Setup+1"],"picked":"Blade Dance+1","floor":14.0},{"not_picked":["Tools of the Trade","Doppelganger+1"],"picked":"Night Terror+1","floor":16},{"not_picked":[],"picked":"PiercingWail+1","floor":18},{"not_picked":["Flying Knee"],"picked":"SKIP","floor":22},{"not_picked":["PiercingWail+1"],"picked":"SKIP","floor":24},{"not_picked":["Predator"],"picked":"SKIP","floor":27},{"not_picked":[],"picked":"Storm of Steel+1","floor":29},{"not_picked":[],"picked":"Prepared+1","floor":30},{"not_picked":["PiercingWail+1"],"picked":"SKIP","floor":31}],"player_experience":222512,"relics_obtained":[{"floor":7.0,"key":"Ornamental Fan"},{"floor":9.0,"key":"Toxic Egg 2"},{"floor":24,"key":"Gremlin Horn"},{"floor":26,"key":"Lantern"},{"floor":27,"key":"Toy Ornithopter"},{"floor":29,"key":"Oddly Smooth Stone"},{"floor":31,"key":"Bronze Scales"}],"event_choices":[{"damage_healed":0.0,"max_hp_gain":0.0,"max_hp_loss":0.0,"gold_gain":175.0,"event_name":"Liars Game","player_choice":"AGREE","floor":12.0,"gold_loss":0.0,"damage_taken":0.0,"cards_obtained":["Doubt"]},{"damage_healed":0,"gold_gain":0,"player_choice":"Opened","damage_taken":0,"relics_obtained":["Regal Pillow"],"max_hp_gain":0,"max_hp_loss":0,"event_name":"The Mausoleum","floor":19,"gold_loss":0},{"damage_healed":0,"gold_gain":0,"player_choice":"Simplicity","damage_taken":0,"max_hp_gain":0,"max_hp_loss":0,"event_name":"Back to Basics","floor":20,"gold_loss":0,"cards_upgraded":["Strike_G","Strike_G","Strike_G","Strike_G","Strike_G","Defend_G","Defend_G","Defend_G","Defend_G","Defend_G"]},{"damage_healed":0,"gold_gain":0,"player_choice":"Shed Blood","damage_taken":19,"max_hp_gain":5,"max_hp_loss":0,"event_name":"Forgotten Altar","floor":28,"gold_loss":0}],"is_beta":true,"boss_relics":[{"not_picked":["Sozu","HoveringKite"],"picked":"Busted Crown"}],"items_purged_floors":[21],"is_endless":false,"potions_floor_spawned":[1,2,5,8,10,16,22,27,29],"killed_by":"Automaton","ascension_level":3}