{"gold_per_floor":[116,41,41,52,67,93,93,121,121,121,133,143,143,178,178,275,275,287,287,301,301,328,35,35,35,62,87,87,37,52,67,67,164,164,182,197,209,224,241,241,463,463,539,539,539,565,226,226,226,226],"floor_reached":51,"playtime":2198,"items_purged":["Regret","Writhe"],"score":981,"play_id":"d83035fd-511e-4813-92a9-32b2b4cc5c1b","local_time":"20190526154310","is_ascension_mode":true,"campfire_choices":[{"data":"Inflame","floor":7.0,"key":"SMITH"},{"data":"Bash","floor":10.0,"key":"SMITH"},{"data":"Shrug It Off","floor":13.0,"key":"SMITH"},{"data":"Seeing Red","floor":15.0,"key":"SMITH"},{"data":"Dramatic Entrance","floor":25.0,"key":"SMITH"},{"data":"Shrug It Off","floor":28.0,"key":"SMITH"},{"floor":32.0,"key":"REST"},{"floor":40.0,"key":"REST"},{"data":"Double Tap","floor":42.0,"key":"SMITH"},{"data":"Limit Break","floor":49,"key":"SMITH"}],"neow_cost":"CURSE","seed_source_timestamp":971983873657150,"circlet_count":0,"master_deck":["Strike_R+1","Strike_R","Strike_R","Strike_R+1","Strike_R","Defend_R","Defend_R","Defend_R","Defend_R","Bash+1","Inflame+1","Seeing Red+1","Shrug It Off+1","Limit Break+1","Heavy Blade+1","Seeing Red","Dramatic Entrance+1","Shame","Shrug It Off+1","Impervious","Double Tap+1","Sword Boomerang+1","Thunderclap+1","Heavy Blade+1","Heavy Blade+1","Decay","Dramatic Entrance"],"special_seed":0,"relics":["Burning Blood","Thread and Needle","Potion Belt","Meat on the Bone","Ancient Tea Set","Vajra","Matryoshka","Runic Pyramid","Oddly Smooth Stone","Red Mask","Orichalcum","Boot","Whetstone","Dream Catcher","Cursed Key","Pen Nib","Bottled Lightning","Self Forming Clay","Happy Flower","Toy Ornithopter"],"potions_floor_usage":[48,50,50,50],"damage_taken":[{"damage":5.0,"enemies":"Jaw Worm","floor":1.0,"turns":3.0},{"damage":0.0,"enemies":"Cultist","floor":4.0,"turns":3.0},{"damage":17.0,"enemies":"Small Slimes","floor":5.0,"turns":4.0},{"damage":18.0,"enemies":"Lagavulin","floor":6.0,"turns":5.0},{"damage":20.0,"enemies":"3 Sentries","floor":8.0,"turns":6.0},{"damage":0.0,"enemies":"Blue Slaver","floor":11.0,"turns":2.0},{"damage":0.0,"enemies":"2 Fungi Beasts","floor":12.0,"turns":3.0},{"damage":20.0,"enemies":"Lagavulin","floor":14.0,"turns":5.0},{"damage":47.0,"enemies":"Slime Boss","floor":16.0,"turns":11.0},{"damage":39.0,"enemies":"2 Thieves","floor":18.0,"turns":4.0},{"damage":0.0,"enemies":"Shell Parasite","floor":20.0,"turns":2.0},{"damage":30.0,"enemies":"Masked Bandits","floor":22.0,"turns":5.0},{"damage":8.0,"enemies":"Gremlin Leader","floor":27.0,"turns":4.0},{"damage":0.0,"enemies":"Chosen and Byrds","floor":30.0,"turns":6.0},{"damage":8.0,"enemies":"Snake Plant","floor":31.0,"turns":4.0},{"damage":17.0,"enemies":"Automaton","floor":33.0,"turns":4.0},{"damage":8.0,"enemies":"3 Darklings","floor":35.0,"turns":4.0},{"damage":0.0,"enemies":"3 Shapes","floor":36.0,"turns":5.0},{"damage":15.0,"enemies":"Transient","floor":37.0,"turns":5.0},{"damage":13.0,"enemies":"Jaw Worm Horde","floor":38.0,"turns":3.0},{"damage":19.0,"enemies":"3 Darklings","floor":39.0,"turns":4.0},{"damage":21.0,"enemies":"Reptomancer","floor":46.0,"turns":5.0},{"damage":0,"enemies":"Writhing Mass","floor":48,"turns":1},{"damage":86,"enemies":"Donu and Deca","floor":50,"turns":8}],"seed_played":"1287856399807782194","potions_obtained":[{"floor":1.0,"key":"AttackPotion"},{"floor":5.0,"key":"AttackPotion"},{"floor":12.0,"key":"EssenceOfSteel"},{"floor":14.0,"key":"GamblersBrew"},{"floor":20.0,"key":"SteroidPotion"},{"floor":22.0,"key":"Fire Potion"},{"floor":27.0,"key":"LiquidBronze"},{"floor":36.0,"key":"GamblersBrew"}],"is_trial":false,"path_per_floor":["M","$","?","M","M","E","R","E","T","R","M","M","R","E","R","B",null,"M","?","M","?","?","$","?","R","T","E","R","?","M","M","R","B",null,"M","M","M","M","M","R","?","R","T","?","?","E","$","M","R","B",null],"character_chosen":"IRONCLAD","items_purchased":["Dramatic Entrance","EntropicBrew","Happy Flower","Toy Ornithopter"],"campfire_rested":2,"item_purchase_floors":[23,23,47,47],"current_hp_per_floor":[73,73,73,79,68,56,56,54,54,54,60,66,66,52,52,23,66,45,45,51,51,39,39,39,39,39,49,49,49,55,53,77,66,77,75,80,71,64,51,75,75,75,75,75,75,60,60,71,71,26],"gold":226,"neow_bonus":"ONE_RARE_RELIC","is_prod":false,"is_daily":false,"chose_seed":false,"campfire_upgraded":8,"win_rate":0,"timestamp":1558899790,"path_taken":["M","$","?","M","?","E","R","E","T","R","M","M","R","E","R","BOSS","M","?","M","?","?","$","?","R","T","E","R","?","?","M","R","BOSS","M","M","M","M","M","R","?","R","T","?","?","E","?","?","R","BOSS"],"build_version":"2019-01-23","purchased_purges":2,"victory":true,"max_hp_per_floor":[80,80,80,80,80,80,80,80,80,80,80,80,80,80,80,80,80,80,80,80,80,80,80,80,80,80,80,80,80,80,80,80,80,80,80,80,80,80,80,80,80,80,80,80,80,80,80,80,80,80],"card_choices":[{"not_picked":["Perfected Strike","Hemokinesis"],"picked":"Inflame","floor":1.0},{"not_picked":["Armaments","Pummel","Havoc"],"picked":"SKIP","floor":4.0},{"not_picked":["Wild Strike","Pummel","Rage"],"picked":"SKIP","floor":5.0},{"not_picked":["Clothesline","Entrench"],"picked":"Seeing Red","floor":6.0},{"not_picked":["Dual Wield","Cleave","Sever Soul"],"picked":"SKIP","floor":8.0},{"not_picked":["True Grit","Clothesline","Pommel Strike"],"picked":"SKIP","floor":11.0},{"not_picked":["Headbutt","Sword Boomerang"],"picked":"Shrug It Off","floor":12.0},{"not_picked":["Evolve","Combust","Iron Wave"],"picked":"SKIP","floor":14.0},{"not_picked":["Impervious","Barricade"],"picked":"Limit Break","floor":16.0},{"not_picked":["Warcry","Iron Wave"],"picked":"Heavy Blade+1","floor":18.0},{"not_picked":["Warcry","Power Through+1","Armaments+1"],"picked":"SKIP","floor":20.0},{"not_picked":["Havoc","Armaments"],"picked":"Seeing Red","floor":22.0},{"not_picked":["Sever Soul","Clash"],"picked":"Shrug It Off","floor":27.0},{"not_picked":["Clash","Flex"],"picked":"Impervious","floor":30.0},{"not_picked":["Clash+1","Rage","Whirlwind"],"picked":"SKIP","floor":31.0},{"not_picked":["Fiend Fire","Brutality"],"picked":"Double Tap","floor":33.0},{"not_picked":["Spot Weakness","Warcry+1","Rage+1"],"picked":"SKIP","floor":35.0},{"not_picked":["Armaments+1","Havoc"],"picked":"Sword Boomerang+1","floor":36.0},{"not_picked":["Clothesline","Perfected Strike+1"],"picked":"Thunderclap+1","floor":37.0},{"not_picked":["Clash+1","Uppercut+1"],"picked":"Heavy Blade+1","floor":38.0},{"not_picked":["Thunderclap","Bloodletting+1"],"picked":"Heavy Blade+1","floor":39.0},{"not_picked":["Madness","Violence"],"picked":"Dramatic Entrance","floor":44.0},{"not_picked":["Anger+1","Combust","Sword Boomerang"],"picked":"SKIP","floor":46.0}],"player_experience":284171,"relics_obtained":[{"floor":3.0,"key":"Potion Belt"},{"floor":6.0,"key":"Meat on the Bone"},{"floor":8.0,"key":"Ancient Tea Set"},{"floor":9.0,"key":"Vajra"},{"floor":14.0,"key":"Matryoshka"},{"floor":22.0,"key":"Red Mask"},{"floor":26.0,"key":"Boot"},{"floor":26.0,"key":"Whetstone"},{"floor":27.0,"key":"Dream Catcher"},{"floor":43.0,"key":"Pen Nib"},{"floor":43.0,"key":"Bottled Lightning"},{"floor":46.0,"key":"Self Forming Clay"}],"event_choices":[{"damage_healed":0.0,"max_hp_gain":0.0,"max_hp_loss":0.0,"gold_gain":0.0,"event_name":"Wheel of Change","player_choice":"Relic","floor":3.0,"gold_loss":0.0,"damage_taken":0.0},{"damage_healed":0.0,"max_hp_gain":0.0,"max_hp_loss":0.0,"gold_gain":0.0,"event_name":"Ghosts","player_choice":"Ignored","floor":19.0,"gold_loss":0.0,"damage_taken":0.0},{"damage_healed":0.0,"max_hp_gain":0.0,"max_hp_loss":0.0,"gold_gain":0.0,"event_name":"The Mausoleum","player_choice":"Opened","floor":21.0,"gold_loss":0.0,"damage_taken":0.0,"relics_obtained":["Oddly Smooth Stone"],"cards_obtained":["Writhe"]},{"damage_healed":0.0,"max_hp_gain":0.0,"max_hp_loss":0.0,"gold_gain":0.0,"event_name":"Masked Bandits","player_choice":"Fought Bandits","floor":22.0,"gold_loss":0.0,"damage_taken":0.0},{"damage_healed":0.0,"max_hp_gain":0.0,"max_hp_loss":0.0,"gold_gain":0.0,"event_name":"Addict","player_choice":"Stole Relic","floor":24.0,"gold_loss":0.0,"damage_taken":0.0,"relics_obtained":["Orichalcum"],"cards_obtained":["Shame"]},{"damage_healed":0.0,"max_hp_gain":0.0,"max_hp_loss":0.0,"gold_gain":0.0,"event_name":"The Joust","player_choice":"Bet on Owner","floor":29.0,"gold_loss":50.0,"damage_taken":0.0},{"damage_healed":0.0,"max_hp_gain":0.0,"max_hp_loss":0.0,"gold_gain":222.0,"event_name":"Tomb of Lord Red Mask","player_choice":"Wore Mask","floor":41.0,"gold_loss":0.0,"damage_taken":0.0},{"damage_healed":0.0,"max_hp_gain":0.0,"max_hp_loss":0.0,"gold_gain":0.0,"event_name":"SensoryStone","player_choice":"Memory 1","floor":44.0,"gold_loss":0.0,"damage_taken":0.0},{"damage_healed":0.0,"max_hp_gain":0.0,"max_hp_loss":0.0,"gold_gain":0.0,"event_name":"Mysterious Sphere","player_choice":"Ignored","floor":45.0,"gold_loss":0.0,"damage_taken":0.0}],"is_beta":false,"boss_relics":[{"not_picked":["Runic Cube","Sozu"],"picked":"Runic Pyramid"},{"not_picked":["Mark of Pain","Astrolabe"],"picked":"Cursed Key"}],"items_purged_floors":[2,23],"is_endless":false,"potions_floor_spawned":[1,5,12,14,20,22,27,36,39,48],"ascension_level":8}