{"gold_per_floor":[112,129,27,27,41,41,67,67,140,140,150,162,72,85,85,190,190,205,205,224,239,16,16,31,31,31,31,31,31,45,45,45,141,191,209,209,209,223,243,243,253,5,5,5,22,36,36,50,50,50],"floor_reached":51,"playtime":2009,"items_purged":["Defend_R","Strike_R","Strike_R"],"score":676,"play_id":"24fa3a51-9fdf-4575-b250-59ee569605c1","local_time":"20180802002113","is_ascension_mode":false,"campfire_choices":[{"data":"Whirlwind","floor":6,"key":"SMITH"},{"data":"Flame Barrier","floor":10,"key":"SMITH"},{"floor":15,"key":"REST"},{"data":"Bandage Up","floor":23,"key":"SMITH"},{"floor":27,"key":"REST"},{"data":"Flex","floor":29,"key":"SMITH"},{"data":"Limit Break","floor":32,"key":"SMITH"},{"floor":40,"key":"REST"},{"floor":44,"key":"REST"},{"floor":47,"key":"REST"},{"floor":49,"key":"REST"}],"neow_cost":"NONE","seed_source_timestamp":622659666453078,"circlet_count":0,"master_deck":["Strike_R","Strike_R","Strike_R","Defend_R","Defend_R","Defend_R","Bash","Flame Barrier+1","Whirlwind+1","Cleave","Anger","Inflame+1","Metallicize","Anger","Rampage","Flex+1","Demon Form","Twin Strike","Warcry+1","Blind","Bandage Up+1","Limit Break+1","Immolate+1","Cleave+1","Flame Barrier+1","Clothesline+1","Flex","Apotheosis","Bludgeon","Clothesline+1"],"relics":["Burning Blood","Art of War","The Courier","Velvet Choker","Lantern","Blue Candle","Tiny House","NlothsMask"],"potions_floor_usage":[16,16,33,39,41,45,45,50,50,50],"damage_taken":[{"damage":0,"enemies":"Small Slimes","floor":1,"turns":3},{"damage":7,"enemies":"2 Louse","floor":2,"turns":4},{"damage":2,"enemies":"Jaw Worm","floor":5,"turns":5},{"damage":39,"enemies":"Gremlin Nob","floor":7,"turns":5},{"damage":0,"enemies":"2 Fungi Beasts","floor":11,"turns":2},{"damage":2,"enemies":"3 Louse","floor":12,"turns":2},{"damage":7,"enemies":"Blue Slaver","floor":14,"turns":3},{"damage":60,"enemies":"Hexaghost","floor":16,"turns":7},{"damage":2,"enemies":"Spheric Guardian","floor":18,"turns":3},{"damage":5,"enemies":"Chosen","floor":20,"turns":4},{"damage":7,"enemies":"3 Cultists","floor":21,"turns":4},{"damage":29,"enemies":"Centurion and Healer","floor":24,"turns":4},{"damage":4,"enemies":"Cultist and Chosen","floor":30,"turns":4},{"damage":51,"enemies":"Collector","floor":33,"turns":8},{"damage":19,"enemies":"3 Shapes","floor":35,"turns":2},{"damage":37,"enemies":"Flame Bruiser 1 Orb","floor":38,"turns":8},{"damage":70,"enemies":"Spire Growth","floor":39,"turns":5},{"damage":41,"enemies":"Transient","floor":41,"turns":5},{"damage":1,"enemies":"3 Darklings","floor":45,"turns":3},{"damage":8,"enemies":"Sphere and 2 Shapes","floor":46,"turns":4},{"damage":49,"enemies":"Spire Growth","floor":48,"turns":5},{"damage":70,"enemies":"Time Eater","floor":50,"turns":9}],"seed_played":"-1056660736382361288","potions_obtained":[{"floor":1,"key":"SkillPotion"},{"floor":7,"key":"Dexterity Potion"},{"floor":11,"key":"Ancient Potion"},{"floor":16,"key":"EssenceOfSteel"},{"floor":18,"key":"AttackPotion"},{"floor":30,"key":"Energy Potion"},{"floor":34,"key":"LiquidBronze"},{"floor":39,"key":"Poison Potion"},{"floor":41,"key":"Block Potion"},{"floor":46,"key":"PowerPotion"},{"floor":48,"key":"Dexterity Potion"}],"is_trial":false,"path_per_floor":["M","M","$","?","M","R","E","?","T","R","M","M","$","M","R","B",null,"M","?","M","M","$","R","M","?","T","R","$","R","M","T","R","B",null,"M","?","?","M","M","R","M","$","T","R","M","M","R","M","R","B"],"character_chosen":"IRONCLAD","items_purchased":["Whirlwind","Cleave","Rampage","Blind","Bandage Up","Apotheosis"],"campfire_rested":6,"item_purchase_floors":[3,3,13,22,22,42],"current_hp_per_floor":[88,87,87,92,93,93,60,60,60,60,66,70,70,69,93,39,93,93,75,76,75,75,75,58,58,58,87,87,87,95,95,95,56,103,90,90,90,65,7,37,8,8,8,38,49,53,83,40,70,12],"gold":50,"neow_bonus":"TEN_PERCENT_HP_BONUS","is_prod":false,"is_daily":false,"chose_seed":false,"campfire_upgraded":5,"win_rate":0,"timestamp":1533183673,"path_taken":["M","M","$","?","M","R","E","?","T","R","M","M","?","M","R","BOSS","M","?","M","M","$","R","?","?","T","R","?","R","M","?","R","BOSS","M","?","?","M","M","R","M","?","T","R","M","M","R","M","R","BOSS"],"build_version":"2018-07-26","purchased_purges":3,"victory":true,"max_hp_per_floor":[88,88,88,93,93,93,93,93,93,93,93,93,93,93,93,93,93,93,98,98,98,98,98,98,98,98,98,98,98,98,98,98,98,103,103,103,103,103,103,103,103,103,103,103,103,103,103,103,103,103],"card_choices":[{"not_picked":["Seeing Red","True Grit"],"picked":"Flame Barrier","floor":1},{"not_picked":["Hemokinesis","Corruption","Wild Strike"],"picked":"SKIP","floor":2},{"not_picked":["Thunderclap","Flex"],"picked":"Anger","floor":5},{"not_picked":["Sever Soul","Anger"],"picked":"Inflame","floor":7},{"not_picked":["Sentinel","Searing Blow"],"picked":"Metallicize","floor":11},{"not_picked":["Body Slam","Feel No Pain"],"picked":"Anger","floor":12},{"not_picked":["Havoc","Headbutt"],"picked":"Flex","floor":14},{"not_picked":["Exhume","Fiend Fire"],"picked":"Demon Form","floor":16},{"not_picked":["Armaments","Pommel Strike","Cleave"],"picked":"SKIP","floor":18},{"not_picked":["Headbutt","Entrench"],"picked":"Twin Strike","floor":20},{"not_picked":["True Grit","Headbutt"],"picked":"Warcry+1","floor":21},{"not_picked":["Clothesline","Armaments+1","Twin Strike"],"picked":"SKIP","floor":24},{"not_picked":["Bloodletting+1","Infernal Blade"],"picked":"Limit Break","floor":30},{"not_picked":["Bludgeon","Exhume"],"picked":"Immolate","floor":33},{"not_picked":["Rampage+1","Perfected Strike+1"],"picked":"Cleave+1","floor":34},{"not_picked":["Seeing Red","Sever Soul"],"picked":"Flame Barrier+1","floor":35},{"not_picked":["True Grit","Armaments","Havoc+1"],"picked":"SKIP","floor":38},{"not_picked":["Armaments+1","True Grit+1","Clothesline+1"],"picked":"SKIP","floor":39},{"not_picked":["Armaments+1","True Grit+1"],"picked":"Clothesline+1","floor":39},{"not_picked":["Wild Strike","Sever Soul"],"picked":"Flex","floor":41},{"not_picked":["Warcry+1","Burning Pact","Metallicize"],"picked":"SKIP","floor":45},{"not_picked":["Flex+1","Wild Strike+1"],"picked":"Bludgeon","floor":46},{"not_picked":["Clash+1","Pommel Strike"],"picked":"Clothesline+1","floor":48}],"player_experience":94424,"relics_obtained":[{"floor":7,"key":"Art of War"},{"floor":9,"key":"The Courier"},{"floor":26,"key":"Lantern"},{"floor":31,"key":"Blue Candle"}],"event_choices":[{"event_name":"Big Fish","player_choice":"Donut","floor":4,"damage_taken":0},{"event_name":"Living Wall","player_choice":"Grow","floor":8,"damage_taken":0},{"event_name":"Forgotten Altar","player_choice":"Shed Blood","floor":19,"damage_taken":0},{"event_name":"Ghosts","player_choice":"Ignored","floor":25,"damage_taken":0},{"event_name":"Tomb of Lord Red Mask","player_choice":"Ignored","floor":36,"damage_taken":0},{"event_name":"FaceTrader","player_choice":"Trade","floor":37,"damage_taken":0}],"is_beta":false,"boss_relics":[{"not_picked":["Astrolabe","Pandora\u0027s Box"],"picked":"Velvet Choker"},{"not_picked":["Snecko Eye","White Beast Statue"],"picked":"Tiny House"}],"items_purged_floors":[13,22,42],"is_endless":false,"potions_floor_spawned":[1,7,11,12,16,18,20,30,39,41,46,48],"ascension_level":0}