{"gold_per_floor":[117,192,204,204,214,248,264,276,354,354,24,35,35,35,35,156,156,170,170,185,201,201,201,214,214,214,227,242,27,27,27,27,132,132,147,147,158,158,9,9,19,35,35,49,49,63,63,81,81,81],"floor_reached":51,"playtime":2167,"items_purged":["Strike_R"],"score":728,"play_id":"4f335609-b570-4bb2-8f26-f6d79a69832c","local_time":"20180818230332","is_ascension_mode":false,"campfire_choices":[{"floor":10.0,"key":"REST"},{"data":"Whirlwind","floor":15.0,"key":"SMITH"},{"floor":23.0,"key":"REST"},{"data":"RitualDagger","floor":25.0,"key":"SMITH"},{"data":"Demon Form","floor":32.0,"key":"SMITH"},{"data":"Reaper","floor":40.0,"key":"SMITH"},{"data":"Heavy Blade","floor":45,"key":"SMITH"},{"data":"Anger","floor":47,"key":"SMITH"},{"floor":49,"key":"REST"}],"neow_cost":"NONE","seed_source_timestamp":339734454962598,"circlet_count":0,"master_deck":["Strike_R+1","Defend_R","Defend_R","Defend_R+1","Defend_R","Bash","Anger+1","Thunderclap+1","Whirlwind+1","Rampage","Anger+1","Demon Form+1","Reaper+1","Infernal Blade","RitualDagger+1","Heavy Blade+1","Clash","Shrug It Off","Bludgeon+1","Rampage+1","Shrug It Off+1","Flex+1","Twin Strike+1","Pummel","Clash+1","Hemokinesis+1"],"special_seed":0,"relics":["Burning Blood","Oddly Smooth Stone","Bottled Flame","Shuriken","Self Forming Clay","Bloody Idol","Runic Cube","Omamori","Lee\u0027s Waffle","Ornamental Fan","Necronomicon","Astrolabe","Whetstone","Art of War"],"potions_floor_usage":[48,50],"damage_taken":[{"damage":8.0,"enemies":"2 Louse","floor":1.0,"turns":3.0},{"damage":0.0,"enemies":"Cultist","floor":3.0,"turns":4.0},{"damage":0.0,"enemies":"Jaw Worm","floor":5.0,"turns":4.0},{"damage":38.0,"enemies":"Lagavulin","floor":6.0,"turns":7.0},{"damage":10.0,"enemies":"Blue Slaver","floor":7.0,"turns":3.0},{"damage":6.0,"enemies":"Red Slaver","floor":8.0,"turns":3.0},{"damage":3.0,"enemies":"Exordium Wildlife","floor":12.0,"turns":3.0},{"damage":0.0,"enemies":"Slime Boss","floor":16.0,"turns":7.0},{"damage":5.0,"enemies":"2 Thieves","floor":18.0,"turns":2.0},{"damage":18.0,"enemies":"Shell Parasite","floor":20.0,"turns":5.0},{"damage":25.0,"enemies":"Sentry and Sphere","floor":21.0,"turns":5.0},{"damage":22.0,"enemies":"Cultist and Chosen","floor":24.0,"turns":6.0},{"damage":28.0,"enemies":"Snake Plant","floor":27.0,"turns":5.0},{"damage":31.0,"enemies":"Chosen and Byrds","floor":28.0,"turns":5.0},{"damage":66.0,"enemies":"Collector","floor":33.0,"turns":8.0},{"damage":24.0,"enemies":"3 Darklings","floor":35.0,"turns":2.0},{"damage":28.0,"enemies":"Flame Bruiser 1 Orb","floor":37.0,"turns":3.0},{"damage":20.0,"enemies":"4 Shapes","floor":41.0,"turns":2.0},{"damage":22.0,"enemies":"Maw","floor":42.0,"turns":6.0},{"damage":2,"enemies":"Flame Bruiser 2 Orb","floor":44,"turns":2},{"damage":2,"enemies":"Transient","floor":46,"turns":5},{"damage":12,"enemies":"Maw","floor":48,"turns":5},{"damage":65,"enemies":"Time Eater","floor":50,"turns":6}],"seed_played":"-7358432070883297730","potions_obtained":[{"floor":3.0,"key":"AttackPotion"},{"floor":7.0,"key":"SpeedPotion"},{"floor":8.0,"key":"Energy Potion"},{"floor":12.0,"key":"Ancient Potion"},{"floor":18.0,"key":"Block Potion"},{"floor":27.0,"key":"Explosive Potion"},{"floor":33.0,"key":"Swift Potion"},{"floor":42.0,"key":"Block Potion"},{"floor":48,"key":"Block Potion"}],"is_trial":false,"path_per_floor":["M","?","M","?","M","E","M","M","T","R","$","M","?","?","R","B",null,"M","?","M","M","?","R","M","R","T","M","M","$","T","?","R","B",null,"M","?","M","?","$","R","M","M","T","M","R","M","R","M","R","B"],"character_chosen":"IRONCLAD","items_purchased":["Self Forming Clay","Lee\u0027s Waffle","Shrug It Off","Whetstone"],"campfire_rested":3,"item_purchase_floors":[11,29,29,39],"current_hp_per_floor":[78,67,73,57,63,31,27,27,27,51,51,54,54,54,54,60,80,80,74,62,43,43,67,68,68,68,51,40,87,87,71,71,52,87,84,84,67,67,67,67,58,59,59,68,68,77,77,76,87,28],"gold":81,"neow_bonus":"RANDOM_COMMON_RELIC","is_prod":false,"is_daily":false,"chose_seed":false,"campfire_upgraded":6,"win_rate":0,"timestamp":1534647812,"path_taken":["M","?","M","?","?","E","M","M","T","R","$","M","?","?","R","BOSS","M","?","M","M","?","R","M","R","T","M","?","?","?","?","R","BOSS","M","?","M","?","?","R","M","M","T","M","R","?","R","M","R","BOSS"],"build_version":"2018-08-16","purchased_purges":1,"victory":true,"max_hp_per_floor":[80,80,80,80,80,80,80,80,80,80,80,80,80,80,80,80,80,80,80,80,80,80,80,80,80,80,80,80,87,87,87,87,87,87,87,87,87,87,87,87,87,87,87,87,87,87,87,87,87,87],"card_choices":[{"not_picked":["True Grit","Twin Strike"],"picked":"Anger","floor":1.0},{"not_picked":["Feel No Pain","Body Slam"],"picked":"Thunderclap","floor":3.0},{"not_picked":["Headbutt","Reckless Charge","Armaments"],"picked":"SKIP","floor":5.0},{"not_picked":["Corruption","Thunderclap"],"picked":"Whirlwind","floor":6.0},{"not_picked":["Wild Strike","Battle Trance"],"picked":"Rampage","floor":7.0},{"not_picked":["Rampage","Reckless Charge"],"picked":"Anger","floor":8.0},{"not_picked":["Sentinel","Bloodletting"],"picked":"Demon Form","floor":12.0},{"not_picked":["Brutality","Berserk"],"picked":"Reaper","floor":16.0},{"not_picked":["Body Slam","Battle Trance"],"picked":"Infernal Blade","floor":18.0},{"not_picked":["Pommel Strike","Thunderclap+1"],"picked":"Heavy Blade","floor":20.0},{"not_picked":["Hemokinesis","Wild Strike"],"picked":"Clash","floor":21.0},{"not_picked":["Wild Strike","Spot Weakness","Twin Strike"],"picked":"SKIP","floor":24.0},{"not_picked":["Warcry","Armaments","Reaper"],"picked":"SKIP","floor":27.0},{"not_picked":["Clothesline","Headbutt","Havoc"],"picked":"SKIP","floor":28.0},{"not_picked":["Offering","Double Tap"],"picked":"Bludgeon","floor":33.0},{"not_picked":["Power Through","Body Slam","Corruption+1"],"picked":"SKIP","floor":35.0},{"not_picked":["Entrench+1","Reckless Charge","Armaments+1"],"picked":"SKIP","floor":37.0},{"not_picked":["Warcry+1","Metallicize+1"],"picked":"Flex+1","floor":41.0},{"not_picked":["Wild Strike+1","Rupture"],"picked":"Twin Strike+1","floor":42.0},{"not_picked":["Sword Boomerang","Shrug It Off+1"],"picked":"Pummel","floor":44},{"not_picked":["Flex+1","Havoc"],"picked":"Clash+1","floor":46},{"not_picked":["Havoc","Power Through+1"],"picked":"Hemokinesis+1","floor":48}],"player_experience":159459,"relics_obtained":[{"floor":6.0,"key":"Bottled Flame"},{"floor":9.0,"key":"Shuriken"},{"floor":26.0,"key":"Omamori"},{"floor":30.0,"key":"Ornamental Fan"},{"floor":31.0,"key":"Necronomicon"},{"floor":43.0,"key":"Art of War"}],"event_choices":[{"event_name":"World of Goop","player_choice":"Gather Gold","floor":2.0,"damage_taken":0.0},{"event_name":"Shining Light","player_choice":"Entered Light","floor":4.0,"damage_taken":0.0},{"event_name":"Golden Idol","player_choice":"Take Wound","floor":13.0,"damage_taken":0.0},{"event_name":"Living Wall","player_choice":"Forget","floor":14.0,"damage_taken":0.0},{"event_name":"Nest","player_choice":"Joined the Cult","floor":19.0,"damage_taken":0.0},{"event_name":"Forgotten Altar","player_choice":"Gave Idol","floor":22.0,"damage_taken":0.0},{"event_name":"Cursed Tome","player_choice":"Obtained Book","floor":31.0,"damage_taken":0.0},{"event_name":"Falling","player_choice":"Removed Power","floor":36.0,"damage_taken":0.0},{"event_name":"Upgrade Shrine","player_choice":"Upgraded","floor":38.0,"damage_taken":0.0}],"is_beta":false,"boss_relics":[{"not_picked":["Ectoplasm","Empty Cage"],"picked":"Runic Cube"},{"not_picked":["Philosopher\u0027s Stone","Tiny House"],"picked":"Astrolabe"}],"items_purged_floors":[11],"is_endless":false,"potions_floor_spawned":[3,7,8,12,18,27,33,42,44,48],"ascension_level":0}