{"gold_per_floor":[20,37,37,52,67,67,83,83,131,306,79,79,107,107,107,212,212,232,246,41,56,155,155,190,34,57,57,87,106,181,201,201,299,299,313,331,431,252,252,252,96,0,0,0,14,32,32,46,46,46],"floor_reached":51,"playtime":1782,"items_purged":["Doubt","Pain"],"score":785,"play_id":"5a74e15f-db79-4bbb-94b2-906bb0de09b0","local_time":"20190624220744","is_ascension_mode":false,"campfire_choices":[{"data":"Perfected Strike","floor":6.0,"key":"SMITH"},{"data":"Perfected Strike","floor":8.0,"key":"SMITH"},{"data":"Double Tap","floor":15.0,"key":"SMITH"},{"data":"Bludgeon","floor":23.0,"key":"SMITH"},{"floor":27.0,"key":"REST"},{"floor":32.0,"key":"REST"},{"data":"Inflame","floor":40,"key":"SMITH"},{"data":"1","floor":44,"key":"LIFT"},{"floor":47,"key":"REST"},{"floor":49,"key":"REST"}],"neow_cost":"NO_GOLD","seed_source_timestamp":945529986870673,"circlet_count":0,"master_deck":["Strike_R","Strike_R","Strike_R","Strike_R","Strike_R","Defend_R","Defend_R","Defend_R","Defend_R","Bash","Perfected Strike+1","Flame Barrier+1","Perfected Strike+1","Double Tap+1","Bludgeon+1","Pommel Strike+1","Inflame+1","Perfected Strike+1","Perfected Strike+1","Fire Breathing+1","Seeing Red","Shame","Regret","Battle Trance+1","Inflame+1","Master of Strategy","Twin Strike+1"],"special_seed":0,"relics":["Burning Blood","Boot","Orichalcum","Kunai","Bronze Scales","Lizard Tail","DollysMirror","Ginger","Regal Pillow","Bag of Marbles","Self Forming Clay","Shuriken","Calling Bell","Gremlin Horn","FossilizedHelix","Pen Nib","Girya","Vajra","Red Mask","Blue Candle"],"potions_floor_usage":[33,33,33,33,37,37,50,50],"damage_taken":[{"damage":8.0,"enemies":"2 Louse","floor":1.0,"turns":3.0},{"damage":1.0,"enemies":"Cultist","floor":2.0,"turns":3.0},{"damage":5.0,"enemies":"Small Slimes","floor":4.0,"turns":4.0},{"damage":5.0,"enemies":"Looter","floor":5.0,"turns":4.0},{"damage":16.0,"enemies":"Gremlin Gang","floor":7.0,"turns":4.0},{"damage":16.0,"enemies":"Gremlin Nob","floor":13.0,"turns":4.0},{"damage":4.0,"enemies":"Slime Boss","floor":16.0,"turns":6.0},{"damage":4.0,"enemies":"Chosen","floor":18.0,"turns":4.0},{"damage":10.0,"enemies":"3 Byrds","floor":19.0,"turns":3.0},{"damage":16.0,"enemies":"Snecko","floor":21.0,"turns":3.0},{"damage":56.0,"enemies":"Slavers","floor":24.0,"turns":5.0},{"damage":41.0,"enemies":"Gremlin Leader","floor":28.0,"turns":7.0},{"damage":13.0,"enemies":"Cultist and Chosen","floor":29.0,"turns":4.0},{"damage":12.0,"enemies":"Shelled Parasite and Fungi","floor":31.0,"turns":3.0},{"damage":50,"enemies":"Collector","floor":33,"turns":5},{"damage":0,"enemies":"Orb Walker","floor":35,"turns":2},{"damage":6,"enemies":"3 Darklings","floor":36,"turns":6},{"damage":33,"enemies":"Mind Bloom Boss Battle","floor":37,"turns":4},{"damage":54,"enemies":"Transient","floor":45,"turns":5},{"damage":3,"enemies":"Spire Growth","floor":46,"turns":4},{"damage":40,"enemies":"Maw","floor":48,"turns":6},{"damage":50,"enemies":"Donu and Deca","floor":50,"turns":7}],"seed_played":"-3972174060883076825","potions_obtained":[{"floor":3.0,"key":"SpeedPotion"},{"floor":3.0,"key":"Fire Potion"},{"floor":3.0,"key":"Dexterity Potion"},{"floor":7.0,"key":"SpeedPotion"},{"floor":18.0,"key":"LiquidBronze"},{"floor":29.0,"key":"EntropicBrew"},{"floor":33,"key":"BloodPotion"},{"floor":37,"key":"SkillPotion"},{"floor":48,"key":"SkillPotion"}],"is_trial":false,"path_per_floor":["M","M","?","M","M","R","M","R","T","?","$","?","E","?","R","B",null,"M","M","$","M","?","R","E","$","T","R","E","M","T","M","R","B",null,"M","M","?","$","?","R","$","?","T","R","M","M","R","M","R","B",null],"character_chosen":"IRONCLAD","items_purchased":["Orichalcum","DollysMirror","Regal Pillow","Inflame","Vajra"],"campfire_rested":4,"item_purchase_floors":[11,20,25,38,41],"current_hp_per_floor":[94,96,96,96,96,96,86,86,86,86,86,79,69,69,69,71,96,96,92,92,82,82,82,32,32,32,75,40,33,33,27,70,26,96,96,96,78,78,78,78,78,78,78,78,30,33,76,42,85,41],"gold":46,"neow_bonus":"TWENTY_PERCENT_HP_BONUS","is_prod":false,"is_daily":false,"chose_seed":false,"campfire_upgraded":5,"win_rate":0,"timestamp":1561428464,"path_taken":["M","M","?","?","M","R","M","R","T","?","$","?","E","?","R","BOSS","M","?","$","M","?","R","E","$","T","R","E","M","?","?","R","BOSS","M","M","?","$","?","R","$","?","T","R","?","M","R","M","R","BOSS"],"build_version":"2019-01-23","purchased_purges":2,"victory":true,"max_hp_per_floor":[96,96,96,96,96,96,96,96,96,96,96,96,96,96,96,96,96,96,96,96,96,96,96,96,96,96,96,96,96,96,96,96,96,96,96,96,96,96,96,96,96,96,96,96,96,96,96,96,96,96],"card_choices":[{"not_picked":["Havoc","Thunderclap"],"picked":"Perfected Strike","floor":1.0},{"not_picked":["Dual Wield","Sentinel"],"picked":"Flame Barrier","floor":2.0},{"not_picked":["True Grit","Headbutt","Heavy Blade"],"picked":"SKIP","floor":4.0},{"not_picked":["True Grit","Headbutt","Heavy Blade"],"picked":"SKIP","floor":4.0},{"not_picked":["Thunderclap","Combust"],"picked":"Perfected Strike","floor":5.0},{"not_picked":["Fire Breathing","Pommel Strike"],"picked":"Double Tap","floor":7.0},{"not_picked":["Shrug It Off","Headbutt","Clash"],"picked":"SKIP","floor":13.0},{"not_picked":["Double Tap","Feed"],"picked":"Bludgeon","floor":16.0},{"not_picked":["Cleave+1","Whirlwind"],"picked":"Pommel Strike+1","floor":18.0},{"not_picked":["Headbutt","Shrug It Off"],"picked":"Inflame+1","floor":19.0},{"not_picked":["Cleave","Dropkick"],"picked":"Perfected Strike+1","floor":21.0},{"not_picked":["Armaments","Uppercut","Clothesline"],"picked":"SKIP","floor":24.0},{"not_picked":["Intimidate","Juggernaut"],"picked":"Fire Breathing+1","floor":28.0},{"not_picked":["Armaments","Warcry+1","Cleave"],"picked":"SKIP","floor":29.0},{"not_picked":["Shrug It Off","Iron Wave"],"picked":"Seeing Red","floor":31.0},{"not_picked":["Rampage","Heavy Blade","Body Slam"],"picked":"SKIP","floor":35},{"not_picked":["Headbutt+1","Shrug It Off"],"picked":"Battle Trance+1","floor":36},{"not_picked":["Violence","Panacea"],"picked":"Master of Strategy","floor":39},{"not_picked":["Armaments+1","Rampage"],"picked":"Twin Strike+1","floor":45},{"not_picked":["Blood for Blood","Havoc","Cleave"],"picked":"SKIP","floor":46},{"not_picked":["Thunderclap","Clothesline","Body Slam+1"],"picked":"SKIP","floor":48}],"player_experience":412368,"relics_obtained":[{"floor":9.0,"key":"Boot"},{"floor":13.0,"key":"Bronze Scales"},{"floor":24.0,"key":"Ginger"},{"floor":26.0,"key":"Bag of Marbles"},{"floor":28.0,"key":"Self Forming Clay"},{"floor":30.0,"key":"Shuriken"},{"floor":34,"key":"Gremlin Horn"},{"floor":34,"key":"FossilizedHelix"},{"floor":34,"key":"Pen Nib"},{"floor":37,"key":"Girya"},{"floor":43,"key":"Blue Candle"}],"event_choices":[{"damage_healed":0.0,"max_hp_gain":0.0,"max_hp_loss":0.0,"gold_gain":0.0,"event_name":"Lab","player_choice":"Got Potions","floor":3.0,"gold_loss":0.0,"damage_taken":0.0},{"damage_healed":0.0,"max_hp_gain":0.0,"max_hp_loss":0.0,"gold_gain":175.0,"event_name":"Liars Game","player_choice":"AGREE","floor":10.0,"gold_loss":0.0,"damage_taken":0.0,"cards_obtained":["Doubt"]},{"damage_healed":0.0,"max_hp_gain":0.0,"max_hp_loss":0.0,"gold_gain":0.0,"event_name":"Scrap Ooze","player_choice":"Success","floor":12.0,"gold_loss":0.0,"damage_taken":7.0,"relics_obtained":["Kunai"]},{"damage_healed":0.0,"max_hp_gain":0.0,"max_hp_loss":0.0,"gold_gain":0.0,"event_name":"Accursed Blacksmith","player_choice":"Forge","floor":14.0,"gold_loss":0.0,"damage_taken":0.0,"cards_upgraded":["Flame Barrier"]},{"damage_healed":0.0,"max_hp_gain":0.0,"max_hp_loss":0.0,"gold_gain":99.0,"event_name":"Nest","player_choice":"Stole From Cult","floor":22.0,"gold_loss":0.0,"damage_taken":0.0},{"damage_healed":0,"gold_gain":0,"player_choice":"Fight","damage_taken":0,"max_hp_gain":0,"max_hp_loss":0,"event_name":"MindBloom","floor":37,"gold_loss":0},{"damage_healed":0,"gold_gain":0,"player_choice":"Memory 1","damage_taken":0,"max_hp_gain":0,"max_hp_loss":0,"event_name":"SensoryStone","floor":39,"gold_loss":0},{"damage_healed":0,"gold_gain":0,"player_choice":"Paid","damage_taken":0,"relics_obtained":["Red Mask"],"max_hp_gain":0,"max_hp_loss":0,"event_name":"Tomb of Lord Red Mask","floor":42,"gold_loss":96}],"is_beta":false,"boss_relics":[{"not_picked":["Tiny House","White Beast Statue"],"picked":"Lizard Tail"},{"not_picked":["Busted Crown","Eternal Feather"],"picked":"Calling Bell"}],"items_purged_floors":[11,38],"is_endless":false,"potions_floor_spawned":[4,7,13,18,29,33,36,37,48],"ascension_level":0}