{"gold_per_floor":[116,191,291,291,303,303,316,349,387,399,411,423,88,99,99,195,195,211,226,126,126,140,140,153,153,199,209,209,58,87,87,87,182,182,194,207,82,132,182,182,193,193,193,206,256,256],"floor_reached":46,"playtime":1450,"items_purged":["Strike_R","Strike_R","Strike_R"],"score":461,"play_id":"8a3f6d11-64dd-4bb4-b0c0-8bfdacbeaafc","local_time":"20180728164138","is_ascension_mode":false,"campfire_choices":[{"data":"Rage","floor":6,"key":"SMITH"},{"data":"Searing Blow","floor":11,"key":"SMITH"},{"data":"Whirlwind","floor":15,"key":"SMITH"},{"data":"Searing Blow+1","floor":23,"key":"SMITH"},{"data":"Searing Blow+2","floor":25,"key":"SMITH"},{"data":"Searing Blow+3","floor":28,"key":"SMITH"},{"floor":32,"key":"REST"},{"data":"Searing Blow+4","floor":40,"key":"SMITH"},{"data":"Searing Blow+5","floor":42,"key":"SMITH"}],"neow_cost":"","seed_source_timestamp":250062035780940,"circlet_count":0,"master_deck":["Strike_R+1","Strike_R","Defend_R","Defend_R","Bash","Clash+1","Rage+1","Searing Blow+6","Shrug It Off","Whirlwind+1","Twin Strike","Demon Form","Whirlwind+1","Anger","Brutality","Exhume","Rage","Madness","Madness"],"relics":["Burning Blood","MawBank","Orichalcum","Pen Nib","Chemical X","Lizard Tail","Centennial Puzzle","Whetstone","Oddly Smooth Stone","SsserpentHead","White Beast Statue","Bottled Lightning","Letter Opener"],"potions_floor_usage":[41,41,46,46,46],"damage_taken":[{"damage":8,"enemies":"2 Louse","floor":1,"turns":3},{"damage":5,"enemies":"Small Slimes","floor":5,"turns":3},{"damage":1,"enemies":"Jaw Worm","floor":7,"turns":2},{"damage":29,"enemies":"Gremlin Nob","floor":8,"turns":5},{"damage":3,"enemies":"Blue Slaver","floor":14,"turns":4},{"damage":11,"enemies":"Slime Boss","floor":16,"turns":7},{"damage":18,"enemies":"Spheric Guardian","floor":18,"turns":4},{"damage":14,"enemies":"2 Thieves","floor":19,"turns":2},{"damage":4,"enemies":"Chosen and Byrds","floor":22,"turns":4},{"damage":17,"enemies":"Sentry and Sphere","floor":24,"turns":4},{"damage":0,"enemies":"3 Cultists","floor":27,"turns":2},{"damage":23,"enemies":"Gremlin Leader","floor":30,"turns":4},{"damage":34,"enemies":"Automaton","floor":33,"turns":5},{"damage":14,"enemies":"3 Darklings","floor":35,"turns":2},{"damage":4,"enemies":"Orb Walker","floor":36,"turns":2},{"damage":9,"enemies":"Flame Bruiser 2 Orb","floor":41,"turns":2},{"damage":13,"enemies":"3 Darklings","floor":44,"turns":3},{"damage":110,"enemies":"Awakened One","floor":46,"turns":5}],"seed_played":"-3605270287615176088","potions_obtained":[{"floor":5,"key":"EssenceOfSteel"},{"floor":7,"key":"Weak Potion"},{"floor":14,"key":"Poison Potion"},{"floor":18,"key":"SteroidPotion"},{"floor":41,"key":"Energy Potion"},{"floor":44,"key":"PowerPotion"}],"is_trial":false,"path_per_floor":["M","?","?","?","M","R","M","E","T","$","R","?","$","M","R","B",null,"M","M","$","?","M","R","M","R","T","M","R","$","E","?","R","B",null,"M","M","$","?","T","R","M","R","T","M","?"],"character_chosen":"IRONCLAD","items_purchased":["Chemical X","Whirlwind","Whetstone"],"campfire_rested":1,"item_purchase_floors":[13,13,29],"current_hp_per_floor":[78,67,67,67,68,68,73,50,50,50,50,47,47,50,50,45,80,68,60,60,60,62,62,51,51,51,57,57,57,40,40,64,36,80,72,74,74,64,64,64,61,61,61,54,54,0],"gold":256,"neow_bonus":"","is_prod":false,"is_daily":false,"chose_seed":false,"campfire_upgraded":8,"win_rate":0,"timestamp":1532810498,"path_taken":["M","?","?","?","M","R","M","E","T","$","R","?","?","M","R","BOSS","M","M","$","?","M","R","M","R","T","M","R","$","E","?","R","BOSS","M","M","$","?","?","R","M","R","T","M","?","BOSS"],"build_version":"2018-07-26","purchased_purges":3,"victory":false,"max_hp_per_floor":[80,80,80,80,80,80,80,80,80,80,80,80,80,80,80,80,80,80,80,80,80,80,80,80,80,80,80,80,80,80,80,80,80,80,80,80,80,80,80,80,80,80,80,80,80,80],"card_choices":[{"not_picked":["Body Slam","Shockwave"],"picked":"Clash","floor":1},{"not_picked":["Wild Strike","Metallicize"],"picked":"Rage","floor":5},{"not_picked":["Shrug It Off","Evolve"],"picked":"Searing Blow","floor":7},{"not_picked":["Sentinel","Bloodletting"],"picked":"Shrug It Off","floor":8},{"not_picked":["Reckless Charge","Warcry"],"picked":"Twin Strike","floor":14},{"not_picked":["Brutality","Double Tap"],"picked":"Demon Form","floor":16},{"not_picked":["Searing Blow","Spot Weakness"],"picked":"Whirlwind+1","floor":18},{"not_picked":["Perfected Strike+1","Thunderclap"],"picked":"Anger","floor":19},{"not_picked":["Cleave","Second Wind"],"picked":"Exhume","floor":22},{"not_picked":["Rupture","Rage","Thunderclap"],"picked":"SKIP","floor":24},{"not_picked":["Hemokinesis","Twin Strike","True Grit"],"picked":"SKIP","floor":27},{"not_picked":["Perfected Strike","Twin Strike","Bloodletting+1"],"picked":"SKIP","floor":30},{"not_picked":["Warcry+1","Sword Boomerang","Bloodletting+1"],"picked":"SKIP","floor":35},{"not_picked":["Spot Weakness","Cleave+1"],"picked":"Rage","floor":36},{"not_picked":["Warcry+1","Uppercut+1","True Grit+1"],"picked":"SKIP","floor":41},{"not_picked":["Inflame","Rupture","Perfected Strike+1"],"picked":"SKIP","floor":44}],"player_experience":53346,"relics_obtained":[{"floor":8,"key":"MawBank"},{"floor":9,"key":"Orichalcum"},{"floor":26,"key":"Centennial Puzzle"},{"floor":30,"key":"Oddly Smooth Stone"},{"floor":39,"key":"Bottled Lightning"},{"floor":43,"key":"Letter Opener"}],"event_choices":[{"event_name":"World of Goop","player_choice":"Gather Gold","floor":2,"damage_taken":0},{"event_name":"Golden Shrine","player_choice":"Pray","floor":3,"damage_taken":0},{"event_name":"Bonfire Elementals","player_choice":"BASIC","floor":4,"damage_taken":0},{"event_name":"Scrap Ooze","player_choice":"success","floor":12,"damage_taken":3},{"event_name":"Transmorgrifier","player_choice":"Transform","floor":21,"damage_taken":0},{"event_name":"FaceTrader","player_choice":"Trade","floor":31,"damage_taken":0},{"event_name":"Winding Halls","player_choice":"Embrace Madness","floor":38,"damage_taken":0},{"event_name":"SecretPortal","player_choice":"Took Portal.","floor":45,"damage_taken":0}],"is_beta":false,"boss_relics":[{"not_picked":["Runic Dome","Mark of Pain"],"picked":"Lizard Tail"},{"not_picked":["Runic Pyramid","Fusion Hammer"],"picked":"White Beast Statue"}],"items_purged_floors":[13,20,37],"is_endless":false,"potions_floor_spawned":[5,7,14,18,22,27,35,36,41,44],"killed_by":"Awakened One","ascension_level":0}