{"gold_per_floor":[118,137,137,152,4,30,30,46,46,46,46,71,71,105,105,228,228,204,22,43,61,84,84,115,115,115,149,149,189,189,228,228,359,359,383,399,399,399,47,47,47,47,47,85,85,85,99,24,24,24],"floor_reached":51,"playtime":8643,"items_purged":["Strike_R"],"score":822,"play_id":"59503a1c-0f28-4de1-9622-9c931e1346f4","local_time":"20180916213307","is_ascension_mode":true,"campfire_choices":[{"data":"Perfected Strike","floor":7.0,"key":"SMITH"},{"data":"Pommel Strike","floor":11.0,"key":"SMITH"},{"floor":13.0,"key":"REST"},{"data":"Metallicize","floor":15.0,"key":"SMITH"},{"data":"Armaments","floor":23.0,"key":"SMITH"},{"floor":25.0,"key":"REST"},{"floor":28.0,"key":"REST"},{"data":"True Grit","floor":30.0,"key":"SMITH"},{"data":"Shockwave","floor":32.0,"key":"SMITH"},{"data":"Shockwave","floor":40.0,"key":"SMITH"},{"floor":41.0,"key":"REST"},{"data":"Body Slam","floor":45.0,"key":"SMITH"},{"data":"Entrench","floor":46.0,"key":"SMITH"},{"data":"Barricade","floor":49,"key":"SMITH"}],"neow_cost":"NONE","seed_source_timestamp":0,"circlet_count":0,"master_deck":["Strike_R","Strike_R","Strike_R","Strike_R","Defend_R+1","Defend_R","Defend_R","Defend_R","Bash","Perfected Strike+1","Feel No Pain","Bash","Bandage Up","Second Wind","Pommel Strike+1","Feel No Pain","Body Slam+1","Metallicize+1","Impervious","Armaments+1","Shockwave+1","Perfected Strike+1","Clothesline","Disarm+1","Whirlwind+1","Intimidate","Offering","Shockwave+1","True Grit+1","Clothesline+1","Reaper","Iron Wave+1","Pommel Strike+1","PanicButton","Entrench+1","Pummel+1","Shrug It Off","Barricade+1"],"special_seed":0,"relics":["Burning Blood","Ancient Tea Set","Boot","Bottled Flame","Golden Idol","WingedGreaves","Cursed Key","Centennial Puzzle","Dream Catcher","Bronze Scales","Juzu Bracelet","Happy Flower","Runic Dome","FossilizedHelix","War Paint","Medical Kit","Ice Cream"],"potions_floor_usage":[50],"damage_taken":[{"damage":0.0,"enemies":"2 Louse","floor":1.0,"turns":2.0},{"damage":0.0,"enemies":"Cultist","floor":2.0,"turns":2.0},{"damage":6.0,"enemies":"Jaw Worm","floor":4.0,"turns":3.0},{"damage":19.0,"enemies":"Gremlin Nob","floor":6.0,"turns":4.0},{"damage":10.0,"enemies":"Looter","floor":8.0,"turns":3.0},{"damage":5.0,"enemies":"Exordium Wildlife","floor":12.0,"turns":2.0},{"damage":18.0,"enemies":"3 Sentries","floor":14.0,"turns":7.0},{"damage":45.0,"enemies":"The Guardian","floor":16.0,"turns":9.0},{"damage":41.0,"enemies":"2 Thieves","floor":18.0,"turns":5.0},{"damage":7.0,"enemies":"Shell Parasite","floor":20.0,"turns":4.0},{"damage":6.0,"enemies":"3 Cultists","floor":21.0,"turns":6.0},{"damage":0.0,"enemies":"Snake Plant","floor":22.0,"turns":3.0},{"damage":14.0,"enemies":"Gremlin Leader","floor":24.0,"turns":7.0},{"damage":25.0,"enemies":"Book of Stabbing","floor":27.0,"turns":8.0},{"damage":11.0,"enemies":"Slavers","floor":29.0,"turns":5.0},{"damage":9.0,"enemies":"Gremlin Leader","floor":31.0,"turns":3.0},{"damage":25.0,"enemies":"Collector","floor":33.0,"turns":8.0},{"damage":15.0,"enemies":"3 Shapes","floor":35.0,"turns":5.0},{"damage":22.0,"enemies":"3 Darklings","floor":36.0,"turns":3.0},{"damage":21.0,"enemies":"Mind Bloom Boss Battle","floor":38.0,"turns":7.0},{"damage":0.0,"enemies":"2 Orb Walkers","floor":44.0,"turns":3.0},{"damage":6.0,"enemies":"Transient","floor":47.0,"turns":5.0},{"damage":24,"enemies":"Donu and Deca","floor":50,"turns":8}],"seed_played":"7936551444519761386","potions_obtained":[{"floor":1.0,"key":"FairyPotion"},{"floor":2.0,"key":"Weak Potion"},{"floor":8.0,"key":"FearPotion"},{"floor":14.0,"key":"SkillPotion"},{"floor":18.0,"key":"Energy Potion"},{"floor":20.0,"key":"SkillPotion"},{"floor":27.0,"key":"SkillPotion"},{"floor":29.0,"key":"Swift Potion"},{"floor":33.0,"key":"Dexterity Potion"},{"floor":35.0,"key":"Dexterity Potion"},{"floor":36.0,"key":"SkillPotion"}],"is_trial":false,"path_per_floor":["M","M","?","M","$","E","R","M","T","?","R","M","R","E","R","B",null,"M","$","M","M","M","R","E","R","T","E","R","E","R","E","R","B",null,"M","M","?","?","$","R","R","$","T","E","R","R","M","$","R","B"],"character_chosen":"IRONCLAD","items_purchased":["Ancient Tea Set","Centennial Puzzle","Shockwave","War Paint","Medical Kit"],"campfire_rested":4,"item_purchase_floors":[5,19,19,39,39],"current_hp_per_floor":[80,80,80,80,80,71,71,71,71,51,51,52,76,68,68,33,80,49,49,52,56,66,66,62,80,80,64,80,79,79,76,76,61,80,71,59,59,54,54,54,78,78,78,80,80,80,80,80,80,66],"gold":24,"neow_bonus":"THREE_CARDS","is_prod":false,"is_daily":false,"chose_seed":false,"campfire_upgraded":10,"win_rate":0,"timestamp":1537126387,"path_taken":["M","M","?","M","?","E","R","M","T","?","R","M","R","E","R","BOSS","M","$","M","M","M","R","E","R","T","E","R","E","R","E","R","BOSS","M","M","?","?","$","R","R","$","T","E","R","R","M","$","R","BOSS"],"build_version":"2018-09-06","purchased_purges":1,"victory":true,"max_hp_per_floor":[80,80,80,80,80,80,80,80,80,80,80,80,80,80,80,80,80,80,80,80,80,80,80,80,80,80,80,80,80,80,80,80,80,80,80,80,80,80,80,80,80,80,80,80,80,80,80,80,80,80],"card_choices":[{"not_picked":["Anger","Flex"],"picked":"Perfected Strike","floor":0.0},{"not_picked":["Bloodletting","Armaments","Anger"],"picked":"SKIP","floor":1.0},{"not_picked":["Corruption","Blood for Blood"],"picked":"Feel No Pain","floor":2.0},{"not_picked":["True Grit","Rupture"],"picked":"Second Wind","floor":4.0},{"not_picked":["Twin Strike","Clash"],"picked":"Pommel Strike","floor":6.0},{"not_picked":["Thunderclap","Flex"],"picked":"Feel No Pain","floor":8.0},{"not_picked":["Anger","Thunderclap"],"picked":"Body Slam","floor":12.0},{"not_picked":["Rampage","Shrug It Off"],"picked":"Metallicize","floor":14.0},{"not_picked":["Feed","Bludgeon"],"picked":"Impervious","floor":16.0},{"not_picked":["Clash+1","Entrench"],"picked":"Armaments","floor":18.0},{"not_picked":["Headbutt+1","Disarm"],"picked":"Perfected Strike+1","floor":20.0},{"not_picked":["Clash+1","Iron Wave"],"picked":"Clothesline","floor":21.0},{"not_picked":["Intimidate","Carnage"],"picked":"Disarm","floor":22.0},{"not_picked":["Perfected Strike","Combust"],"picked":"Whirlwind+1","floor":24.0},{"not_picked":["Sever Soul","Heavy Blade"],"picked":"Intimidate","floor":25.0},{"not_picked":["Fiend Fire","Rage+1"],"picked":"Offering","floor":27.0},{"not_picked":["Heavy Blade+1","Cleave"],"picked":"Shockwave","floor":28.0},{"not_picked":["Anger","Juggernaut"],"picked":"True Grit","floor":29.0},{"not_picked":["Whirlwind","Thunderclap+1"],"picked":"Clothesline+1","floor":31.0},{"not_picked":["Juggernaut","Brutality"],"picked":"Reaper","floor":33.0},{"not_picked":["Heavy Blade","Thunderclap+1"],"picked":"Iron Wave+1","floor":35.0},{"not_picked":["Whirlwind+1","Anger+1"],"picked":"Pommel Strike+1","floor":36.0},{"not_picked":["Good Instincts","Madness"],"picked":"PanicButton","floor":37.0},{"not_picked":["Cleave","Infernal Blade"],"picked":"Entrench","floor":38.0},{"not_picked":["Combust","Anger"],"picked":"Pummel+1","floor":41.0},{"not_picked":["Dropkick+1","Sword Boomerang"],"picked":"Shrug It Off","floor":44.0},{"not_picked":["Shrug It Off+1","Headbutt+1"],"picked":"Barricade","floor":47.0}],"player_experience":50418,"relics_obtained":[{"floor":6.0,"key":"Boot"},{"floor":9.0,"key":"Bottled Flame"},{"floor":14.0,"key":"WingedGreaves"},{"floor":24.0,"key":"Dream Catcher"},{"floor":27.0,"key":"Bronze Scales"},{"floor":29.0,"key":"Juzu Bracelet"},{"floor":31.0,"key":"Happy Flower"},{"floor":38.0,"key":"FossilizedHelix"},{"floor":44.0,"key":"Ice Cream"}],"event_choices":[{"event_name":"Match and Keep!","player_choice":"2 cards matched","floor":3.0,"damage_taken":0.0},{"event_name":"Golden Idol","player_choice":"Take Damage","floor":10.0,"damage_taken":0.0},{"event_name":"SensoryStone","player_choice":"Memory 1","floor":37.0,"damage_taken":0.0},{"event_name":"MindBloom","player_choice":"Fight","floor":38.0,"damage_taken":0.0}],"is_beta":false,"boss_relics":[{"not_picked":["Mark of Pain","Runic Cube"],"picked":"Cursed Key"},{"not_picked":["Black Blood","Astrolabe"],"picked":"Runic Dome"}],"items_purged_floors":[48],"is_endless":false,"potions_floor_spawned":[1,2,8,14,18,20,27,29,33,35,36],"ascension_level":1}