{"gold_per_floor":[112,187,200,200,210,245,264,278,278,293,293,326,336,349,349,447,447,465,465,478,495,420,420,172,199,223,257,257,180,190,201,201,201],"floor_reached":33,"playtime":1356,"items_purged":["Strike_R","Strike_R"],"score":316,"play_id":"7976ab31-8570-4c42-8526-86835021f56e","local_time":"20180817210927","is_ascension_mode":true,"campfire_choices":[{"floor":11.0,"key":"REST"},{"floor":15.0,"key":"REST"},{"floor":23.0,"key":"REST"},{"floor":28.0,"key":"REST"},{"floor":32.0,"key":"REST"}],"neow_cost":"NONE","seed_source_timestamp":247302364137169,"circlet_count":0,"master_deck":["Strike_R","Strike_R","Strike_R","Defend_R","Defend_R","Defend_R","Defend_R","Bash","Cleave","Rampage","Pommel Strike","Flex","Anger","Flame Barrier","Spot Weakness","Seeing Red","Limit Break","Clumsy","Pummel","Heavy Blade","Good Instincts","Immolate","Decay","Twin Strike+1","J.A.X.","Heavy Blade"],"special_seed":0,"relics":["Burning Blood","Centennial Puzzle","Juzu Bracelet","Question Card","Oddly Smooth Stone","Cursed Key","Shuriken","Mummified Hand","Ancient Tea Set","Magic Flower"],"potions_floor_usage":[33,33,33],"damage_taken":[{"damage":8.0,"enemies":"Cultist","floor":1.0,"turns":5.0},{"damage":14.0,"enemies":"Small Slimes","floor":3.0,"turns":5.0},{"damage":6.0,"enemies":"2 Louse","floor":5.0,"turns":2.0},{"damage":20.0,"enemies":"Gremlin Nob","floor":6.0,"turns":4.0},{"damage":2.0,"enemies":"Exordium Wildlife","floor":7.0,"turns":3.0},{"damage":35.0,"enemies":"Exordium Thugs","floor":8.0,"turns":5.0},{"damage":8.0,"enemies":"Lots of Slimes","floor":10.0,"turns":2.0},{"damage":21.0,"enemies":"Lagavulin","floor":12.0,"turns":5.0},{"damage":8.0,"enemies":"Red Slaver","floor":13.0,"turns":4.0},{"damage":2.0,"enemies":"Large Slime","floor":14.0,"turns":4.0},{"damage":42.0,"enemies":"Hexaghost","floor":16.0,"turns":9.0},{"damage":4.0,"enemies":"3 Byrds","floor":18.0,"turns":4.0},{"damage":31.0,"enemies":"Chosen","floor":20.0,"turns":5.0},{"damage":17.0,"enemies":"Centurion and Healer","floor":21.0,"turns":6.0},{"damage":23.0,"enemies":"Gremlin Leader","floor":25.0,"turns":6.0},{"damage":36.0,"enemies":"Slavers","floor":27.0,"turns":4.0},{"damage":13.0,"enemies":"Cultist and Chosen","floor":30.0,"turns":2.0},{"damage":21.0,"enemies":"Snake Plant","floor":31.0,"turns":4.0},{"damage":82,"enemies":"Automaton","floor":33,"turns":6}],"seed_played":"2867717443829465851","potions_obtained":[{"floor":3.0,"key":"PowerPotion"},{"floor":6.0,"key":"Explosive Potion"},{"floor":8.0,"key":"Explosive Potion"},{"floor":10.0,"key":"Block Potion"},{"floor":13.0,"key":"Explosive Potion"},{"floor":16.0,"key":"BloodPotion"},{"floor":18.0,"key":"GamblersBrew"},{"floor":25.0,"key":"Block Potion"},{"floor":30.0,"key":"Fire Potion"}],"is_trial":false,"path_per_floor":["M","?","M","?","M","E","M","M","T","M","R","E","M","M","R","B",null,"M","T","M","M","$","R","$","E","T","E","R","?","M","M","R"],"character_chosen":"IRONCLAD","items_purchased":["Heavy Blade","Good Instincts"],"campfire_rested":5,"item_purchase_floors":[24,24],"current_hp_per_floor":[78,67,59,64,64,50,54,25,25,23,47,32,30,34,58,22,80,80,80,55,44,44,68,68,51,51,21,45,45,41,29,53,0],"gold":201,"neow_bonus":"RANDOM_COMMON_RELIC","is_prod":false,"is_daily":false,"chose_seed":false,"campfire_upgraded":0,"win_rate":0,"timestamp":1534554567,"path_taken":["M","?","M","?","M","E","M","M","T","M","R","E","M","M","R","BOSS","M","?","M","M","$","R","$","E","T","E","R","?","M","M","R","BOSS"],"build_version":"2018-08-16","purchased_purges":2,"victory":false,"max_hp_per_floor":[80,80,80,80,80,80,80,80,80,80,80,80,80,80,80,80,80,80,80,80,80,80,80,80,80,80,80,80,80,80,80,80,80],"card_choices":[{"not_picked":["True Grit","Twin Strike"],"picked":"Cleave","floor":1.0},{"not_picked":["Sever Soul","Searing Blow"],"picked":"Cleave","floor":3.0},{"not_picked":["Armaments","True Grit"],"picked":"Rampage","floor":5.0},{"not_picked":["Warcry","Armaments"],"picked":"Pommel Strike","floor":6.0},{"not_picked":["Shockwave","Second Wind","Armaments"],"picked":"SKIP","floor":7.0},{"not_picked":["Warcry","Pummel"],"picked":"Flex","floor":8.0},{"not_picked":["Twin Strike","Clothesline","Hemokinesis"],"picked":"Anger","floor":10.0},{"not_picked":["Wild Strike","Corruption","Clothesline"],"picked":"Flame Barrier","floor":12.0},{"not_picked":["Havoc","Searing Blow","Heavy Blade"],"picked":"Spot Weakness","floor":13.0},{"not_picked":["Rupture","Body Slam","Sentinel"],"picked":"Seeing Red","floor":14.0},{"not_picked":["Dark Embrace","Brutality","Fiend Fire"],"picked":"Limit Break","floor":16.0},{"not_picked":["Second Wind","Havoc+1","Power Through","Twin Strike"],"picked":"SKIP","floor":18.0},{"not_picked":["Disarm","Anger","Warcry","Havoc"],"picked":"SKIP","floor":20.0},{"not_picked":["Anger","Clothesline","Twin Strike+1"],"picked":"Pummel","floor":21.0},{"not_picked":["Body Slam+1","Power Through","Burning Pact"],"picked":"Immolate","floor":25.0},{"not_picked":["Offering","True Grit","Armaments"],"picked":"Twin Strike+1","floor":27.0},{"not_picked":["Reckless Charge","Searing Blow","Rampage"],"picked":"Heavy Blade","floor":30.0},{"not_picked":["True Grit","Clash","Perfected Strike","Cleave"],"picked":"SKIP","floor":31.0}],"player_experience":147622,"relics_obtained":[{"floor":6.0,"key":"Juzu Bracelet"},{"floor":9.0,"key":"Question Card"},{"floor":12.0,"key":"Oddly Smooth Stone"},{"floor":19.0,"key":"Shuriken"},{"floor":25.0,"key":"Mummified Hand"},{"floor":26.0,"key":"Ancient Tea Set"},{"floor":27.0,"key":"Magic Flower"}],"event_choices":[{"event_name":"World of Goop","player_choice":"Gather Gold","floor":2.0,"damage_taken":0.0},{"event_name":"Bonfire Elementals","player_choice":"COMMON","floor":4.0,"damage_taken":0.0},{"event_name":"Drug Dealer","player_choice":"Got JAXXED","floor":29.0,"damage_taken":0.0}],"is_beta":false,"boss_relics":[{"not_picked":["Pandora\u0027s Box","Runic Cube"],"picked":"Cursed Key"}],"items_purged_floors":[22,24],"is_endless":false,"potions_floor_spawned":[3,6,8,10,13,16,18,25,30],"killed_by":"Automaton","ascension_level":1}