{"gold_per_floor":[144,189,189,189,234,324,168,213,263,308,308,353,303,348,348,648,648,693,693],"floor_reached":19,"playtime":2004,"items_purged":["Defend_G"],"score":171,"play_id":"36a96a95-0d90-45a4-9b13-dcc07a869796","local_time":"20180704224130","daily_mods":["Allstar","Midas","Binary"],"is_ascension_mode":false,"campfire_choices":[{"floor":11,"key":"REST"},{"floor":15,"key":"REST"}],"neow_cost":"","seed_source_timestamp":0,"circlet_count":0,"master_deck":["Defend_G","Defend_G","Defend_G","Defend_G","Strike_G","Strike_G+1","Strike_G","Strike_G","Survivor","Neutralize","Swift Strike+1","Bandage Up","Jack Of All Trades","Flash of Steel","Enlightenment","Slice","Dagger Throw","Night Terror","Noxious Fumes","Outmaneuver","A Thousand Cuts","Slice"],"special_seed":17716,"relics":["Ring of the Snake","Bag of Marbles","Oddly Smooth Stone","White Beast Statue"],"potions_floor_usage":[6,6,16,18],"damage_taken":[{"damage":6,"enemies":"Jaw Worm","floor":1,"turns":4},{"damage":0,"enemies":"2 Louse","floor":2,"turns":2},{"damage":1,"enemies":"Cultist","floor":5,"turns":3},{"damage":18,"enemies":"Gremlin Nob","floor":6,"turns":3},{"damage":1,"enemies":"2 Fungi Beasts","floor":8,"turns":3},{"damage":1,"enemies":"Looter","floor":10,"turns":3},{"damage":6,"enemies":"3 Louse","floor":12,"turns":2},{"damage":7,"enemies":"Red Slaver","floor":14,"turns":2},{"damage":44,"enemies":"Hexaghost","floor":16,"turns":10},{"damage":53,"enemies":"2 Thieves","floor":18,"turns":5},{"damage":42,"enemies":"Chosen","floor":19,"turns":4}],"seed_played":"-71874081359169380","potions_obtained":[{"floor":2,"key":"FearPotion"},{"floor":5,"key":"AttackPotion"},{"floor":12,"key":"GhostInAJar"},{"floor":16,"key":"Energy Potion"},{"floor":18,"key":"Dexterity Potion"}],"is_trial":false,"path_per_floor":["M","M","$","?","M","E","$","M","T","M","R","M","?","M","R","B",null,"M"],"character_chosen":"THE_SILENT","items_purchased":["Noxious Fumes"],"campfire_rested":2,"item_purchase_floors":[7],"current_hp_per_floor":[64,68,68,54,57,43,43,46,46,49,70,64,64,57,70,30,70,21,0],"gold":693,"neow_bonus":"","is_prod":false,"is_daily":true,"chose_seed":false,"campfire_upgraded":0,"win_rate":0,"timestamp":1530715290,"path_taken":["M","M","$","?","M","E","$","M","T","M","R","?","?","M","R","BOSS","M","M"],"build_version":"2018-06-28","purchased_purges":1,"victory":false,"max_hp_per_floor":[70,70,70,70,70,70,70,70,70,70,70,70,70,70,70,70,70,70,70],"card_choices":[{"not_picked":["Prepared"],"picked":"Slice","floor":1},{"not_picked":["Endless Agony"],"picked":"Dagger Throw","floor":2},{"not_picked":["Deadly Poison","Dodge and Roll"],"picked":"SKIP","floor":5},{"not_picked":["Dash"],"picked":"Night Terror","floor":6},{"not_picked":["Deflect","Slice"],"picked":"SKIP","floor":8},{"not_picked":["Deflect"],"picked":"Outmaneuver","floor":10},{"not_picked":["Backflip","Leg Sweep"],"picked":"SKIP","floor":12},{"not_picked":["Distraction","Prepared"],"picked":"SKIP","floor":14},{"not_picked":["Burst"],"picked":"A Thousand Cuts","floor":16},{"not_picked":["Outmaneuver"],"picked":"Slice","floor":18}],"player_experience":585620,"relics_obtained":[{"floor":6,"key":"Bag of Marbles"},{"floor":9,"key":"Oddly Smooth Stone"}],"event_choices":[{"event_name":"Shining Light","player_choice":"Entered Light","floor":4,"damage_taken":0},{"event_name":"The Cleric","player_choice":"Card Removal","floor":13,"damage_taken":0}],"boss_relics":[{"not_picked":["Runic Dome","Runic Pyramid"],"picked":"White Beast Statue"}],"items_purged_floors":[7],"is_endless":false,"potions_floor_spawned":[2,5,12,16,18],"killed_by":"Chosen","ascension_level":0}