{"path_per_floor":["M","?","M","$","?","R","$","?","T","R","M","M","M","M","R","B",null,"M","?","M","M","?","E","R","$","T","?","R","M","?","M","R","B",null,"M","$","?","?","M","R","E","R","T","E","M","R","M","M","R","B"],"character_chosen":"IRONCLAD","items_purchased":["Shrug It Off","Regen Potion","Headbutt","Happy Flower","Pen Nib","Singing Bowl","Pear"],"gold_per_floor":[114,114,129,27,102,102,79,79,154,154,169,184,199,214,214,314,314,329,254,269,284,284,314,314,14,14,14,14,29,29,44,44,144,444,459,59,0,0,15,15,45,45,70,100,115,115,130,145,145,145],"floor_reached":51,"campfire_rested":5,"playtime":4356,"current_hp_per_floor":[80,86,82,82,71,71,71,54,54,54,57,59,70,69,69,56,86,74,74,62,50,34,28,53,53,59,59,86,90,90,91,91,54,116,116,126,126,126,124,124,34,72,85,57,58,101,97,94,137,59],"items_purged":[],"gold":145,"score":923,"play_id":"c737b898-4b2b-4ffe-b7d7-6044159f3fef","local_time":"20180317160717","daily_mods":["Allstar","Cursed Run","Hoarder"],"is_prod":false,"is_daily":true,"is_ascension_mode":false,"campfire_upgraded":5,"timestamp":1521274037,"path_taken":["M","?","M","$","?","R","?","?","T","R","?","M","M","M","R","BOSS","M","?","?","M","?","E","R","$","T","?","R","M","?","M","R","BOSS","M","$","?","?","M","R","E","R","T","E","M","R","M","M","R","BOSS"],"build_version":"2018-03-15v2","purchased_purges":0,"victory":true,"master_deck":["Strike_R+1","Strike_R+1","Strike_R+1","Strike_R+1","Defend_R+1","Defend_R+1","Defend_R+1","Defend_R+1","Bandage Up","Bandage Up","Bandage Up","Secret Weapon","Secret Weapon+1","Secret Weapon","Thunderclap","Thunderclap","Thunderclap+1","Regret","Regret","Regret","Seeing Red","Seeing Red","Seeing Red","Shrug It Off+1","Shrug It Off+1","Shrug It Off","Headbutt","Headbutt","Headbutt+1","Armaments","Armaments","Armaments","Immolate","Immolate","Immolate","True Grit+1","True Grit+1","True Grit+1","Thunderclap+1","Thunderclap","Thunderclap","Seeing Red","Seeing Red","Seeing Red","Doubt","Doubt","Doubt","Regret","Regret","Regret","Berserk","Berserk","Berserk","Parasite","Parasite","Parasite","Pain","Pain","Pain","Clumsy","Clumsy","Clumsy","Armaments+1","Armaments","Armaments","Infernal Blade+1","Infernal Blade","Infernal Blade","Clumsy","Clumsy","Clumsy","Feel No Pain+1","Feel No Pain","Feel No Pain","Impervious","Impervious","Impervious","Doubt","Doubt","Doubt"],"max_hp_per_floor":[80,86,86,86,86,86,86,86,86,86,86,86,86,86,86,86,86,86,86,86,86,86,86,86,86,92,92,92,92,92,92,92,98,116,116,126,126,126,126,126,128,128,141,143,145,145,145,145,145,151],"relics":["Cursed Key","Darkstone Periapt","Du-Vu Doll","Omamori","Meat on the Bone","Enchiridion","Ancient Tea Set","Happy Flower","Pen Nib","Bottled Lightning","Nloth\u0027s Gift","Calling Bell","Old Coin","Mummified Hand","Anchor","Singing Bowl","Pear","Red Mask","Shovel","Strawberry","Bag of Preparation"],"card_choices":[{"not_picked":["Havoc","Bloodletting"],"picked":"Thunderclap"},{"not_picked":["Anger","Headbutt"],"picked":"Seeing Red"},{"not_picked":["Combust","Clash"],"picked":"Armaments"},{"not_picked":["Bludgeon","Juggernaut"],"picked":"Immolate"},{"not_picked":["Rage","Clash"],"picked":"True Grit"},{"not_picked":["Havoc","Clothesline"],"picked":"Thunderclap"},{"not_picked":["Twin Strike","Clash"],"picked":"Seeing Red"},{"not_picked":["Feed","Reaper"],"picked":"Berserk"},{"not_picked":["Entrench","Wild Strike"],"picked":"Armaments"},{"not_picked":["Wild Strike","Seeing Red"],"picked":"Infernal Blade"},{"not_picked":["Shrug It Off","Ghostly Armor"],"picked":"Feel No Pain"},{"not_picked":["Inflame","Shrug It Off"],"picked":"Impervious"}],"player_experience":441595,"potions_floor_usage":[13,16,16,21,31,33,33,45,50,50],"damage_taken":[{"damage":0,"enemies":"2 Louse","floor":1,"turns":3},{"damage":12,"enemies":"Jaw Worm","floor":3,"turns":2},{"damage":1,"enemies":"Small Slimes","floor":11,"turns":2},{"damage":6,"enemies":"2 Fungi Beasts","floor":12,"turns":3},{"damage":0,"enemies":"Large Slime","floor":13,"turns":2},{"damage":5,"enemies":"Exordium Wildlife","floor":14,"turns":2},{"damage":27,"enemies":"The Guardian","floor":16,"turns":13},{"damage":12,"enemies":"Shell Parasite","floor":18,"turns":2},{"damage":24,"enemies":"Spheric Guardian","floor":20,"turns":6},{"damage":20,"enemies":"Snake Plant","floor":21,"turns":4},{"damage":30,"enemies":"Gremlin Leader","floor":23,"turns":5},{"damage":0,"enemies":"Chosen and Byrds","floor":29,"turns":3},{"damage":1,"enemies":"Cultist and Chosen","floor":31,"turns":3},{"damage":48,"enemies":"Collector","floor":33,"turns":7},{"damage":0,"enemies":"Orb Walker","floor":35,"turns":1},{"damage":2,"enemies":"3 Shapes","floor":39,"turns":2},{"damage":112,"enemies":"Giant Head","floor":41,"turns":9},{"damage":42,"enemies":"Nemesis","floor":44,"turns":5},{"damage":19,"enemies":"Maw","floor":45,"turns":3},{"damage":4,"enemies":"4 Shapes","floor":47,"turns":1},{"damage":7,"enemies":"3 Darklings","floor":48,"turns":3},{"damage":104,"enemies":"Time Eater","floor":50,"turns":10}],"event_choices":[{"event_name":"Big Fish","player_choice":"Box","floor":2,"damage_taken":0},{"event_name":"World of Goop","player_choice":"Gather Gold","floor":5,"damage_taken":0},{"event_name":"Shining Light","player_choice":"Entered Light","floor":8,"damage_taken":0},{"event_name":"Beggar","player_choice":"Gave Gold","floor":19,"damage_taken":0},{"event_name":"Cursed Tome","player_choice":"Obtained Book","floor":22,"damage_taken":0},{"event_name":"Back to Basics","player_choice":"Simplicity","floor":27,"damage_taken":0},{"event_name":"N\u0027loth","player_choice":"Traded a Mark of Pain","floor":30,"damage_taken":0},{"event_name":"Tomb of Lord Red Mask","player_choice":"Paid","floor":37,"damage_taken":0}],"boss_relics":[{"not_picked":["Velvet Choker","Runic Dome"],"picked":"Mark of Pain"},{"not_picked":["Tiny House","Black Star"],"picked":"Calling Bell"}],"potions_floor_spawned":[3,11,12,20,21,29,31,44,45,48],"seed_played":"8809221095910533381","ascension_level":0,"is_trial":false}