{"gold_per_floor":[110,129,17,17,33,68,68,100,154,154,154,154,141,160,160,239,239,254,52,52,68,10,10,39,39,89,103,153,153],"floor_reached":29,"playtime":1925,"items_purged":["Strike_R"],"score":452,"play_id":"63c2c9dd-f08e-4755-a41a-e7bcc6e04fda","local_time":"20190817234518","is_ascension_mode":true,"campfire_choices":[{"data":"Bash","floor":7,"key":"SMITH"},{"floor":10,"key":"REST"},{"data":"Sword Boomerang","floor":12,"key":"SMITH"},{"floor":15,"key":"REST"},{"data":"Armaments","floor":23,"key":"SMITH"}],"neow_cost":"NONE","seed_source_timestamp":89953211831691,"circlet_count":0,"master_deck":["AscendersBane","Strike_R","Strike_R","Strike_R","Strike_R","Defend_R","Defend_R","Defend_R","Defend_R","Bash+1","Sword Boomerang+1","Rampage+1","Ghostly Armor+1","Limit Break","Flame Barrier","Disarm","Armaments+1","Flame Barrier","Burning Pact"],"relics":["Burning Blood","NeowsBlessing","Matryoshka","Orichalcum","Kunai","Juzu Bracelet","Velvet Choker","Vajra","Gambling Chip","Strawberry","Singing Bowl"],"potions_floor_usage":[8,16,27,27],"damage_taken":[{"damage":0,"enemies":"Jaw Worm","floor":1,"turns":1},{"damage":0,"enemies":"Cultist","floor":2,"turns":1},{"damage":0,"enemies":"Small Slimes","floor":5,"turns":1},{"damage":40,"enemies":"3 Sentries","floor":6,"turns":8},{"damage":25,"enemies":"Gremlin Nob","floor":8,"turns":4},{"damage":13,"enemies":"Exordium Thugs","floor":13,"turns":4},{"damage":14,"enemies":"Gremlin Gang","floor":14,"turns":4},{"damage":29,"enemies":"The Guardian","floor":16,"turns":12},{"damage":30,"enemies":"2 Thieves","floor":18,"turns":5},{"damage":4,"enemies":"Shell Parasite","floor":21,"turns":5},{"damage":40,"enemies":"Book of Stabbing","floor":24,"turns":7},{"damage":11,"enemies":"3 Cultists","floor":27,"turns":7},{"damage":13,"enemies":"Snake Plant","floor":29,"turns":4}],"seed_played":"-7162643976442920603","potions_obtained":[{"floor":5,"key":"EssenceOfSteel"},{"floor":8,"key":"Swift Potion"},{"floor":13,"key":"FearPotion"},{"floor":14,"key":"Dexterity Potion"},{"floor":24,"key":"Explosive Potion"}],"is_trial":false,"path_per_floor":["M","M","$","?","M","E","R","E","T","R","?","R","M","M","R","B",null,"M","$","?","M","$","R","E","?","T","M","?","M"],"character_chosen":"IRONCLAD","items_purchased":["Rampage","Vajra","Flame Barrier","Armaments"],"campfire_rested":2,"item_purchase_floors":[3,19,19,22],"current_hp_per_floor":[74,75,75,75,75,41,41,22,22,44,44,44,37,29,51,28,63,39,39,39,41,41,41,7,7,14,9,9,0],"gold":153,"neow_bonus":"THREE_ENEMY_KILL","is_prod":false,"is_daily":false,"chose_seed":false,"campfire_upgraded":3,"win_rate":0,"timestamp":1566078318,"path_taken":["M","M","$","?","?","E","R","E","T","R","?","R","M","M","R","BOSS","M","$","?","M","?","R","E","?","T","M","?","M"],"build_version":"2019-07-17","purchased_purges":1,"victory":false,"max_hp_per_floor":[75,75,75,75,75,75,75,75,75,75,75,75,75,75,75,75,75,75,75,75,75,75,75,75,75,82,82,82,82],"card_choices":[{"not_picked":["Perfected Strike","Clash","Reckless Charge"],"picked":"SKIP","floor":1},{"not_picked":["Second Wind","Perfected Strike"],"picked":"Sword Boomerang","floor":2},{"not_picked":["Combust","Sword Boomerang","Thunderclap"],"picked":"SKIP","floor":5},{"not_picked":["Infernal Blade","Rupture","Searing Blow"],"picked":"SKIP","floor":6},{"not_picked":["Sword Boomerang","Cleave"],"picked":"Ghostly Armor","floor":8},{"not_picked":["Perfected Strike","Juggernaut","Sword Boomerang"],"picked":"SKIP","floor":13},{"not_picked":["Hemokinesis","Flex","Evolve"],"picked":"SKIP","floor":14},{"not_picked":["Juggernaut","Barricade"],"picked":"Limit Break","floor":16},{"not_picked":["Rampage","Carnage","Thunderclap"],"picked":"SKIP","floor":18},{"not_picked":["Rupture+1","Wild Strike"],"picked":"Disarm","floor":21},{"not_picked":["Warcry","Whirlwind"],"picked":"Flame Barrier","floor":24},{"not_picked":["Infernal Blade","Heavy Blade"],"picked":"Burning Pact","floor":27}],"player_experience":713691,"relics_obtained":[{"floor":6,"key":"Matryoshka"},{"floor":8,"key":"Orichalcum"},{"floor":9,"key":"Kunai"},{"floor":9,"key":"Juzu Bracelet"},{"floor":24,"key":"Gambling Chip"},{"floor":26,"key":"Strawberry"},{"floor":26,"key":"Singing Bowl"}],"event_choices":[{"damage_healed":0,"gold_gain":0,"player_choice":"Forge","damage_taken":0,"max_hp_gain":0,"max_hp_loss":0,"event_name":"Accursed Blacksmith","floor":4,"gold_loss":0,"cards_upgraded":["Rampage"]},{"damage_healed":0,"gold_gain":0,"player_choice":"Grow","damage_taken":0,"max_hp_gain":0,"max_hp_loss":0,"event_name":"Living Wall","floor":11,"gold_loss":0,"cards_upgraded":["Ghostly Armor"]},{"damage_healed":0,"gold_gain":0,"player_choice":"Ignored","damage_taken":0,"max_hp_gain":0,"max_hp_loss":0,"event_name":"Cursed Tome","floor":25,"gold_loss":0},{"damage_healed":0,"gold_gain":50,"player_choice":"Stole From Cult","damage_taken":0,"max_hp_gain":0,"max_hp_loss":0,"event_name":"Nest","floor":28,"gold_loss":0}],"is_beta":false,"boss_relics":[{"not_picked":["Philosopher\u0027s Stone","Orrery"],"picked":"Velvet Choker"}],"items_purged_floors":[3],"is_endless":false,"potions_floor_spawned":[5,8,13,14,24],"killed_by":"Snake Plant","ascension_level":16}