{"gold_per_floor":[115,127,127,138,151,184,194,224,248,248,277,277,304,304,304,403,403,415,403,403],"floor_reached":20,"playtime":1821,"items_purged":[],"score":252,"play_id":"29002619-f36d-4d81-90eb-7a0811d1d054","local_time":"20190915173255","is_ascension_mode":true,"campfire_choices":[{"data":"Fission","floor":10.0,"key":"SMITH"},{"data":"Zap","floor":12.0,"key":"SMITH"},{"data":"Heatsinks","floor":15.0,"key":"SMITH"}],"neow_cost":"NONE","seed_source_timestamp":96326697833900,"circlet_count":0,"master_deck":["Strike_B","Strike_B","Strike_B","Defend_B+1","Defend_B","Defend_B","Defend_B","Zap+1","Dualcast","Conserve Battery","Heatsinks+1","Hologram+1","Redo","Glacier","Fission+1","Compile Driver","Capacitor","Coolheaded","Loop","Machine Learning","Compile Driver","Amplify","Steam","Reinforced Body"],"special_seed":0,"relics":["FrozenCore","Mercury Hourglass","War Paint","Omamori","Odd Mushroom","Smiling Mask"],"potions_floor_usage":[18],"damage_taken":[{"damage":1.0,"enemies":"2 Louse","floor":1.0,"turns":3.0},{"damage":0.0,"enemies":"Cultist","floor":2.0,"turns":3.0},{"damage":0.0,"enemies":"Small Slimes","floor":4.0,"turns":4.0},{"damage":0.0,"enemies":"Red Slaver","floor":5.0,"turns":4.0},{"damage":17.0,"enemies":"3 Sentries","floor":6.0,"turns":9.0},{"damage":15.0,"enemies":"Exordium Wildlife","floor":7.0,"turns":3.0},{"damage":0.0,"enemies":"Lagavulin","floor":8.0,"turns":6.0},{"damage":0.0,"enemies":"The Mushroom Lair","floor":11.0,"turns":3.0},{"damage":80.0,"enemies":"Gremlin Nob","floor":13.0,"turns":7.0},{"damage":4.0,"enemies":"The Guardian","floor":16.0,"turns":12.0},{"damage":35,"enemies":"3 Byrds","floor":18,"turns":5},{"damage":19,"enemies":"2 Thieves","floor":19,"turns":4},{"damage":40,"enemies":"3 Cultists","floor":20,"turns":5}],"seed_played":"-8860612645453431296","potions_obtained":[{"floor":6.0,"key":"AttackPotion"},{"floor":7.0,"key":"FairyPotion"},{"floor":11.0,"key":"AttackPotion"},{"floor":16.0,"key":"Regen Potion"},{"floor":18,"key":"SpeedPotion"}],"is_trial":false,"path_per_floor":["M","M","?","M","M","E","M","E","T","R","?","R","E","?","R","B",null,"M","M","M"],"character_chosen":"DEFECT","items_purchased":[],"campfire_rested":0,"item_purchase_floors":[],"current_hp_per_floor":[81,81,81,81,81,64,49,49,49,49,49,49,24,24,24,20,82,54,35,0],"gold":403,"neow_bonus":"TEN_PERCENT_HP_BONUS","is_prod":false,"is_daily":false,"chose_seed":false,"campfire_upgraded":3,"win_rate":0,"timestamp":1568561575,"path_taken":["M","M","?","M","?","E","M","E","T","R","?","R","E","?","R","BOSS","M","M","M"],"build_version":"2019-09-12","purchased_purges":0,"victory":false,"max_hp_per_floor":[82,82,82,82,82,82,82,82,82,82,82,82,82,82,82,82,82,82,82,82],"card_choices":[{"not_picked":["Rebound","Barrage"],"picked":"Conserve Battery","floor":1.0},{"not_picked":["Turbo","Leap"],"picked":"Heatsinks","floor":2.0},{"not_picked":["Sweeping Beam","Cold Snap"],"picked":"Redo","floor":4.0},{"not_picked":["Go for the Eyes","Gash"],"picked":"Glacier","floor":5.0},{"not_picked":["Auto Shields","Steam"],"picked":"Fission","floor":6.0},{"not_picked":["Streamline","Cold Snap"],"picked":"Compile Driver","floor":7.0},{"not_picked":["Consume","Go for the Eyes"],"picked":"Capacitor","floor":8.0},{"not_picked":["Gash","Cold Snap"],"picked":"Coolheaded","floor":11.0},{"not_picked":["Redo","Multi-Cast"],"picked":"Loop","floor":13.0},{"not_picked":["Multi-Cast","Thunder Strike"],"picked":"Amplify","floor":16.0},{"not_picked":["Undo","Lockon"],"picked":"Steam","floor":18},{"not_picked":["Rebound","Coolheaded"],"picked":"Reinforced Body","floor":19}],"player_experience":234476,"relics_obtained":[{"floor":6.0,"key":"Mercury Hourglass"},{"floor":8.0,"key":"War Paint"},{"floor":9.0,"key":"Omamori"},{"floor":11.0,"key":"Odd Mushroom"},{"floor":13.0,"key":"Smiling Mask"}],"event_choices":[{"damage_healed":0.0,"max_hp_gain":0.0,"max_hp_loss":0.0,"gold_gain":0.0,"cards_transformed":["Strike_B"],"event_name":"Transmorgrifier","player_choice":"Transformed","floor":3.0,"gold_loss":0.0,"damage_taken":0.0,"cards_obtained":["Hologram"]},{"damage_healed":0.0,"max_hp_gain":0.0,"max_hp_loss":0.0,"gold_gain":0.0,"event_name":"Mushrooms","player_choice":"Fought Mushrooms","floor":11.0,"gold_loss":0.0,"damage_taken":0.0},{"damage_healed":0.0,"max_hp_gain":0.0,"max_hp_loss":0.0,"gold_gain":0.0,"event_name":"Match and Keep!","player_choice":"2 cards matched","floor":14.0,"gold_loss":0.0,"damage_taken":0.0,"cards_obtained":["Machine Learning","Compile Driver"]}],"is_beta":true,"boss_relics":[{"not_picked":["Sozu","Coffee Dripper"],"picked":"FrozenCore"}],"items_purged_floors":[],"is_endless":false,"potions_floor_spawned":[6,7,11,16,18],"killed_by":"3 Cultists","ascension_level":3}