{"gold_per_floor":[114,126,136,97,97,97,120,120,145,145,179,195,216,241,241,241],"floor_reached":16,"playtime":1271,"items_purged":[],"score":94,"play_id":"25d10639-38e6-40a5-bcff-ecb1c20c237d","local_time":"20190912003655","is_ascension_mode":false,"campfire_choices":[{"floor":6.0,"key":"REST"},{"data":"ReachHeaven","floor":8.0,"key":"SMITH"},{"data":"Evaluate","floor":10.0,"key":"SMITH"},{"floor":15.0,"key":"REST"}],"neow_cost":"NONE","seed_source_timestamp":2207241948434000,"circlet_count":0,"master_deck":["Strike_P","Strike_P","Strike_P","Strike_P","Defend_P","Defend_P","Defend_P","Defend_P","Eruption","Vigilance","CleanseEvil","ReachHeaven+1","Halt","Swivel","Evaluate+1","FlurryOfBlows","Sanctity","Sanctity","FearNoEvil"],"special_seed":0,"relics":["PureWater","Golden Idol","Oddly Smooth Stone","Odd Mushroom"],"potions_floor_usage":[],"damage_taken":[{"damage":12.0,"enemies":"Jaw Worm","floor":1.0,"turns":2.0},{"damage":6.0,"enemies":"2 Louse","floor":2.0,"turns":6.0},{"damage":0.0,"enemies":"Small Slimes","floor":3.0,"turns":3.0},{"damage":7.0,"enemies":"3 Louse","floor":7.0,"turns":5.0},{"damage":8.0,"enemies":"The Mushroom Lair","floor":11.0,"turns":6.0},{"damage":9.0,"enemies":"Lots of Slimes","floor":12.0,"turns":7.0},{"damage":0.0,"enemies":"Blue Slaver","floor":13.0,"turns":2.0},{"damage":11.0,"enemies":"3 Louse","floor":14.0,"turns":4.0},{"damage":44,"enemies":"The Guardian","floor":16,"turns":10}],"seed_played":"7880415821673542980","potions_obtained":[{"floor":2.0,"key":"SpeedPotion"},{"floor":3.0,"key":"FearPotion"},{"floor":13.0,"key":"FearPotion"},{"floor":14.0,"key":"GamblersBrew"}],"is_trial":false,"path_per_floor":["M","M","M","$","?","R","M","R","T","R","?","M","M","M","R","B"],"character_chosen":"WATCHER","items_purchased":["Swivel"],"campfire_rested":2,"item_purchase_floors":[4],"current_hp_per_floor":[59,53,53,53,36,57,50,50,50,50,42,33,33,22,43,0],"gold":241,"neow_bonus":"TEN_PERCENT_HP_BONUS","is_prod":false,"is_daily":false,"chose_seed":false,"campfire_upgraded":2,"win_rate":0.0,"timestamp":1568263015,"path_taken":["M","M","M","$","?","R","M","R","T","R","?","M","M","M","R","BOSS"],"build_version":"2019-09-10","purchased_purges":0,"victory":false,"max_hp_per_floor":[71,71,71,71,71,71,71,71,71,71,71,71,71,71,71,71],"card_choices":[{"not_picked":["JustLucky","EmptyMind"],"picked":"CleanseEvil","floor":1.0},{"not_picked":["Sanctity","EmptyFist"],"picked":"ReachHeaven","floor":2.0},{"not_picked":["ThirdEye","BowlingBash"],"picked":"Halt","floor":3.0},{"not_picked":["Sanctity","FollowUp"],"picked":"Evaluate","floor":7.0},{"not_picked":["Fasting","ForeignInfluence"],"picked":"FlurryOfBlows","floor":11.0},{"not_picked":["CrushJoints","FlyingSleeves"],"picked":"Sanctity","floor":12.0},{"not_picked":["WaveOfTheHand","FearNoEvil"],"picked":"Sanctity","floor":13.0},{"not_picked":["ThirdEye","Sanctity"],"picked":"FearNoEvil","floor":14.0}],"player_experience":606793,"relics_obtained":[{"floor":9.0,"key":"Oddly Smooth Stone"},{"floor":11.0,"key":"Odd Mushroom"}],"event_choices":[{"damage_healed":0.0,"max_hp_gain":0.0,"max_hp_loss":0.0,"gold_gain":0.0,"event_name":"Golden Idol","player_choice":"Take Damage","floor":5.0,"gold_loss":0.0,"damage_taken":17.0,"relics_obtained":["Golden Idol"]},{"damage_healed":0.0,"max_hp_gain":0.0,"max_hp_loss":0.0,"gold_gain":0.0,"event_name":"Mushrooms","player_choice":"Fought Mushrooms","floor":11.0,"gold_loss":0.0,"damage_taken":0.0}],"is_beta":true,"boss_relics":[],"items_purged_floors":[],"is_endless":false,"potions_floor_spawned":[2,3,13,14],"killed_by":"The Guardian","ascension_level":0}