{"gold_per_floor":[114,114,114,114,167,167,226,151,151,165,185,185,214,28,28,132,132,150,167,49,149,163,163,163,177,203,220,220,248,262,274,274,274],"floor_reached":33,"playtime":1563,"items_purged":["Defend_R"],"score":370,"play_id":"43100c1d-ee6f-4028-9422-61448d532123","local_time":"20190528132941","is_ascension_mode":true,"campfire_choices":[{"floor":6.0,"key":"REST"},{"floor":12.0,"key":"REST"},{"data":"Perfected Strike","floor":15.0,"key":"SMITH"},{"floor":23,"key":"REST"},{"floor":28,"key":"REST"},{"floor":32,"key":"REST"}],"neow_cost":"NONE","seed_source_timestamp":1137478436466291,"circlet_count":0,"master_deck":["Strike_R","Strike_R","Strike_R","Strike_R","Strike_R","Defend_R","Perfected Strike+1","Seeing Red","Cleave","Barricade","Metallicize","Reaper","Metallicize","Rage+1","Flex+1","Perfected Strike"],"special_seed":0,"relics":["Burning Blood","Regal Pillow","Smiling Mask","Blue Candle","Bag of Marbles","Centennial Puzzle","Juzu Bracelet","Odd Mushroom","Pen Nib","Empty Cage","Lantern","Kunai"],"potions_floor_usage":[18,22,22,31,33,33],"damage_taken":[{"damage":15.0,"enemies":"Small Slimes","floor":1.0,"turns":4.0},{"damage":66.0,"enemies":"Gremlin Nob","floor":7.0,"turns":6.0},{"damage":7.0,"enemies":"Jaw Worm","floor":10.0,"turns":2.0},{"damage":3.0,"enemies":"2 Louse","floor":11.0,"turns":2.0},{"damage":10.0,"enemies":"The Mushroom Lair","floor":13.0,"turns":3.0},{"damage":46.0,"enemies":"Slime Boss","floor":16.0,"turns":19.0},{"damage":34,"enemies":"Shell Parasite","floor":18,"turns":5},{"damage":24,"enemies":"Spheric Guardian","floor":19,"turns":5},{"damage":23,"enemies":"Cultist and Chosen","floor":22,"turns":5},{"damage":29,"enemies":"Snecko","floor":25,"turns":5},{"damage":26,"enemies":"Centurion and Healer","floor":27,"turns":14},{"damage":37,"enemies":"Slavers","floor":29,"turns":6},{"damage":31,"enemies":"3 Cultists","floor":30,"turns":6},{"damage":34,"enemies":"Sentry and Sphere","floor":31,"turns":8},{"damage":90,"enemies":"Collector","floor":33,"turns":6}],"seed_played":"1798048628713212636","potions_obtained":[{"floor":10.0,"key":"EntropicBrew"},{"floor":11.0,"key":"Swift Potion"},{"floor":19,"key":"Energy Potion"},{"floor":22,"key":"Dexterity Potion"},{"floor":27,"key":"BloodPotion"},{"floor":31,"key":"Ancient Potion"}],"is_trial":false,"path_per_floor":["M","?","T","?","T","R","?","$","T","M","M","R","?","$","R","B",null,"M","M","$","?","M","R","?","M","T","M","R","E","M","M","R","B"],"character_chosen":"IRONCLAD","items_purchased":["Seeing Red","Metallicize","Pen Nib","Metallicize"],"campfire_rested":5,"item_purchase_floors":[8,14,14,20],"current_hp_per_floor":[63,56,56,49,49,80,20,20,20,19,22,61,57,57,57,17,64,36,18,18,18,9,48,48,29,29,14,53,40,27,7,46,0],"gold":274,"neow_bonus":"RANDOM_COMMON_RELIC","is_prod":false,"is_daily":false,"chose_seed":false,"campfire_upgraded":1,"win_rate":0,"timestamp":1559064581,"path_taken":["M","?","?","?","?","R","?","$","T","M","M","R","?","?","R","BOSS","M","M","$","?","M","R","?","M","T","M","R","E","M","M","R","BOSS"],"build_version":"2019-01-23","purchased_purges":1,"victory":false,"max_hp_per_floor":[80,80,80,80,80,80,80,80,80,80,80,80,80,80,80,80,80,80,80,80,80,80,80,80,80,80,80,80,80,80,80,80,80],"card_choices":[{"not_picked":["Wild Strike","Warcry","Searing Blow"],"picked":"SKIP","floor":1.0},{"not_picked":["Warcry","Cleave"],"picked":"Perfected Strike","floor":7.0},{"not_picked":["Dual Wield","Havoc"],"picked":"Cleave","floor":10.0},{"not_picked":["Ghostly Armor","Clothesline","Disarm"],"picked":"SKIP","floor":11.0},{"not_picked":["Cleave","Infernal Blade"],"picked":"Barricade","floor":13.0},{"not_picked":["Anger","Twin Strike","Sword Boomerang+1"],"picked":"SKIP","floor":18},{"not_picked":["Combust+1","Clothesline"],"picked":"Reaper","floor":19},{"not_picked":["True Grit+1","Iron Wave","Disarm"],"picked":"SKIP","floor":22},{"not_picked":["Thunderclap+1","Whirlwind"],"picked":"Rage+1","floor":25},{"not_picked":["Power Through+1","Iron Wave","Clash"],"picked":"SKIP","floor":27},{"not_picked":["Combust","Blood for Blood","Wild Strike"],"picked":"SKIP","floor":29},{"not_picked":["Dropkick","Havoc"],"picked":"Flex+1","floor":30},{"not_picked":["Warcry","Seeing Red"],"picked":"Perfected Strike","floor":31}],"player_experience":300445,"relics_obtained":[{"floor":3.0,"key":"Blue Candle"},{"floor":5.0,"key":"Bag of Marbles"},{"floor":7.0,"key":"Centennial Puzzle"},{"floor":9.0,"key":"Juzu Bracelet"},{"floor":13.0,"key":"Odd Mushroom"},{"floor":26,"key":"Lantern"},{"floor":29,"key":"Kunai"}],"event_choices":[{"damage_healed":0.0,"max_hp_gain":0.0,"max_hp_loss":0.0,"gold_gain":0.0,"event_name":"Scrap Ooze","player_choice":"Success","floor":2.0,"gold_loss":0.0,"damage_taken":7.0,"relics_obtained":["Smiling Mask"]},{"cards_removed":["Bash"],"damage_healed":0.0,"max_hp_gain":0.0,"max_hp_loss":0.0,"gold_gain":0.0,"event_name":"Golden Wing","player_choice":"Card Removal","floor":4.0,"gold_loss":0.0,"damage_taken":7.0},{"damage_healed":0.0,"max_hp_gain":0.0,"max_hp_loss":0.0,"gold_gain":0.0,"event_name":"Dead Adventurer","player_choice":"Searched \u00272\u0027 times","floor":7.0,"gold_loss":0.0,"damage_taken":0.0},{"damage_healed":0.0,"max_hp_gain":0.0,"max_hp_loss":0.0,"gold_gain":0.0,"event_name":"Mushrooms","player_choice":"Fought Mushrooms","floor":13.0,"gold_loss":0.0,"damage_taken":0.0},{"damage_healed":0,"gold_gain":100,"player_choice":"Pray","damage_taken":0,"max_hp_gain":0,"max_hp_loss":0,"event_name":"Golden Shrine","floor":21,"gold_loss":0},{"damage_healed":0,"gold_gain":0,"player_choice":"Ignored","damage_taken":0,"max_hp_gain":0,"max_hp_loss":0,"event_name":"Vampires","floor":24,"gold_loss":0}],"is_beta":false,"boss_relics":[{"not_picked":["Runic Pyramid","Runic Cube"],"picked":"Empty Cage"}],"items_purged_floors":[20],"is_endless":false,"potions_floor_spawned":[10,11,19,22,27,31],"killed_by":"Collector","ascension_level":9}