{"gold_per_floor":[114,289,304,304,304,304,334,334,334,349,122,152,152,167,167,267,267,282,205,220,235,280,310,310,325,325,188,218,218,24,124,124,224,224,239,13,0,15,15,45,60,60,60,75,90,90,105,120,120,120],"floor_reached":51,"playtime":4706,"items_purged":["Doubt","Normality","Normality","Normality"],"score":902,"play_id":"96fe4648-9f45-4d8b-ae83-1a870dbffe48","local_time":"20180623142939","daily_mods":["Allstar","Cursed Run","Vintage"],"is_ascension_mode":false,"campfire_choices":[{"data":"Enlightenment","floor":6.0,"key":"SMITH"},{"floor":8.0,"key":"REST"},{"data":"Neutralize","floor":13,"key":"SMITH"},{"floor":15,"key":"REST"},{"data":"Storm of Steel","floor":24,"key":"SMITH"},{"data":"Burst","floor":29,"key":"SMITH"},{"data":"Outmaneuver","floor":32,"key":"SMITH"},{"data":"1","floor":42,"key":"LIFT"},{"floor":49,"key":"REST"}],"neow_cost":"","seed_source_timestamp":0,"circlet_count":0,"master_deck":["Survivor+1","Neutralize+1","Master of Strategy+1","Jack Of All Trades","Enlightenment+1","Bandage Up","Master of Strategy","Storm of Steel+1","Quick Slash+1","Clumsy","Dramatic Entrance+1","Dagger Throw+1","Flying Knee+1","Burst+1","Dagger Throw+1","Quick Slash+1","Outmaneuver+1","Endless Agony+1","Backflip","Poisoned Stab+1","Flying Knee+1","Underhanded Strike+1","Flying Knee+1","PiercingWail+1","J.A.X.+1","Crippling Poison+1","Eviscerate+1","Underhanded Strike+1","Noxious Fumes","Venomology+1","Backstab+1","Madness+1","Madness+1","Bane+1","Writhe","Bandage Up+1","Sadistic Nature+1","Trip+1","Doubt"],"special_seed":17704,"relics":["Cursed Key","Darkstone Periapt","Du-Vu Doll","Molten Egg 2","Dream Catcher","Incense Burner","Ornamental Fan","Letter Opener","Vajra","Dodecahedron","Happy Flower","Girya","Pandora\u0027s Box","Gremlin Horn","Mercury Hourglass","Whetstone","Tiny Chest","War Paint","Centennial Puzzle","Juzu Bracelet","Ice Cream","Toxic Egg 2","Black Star","Strawberry","Red Mask","Ancient Tea Set","Gambling Chip","Thread and Needle","Bronze Scales","Paper Crane","Blood Vial","Frozen Egg 2","Bag of Preparation","Lantern"],"potions_floor_usage":[12,12,16,16,16,18,23,33,33,35,35,40,40,41,45,50,50,50],"damage_taken":[{"damage":0.0,"enemies":"Jaw Worm","floor":1.0,"turns":5.0},{"damage":0.0,"enemies":"Small Slimes","floor":3.0,"turns":3.0},{"damage":33.0,"enemies":"3 Sentries","floor":7.0,"turns":13.0},{"damage":0.0,"enemies":"Cultist","floor":10.0,"turns":2.0},{"damage":12,"enemies":"Lagavulin","floor":12,"turns":4},{"damage":0,"enemies":"3 Louse","floor":14,"turns":1},{"damage":5,"enemies":"Slime Boss","floor":16,"turns":10},{"damage":3,"enemies":"Shell Parasite","floor":18,"turns":2},{"damage":0,"enemies":"Chosen","floor":20,"turns":3},{"damage":0,"enemies":"3 Cultists","floor":21,"turns":2},{"damage":3,"enemies":"Cultist and Chosen","floor":22,"turns":2},{"damage":3,"enemies":"Gremlin Leader","floor":23,"turns":2},{"damage":15,"enemies":"Snake Plant","floor":25,"turns":3},{"damage":0,"enemies":"Book of Stabbing","floor":28,"turns":2},{"damage":3,"enemies":"Automaton","floor":33,"turns":4},{"damage":11,"enemies":"Orb Walker","floor":35,"turns":2},{"damage":8,"enemies":"3 Shapes","floor":38,"turns":1},{"damage":15,"enemies":"2 Orb Walkers","floor":40,"turns":3},{"damage":3,"enemies":"3 Darklings","floor":41,"turns":1},{"damage":2,"enemies":"4 Shapes","floor":44,"turns":1},{"damage":4,"enemies":"Maw","floor":45,"turns":6},{"damage":0,"enemies":"Sphere and 2 Shapes","floor":47,"turns":1},{"damage":0,"enemies":"3 Darklings","floor":48,"turns":2},{"damage":4,"enemies":"Donu and Deca","floor":50,"turns":6}],"seed_played":"3074579552746350727","potions_obtained":[{"floor":7.0,"key":"PowerPotion"},{"floor":10.0,"key":"GamblersBrew"},{"floor":12,"key":"GamblersBrew"},{"floor":14,"key":"SkillPotion"},{"floor":16,"key":"AttackPotion"},{"floor":18,"key":"PowerPotion"},{"floor":21,"key":"SteroidPotion"},{"floor":22,"key":"Energy Potion"},{"floor":28,"key":"Block Potion"},{"floor":33,"key":"AttackPotion"},{"floor":35,"key":"GamblersBrew"},{"floor":41,"key":"Regen Potion"},{"floor":48,"key":"Dexterity Potion"}],"is_trial":false,"path_per_floor":["M","?","M","?","?","R","E","R","T","M","$","E","R","M","R","B",null,"M","?","M","M","M","E","R","M","T","$","E","R","$","?","R","B",null,"M","$","?","M","?","E","M","R","T","M","M","?","M","M","R","B"],"character_chosen":"THE_SILENT","items_purchased":["Dramatic Entrance+1","Dagger Throw+1","Eviscerate+1","Noxious Fumes","Backstab+1"],"campfire_rested":3,"item_purchase_floors":[11,11,27,30,36],"current_hp_per_floor":[70,76,76,76,61,61,32,54,60,64,64,56,56,56,80,85,88,85,85,85,85,86,83,83,72,78,78,78,78,78,78,78,85,100,96,96,96,88,75,60,57,57,63,61,78,68,74,82,113,119],"gold":120,"neow_bonus":"","is_prod":false,"is_daily":true,"chose_seed":false,"campfire_upgraded":5,"win_rate":0,"timestamp":1529735379,"path_taken":["M","?","M","?","?","R","E","R","T","M","$","E","R","M","R","BOSS","M","?","M","M","?","E","R","M","T","$","E","R","$","?","R","BOSS","M","$","?","M","?","E","M","R","T","M","M","?","M","M","R","BOSS"],"build_version":"2018-06-21v2","purchased_purges":4,"victory":true,"max_hp_per_floor":[70,76,76,76,76,76,76,76,82,82,82,82,82,82,82,88,88,88,88,88,88,88,88,88,88,94,94,94,94,94,94,94,100,100,107,107,107,107,107,107,107,107,113,113,113,113,113,113,113,119],"card_choices":[{"not_picked":["Dodge and Roll","Acrobatics"],"picked":"Storm of Steel","floor":7.0},{"not_picked":["Well Laid Plans","Sucker Punch+1"],"picked":"Quick Slash+1","floor":8.0},{"not_picked":["Leg Sweep","Bane+1"],"picked":"Flying Knee+1","floor":12},{"not_picked":["Grand Finale+1","Adrenaline"],"picked":"Burst","floor":16},{"not_picked":["Backflip","Footwork"],"picked":"Crippling Poison+1","floor":23},{"not_picked":["Bane+1","Flechettes+1"],"picked":"Underhanded Strike+1","floor":28},{"not_picked":["Doppelganger","Envenom"],"picked":"Venomology","floor":33},{"not_picked":["Dodge and Roll+1","Quick Slash+1"],"picked":"Bane+1","floor":40},{"not_picked":["Purity+1","Dark Shackles+1"],"picked":"Bandage Up+1","floor":46},{"not_picked":["Good Instincts+1","Purity+1"],"picked":"Sadistic Nature+1","floor":46},{"not_picked":["Purity+1","Deep Breath+1"],"picked":"Trip+1","floor":46}],"player_experience":552925,"relics_obtained":[{"floor":1.0,"key":"Molten Egg 2"},{"floor":3.0,"key":"Dream Catcher"},{"floor":7.0,"key":"Ornamental Fan"},{"floor":9.0,"key":"Letter Opener"},{"floor":10.0,"key":"Vajra"},{"floor":12,"key":"Dodecahedron"},{"floor":14,"key":"Happy Flower"},{"floor":16,"key":"Girya"},{"floor":18,"key":"Gremlin Horn"},{"floor":20,"key":"Mercury Hourglass"},{"floor":21,"key":"Whetstone"},{"floor":22,"key":"Tiny Chest"},{"floor":23,"key":"War Paint"},{"floor":25,"key":"Centennial Puzzle"},{"floor":26,"key":"Juzu Bracelet"},{"floor":28,"key":"Ice Cream"},{"floor":33,"key":"Toxic Egg 2"},{"floor":35,"key":"Strawberry"},{"floor":38,"key":"Ancient Tea Set"},{"floor":40,"key":"Gambling Chip"},{"floor":40,"key":"Thread and Needle"},{"floor":41,"key":"Bronze Scales"},{"floor":43,"key":"Paper Crane"},{"floor":44,"key":"Blood Vial"},{"floor":45,"key":"Frozen Egg 2"},{"floor":47,"key":"Bag of Preparation"},{"floor":48,"key":"Lantern"}],"event_choices":[{"event_name":"Liars Game","player_choice":"agreed","floor":2.0,"damage_taken":0.0},{"event_name":"Wheel of Change","player_choice":"Relic","floor":4.0,"damage_taken":0.0},{"event_name":"Shining Light","player_choice":"Entered Light","floor":5.0,"damage_taken":0.0},{"event_name":"Drug Dealer","player_choice":"Got JAXXED","floor":19,"damage_taken":0},{"event_name":"Golden Shrine","player_choice":"Pray","floor":31,"damage_taken":0},{"event_name":"Tomb of Lord Red Mask","player_choice":"Paid","floor":37,"damage_taken":0},{"event_name":"Winding Halls","player_choice":"Embrace Madness","floor":39,"damage_taken":0},{"event_name":"SensoryStone","player_choice":"Memory 3","floor":46,"damage_taken":0}],"boss_relics":[{"not_picked":["Velvet Choker","Ectoplasm"],"picked":"Pandora\u0027s Box"},{"not_picked":["Runic Dome","Snecko Eye"],"picked":"Black Star"}],"items_purged_floors":[11,27,30,36],"is_endless":false,"potions_floor_spawned":[7,10,12,14,16,18,21,22,28,33,35,41,48],"ascension_level":0}