{"path_per_floor":["M","?","M","M","?","R","$","M","T","R","E","?","?","M","R","B",null,"M","$","M","M","?"],"character_chosen":"IRONCLAD","items_purchased":["Shrug It Off","Blood Vial"],"gold_per_floor":[114,114,133,152,152,152,23,42,92,92,130,130,130,149,149,274,274,293,43,62,81,81,81],"floor_reached":23,"campfire_rested":0,"playtime":1314,"current_hp_per_floor":[94,71,68,73,73,73,73,79,79,79,64,64,94,87,87,35,94,86,86,87,62,62,0],"items_purged":["Strike_R","Body Slam"],"gold":81,"score":191,"play_id":"919aa517-856f-43df-8ae9-506ff99ca75b","local_time":"20180415041119","daily_mods":["Heirloom","Lethality","Binary"],"is_prod":false,"is_daily":true,"chose_seed":false,"is_ascension_mode":false,"campfire_upgraded":3,"timestamp":1523736679,"path_taken":["M","?","M","M","?","R","$","M","T","R","E","?","?","M","R","BOSS","M","$","M","M","?","E"],"build_version":"2018-04-12","seed_source_timestamp":0,"purchased_purges":2,"victory":false,"master_deck":["Bash+1","Flex","Cleave+1","Shrug It Off+1","Cleave+1","Juggernaut","Battle Trance","Rampage","Thunderclap","Armaments","Pommel Strike","Heavy Blade"],"max_hp_per_floor":[94,94,94,94,94,94,94,94,94,94,94,94,94,94,94,94,94,94,94,94,94,94,94],"relics":["Burning Blood","Mango","Golden Idol","Ancient Tea Set","Oddly Smooth Stone","Pandora\u0027s Box","Blood Vial"],"card_choices":[{"not_picked":["Body Slam"],"picked":"Flex","floor":1},{"not_picked":["Reckless Charge"],"picked":"Cleave","floor":3},{"not_picked":["Sentinel"],"picked":"Cleave","floor":11},{"not_picked":["Limit Break"],"picked":"Juggernaut","floor":16}],"player_experience":465749,"potions_floor_usage":[4,16,23,23],"damage_taken":[{"damage":0,"enemies":"Small Slimes","floor":1,"turns":3},{"damage":9,"enemies":"Jaw Worm","floor":3,"turns":2},{"damage":1,"enemies":"2 Louse","floor":4,"turns":2},{"damage":0,"enemies":"Lots of Slimes","floor":8,"turns":1},{"damage":21,"enemies":"Lagavulin","floor":11,"turns":5},{"damage":13,"enemies":"Looter","floor":14,"turns":2},{"damage":58,"enemies":"Slime Boss","floor":16,"turns":10},{"damage":14,"enemies":"2 Thieves","floor":18,"turns":2},{"damage":7,"enemies":"Spheric Guardian","floor":20,"turns":3},{"damage":33,"enemies":"Snake Plant","floor":21,"turns":5},{"damage":73,"enemies":"Slavers","floor":23,"turns":4}],"event_choices":[{"event_name":"Golden Idol","player_choice":"Take Damage","floor":2,"damage_taken":0},{"event_name":"Living Wall","player_choice":"Forget","floor":5,"damage_taken":0},{"event_name":"Upgrade Shrine","player_choice":"Upgraded","floor":12,"damage_taken":0},{"event_name":"Big Fish","player_choice":"Banana","floor":13,"damage_taken":0},{"event_name":"Addict","player_choice":"Ignored","floor":22,"damage_taken":0}],"boss_relics":[{"not_picked":["Ectoplasm","Runic Pyramid"],"picked":"Pandora\u0027s Box"}],"potions_floor_spawned":[3,14,20,21],"seed_played":"8258766859312975591","killed_by":"Slavers","ascension_level":0,"is_trial":false}