{"gold_per_floor":[118,134,134,153,170,170,180,206,231,243,276,29,29,29,29,108,108,127,127,142,142,18,49,49,74,99,113,113,124,124,135,135,209,209,219,230,64,64,64,64,98,109,133,147,47,47,47,147,147,147,147],"floor_reached":52,"playtime":3542,"items_purged":["Rupture","Strike_R"],"score":1860,"play_id":"faa6be2c-c759-4400-b409-9bc4d1fd6282","local_time":"20190913215747","is_ascension_mode":true,"campfire_choices":[{"data":"Feed","floor":6,"key":"SMITH"},{"data":"True Grit","floor":13,"key":"SMITH"},{"floor":15,"key":"REST"},{"floor":24,"key":"REST"},{"floor":28,"key":"REST"},{"floor":30,"key":"REST"},{"data":"Heavy Blade","floor":32,"key":"SMITH"},{"data":"Double Tap","floor":40,"key":"SMITH"},{"floor":47,"key":"REST"},{"data":"Demon Form","floor":49,"key":"SMITH"}],"neow_cost":"NONE","seed_source_timestamp":696842630859200,"circlet_count":0,"master_deck":["AscendersBane","Strike_R","Defend_R+1","Defend_R","Defend_R+1","Defend_R","Bash+1","Feel No Pain","Feed+1","Heavy Blade+1","Whirlwind","Demon Form+1","Hemokinesis","True Grit+1","Impervious","Shockwave","Double Tap+1","Cleave+1","Disarm","Ghostly Armor","Corruption","Pummel+1","Ghostly Armor+1","Fiend Fire","Dual Wield","Dark Shackles","Armaments+1","Shrug It Off","Panacea"],"relics":["Burning Blood","NeowsBlessing","Gambling Chip","War Paint","Centennial Puzzle","Brimstone","Bronze Scales","Black Star","PreservedInsect","Blood Vial","Juzu Bracelet","Dodecahedron","Ancient Tea Set","Snecko Eye","Sundial","Art of War","Whetstone","Prayer Wheel"],"potions_floor_usage":[8,8,11,23,23,27,50,51],"damage_taken":[{"damage":0,"enemies":"Small Slimes","floor":1,"turns":1},{"damage":0,"enemies":"Cultist","floor":2,"turns":1},{"damage":0,"enemies":"2 Louse","floor":4,"turns":1},{"damage":9,"enemies":"Looter","floor":5,"turns":3},{"damage":11,"enemies":"3 Louse","floor":7,"turns":3},{"damage":20,"enemies":"Lagavulin","floor":8,"turns":6},{"damage":0,"enemies":"Lots of Slimes","floor":10,"turns":1},{"damage":22,"enemies":"3 Sentries","floor":11,"turns":8},{"damage":17,"enemies":"Slime Boss","floor":16,"turns":5},{"damage":13,"enemies":"2 Thieves","floor":18,"turns":4},{"damage":26,"enemies":"Spheric Guardian","floor":20,"turns":4},{"damage":55,"enemies":"Slavers","floor":23,"turns":6},{"damage":48,"enemies":"Book of Stabbing","floor":25,"turns":5},{"damage":15,"enemies":"Snake Plant","floor":27,"turns":3},{"damage":3,"enemies":"Chosen and Byrds","floor":29,"turns":3},{"damage":35,"enemies":"Cultist and Chosen","floor":31,"turns":7},{"damage":50,"enemies":"Champ","floor":33,"turns":9},{"damage":20,"enemies":"3 Darklings","floor":35,"turns":4},{"damage":0,"enemies":"Orb Walker","floor":36,"turns":2},{"damage":9,"enemies":"Giant Head","floor":41,"turns":5},{"damage":9,"enemies":"Transient","floor":42,"turns":6},{"damage":25,"enemies":"3 Darklings","floor":44,"turns":2},{"damage":0,"enemies":"Mind Bloom Boss Battle","floor":48,"turns":5},{"damage":11,"enemies":"Donu and Deca","floor":50,"turns":6},{"damage":91,"enemies":"Awakened One","floor":51,"turns":8}],"seed_played":"-1672995879877010541","potions_obtained":[{"floor":4,"key":"AttackPotion"},{"floor":5,"key":"SkillPotion"},{"floor":10,"key":"Fire Potion"},{"floor":11,"key":"EssenceOfSteel"},{"floor":16,"key":"FearPotion"},{"floor":20,"key":"EssenceOfSteel"},{"floor":25,"key":"Fire Potion"},{"floor":31,"key":"Explosive Potion"},{"floor":35,"key":"Fire Potion"},{"floor":38,"key":"Block Potion"},{"floor":38,"key":"GamblersBrew"}],"is_trial":false,"path_per_floor":["M","M","?","M","M","R","M","E","T","M","E","$","R","?","R","B",null,"M","?","M","?","$","E","R","E","T","M","R","M","R","M","R","B",null,"M","M","$","?","?","R","E","M","T","M","$","?","R","?","R","B","B",null],"character_chosen":"IRONCLAD","items_purchased":["True Grit","Brimstone","Ghostly Armor","Corruption","Dark Shackles"],"campfire_rested":5,"item_purchase_floors":[12,12,22,22,37],"current_hp_per_floor":[74,75,75,75,75,75,74,60,60,66,54,54,54,49,74,63,80,77,77,57,75,75,30,58,18,18,15,44,49,78,55,55,13,80,68,76,76,76,76,76,75,74,74,57,57,52,82,90,90,87,8],"gold":147,"neow_bonus":"THREE_ENEMY_KILL","is_prod":false,"is_daily":false,"chose_seed":false,"campfire_upgraded":5,"win_rate":0,"timestamp":1568437067,"path_taken":["M","M","?","M","?","R","M","E","T","M","E","$","R","?","R","BOSS","M","?","M","?","$","E","R","E","T","M","R","M","R","M","R","BOSS","M","M","$","?","?","R","E","M","T","M","?","?","R","?","R","BOSS","BOSS"],"build_version":"2019-07-17","purchased_purges":2,"victory":true,"max_hp_per_floor":[75,75,75,75,78,78,82,82,82,82,86,86,86,86,86,86,86,90,90,90,90,90,94,94,94,94,98,98,98,98,102,102,102,102,102,102,102,102,102,102,102,102,102,102,102,102,102,102,102,102,106],"card_choices":[{"not_picked":["Sword Boomerang","Second Wind"],"picked":"Rupture","floor":1},{"not_picked":["Second Wind","Armaments"],"picked":"Feel No Pain","floor":2},{"not_picked":["Wild Strike","Armaments"],"picked":"Feed","floor":4},{"not_picked":["Second Wind","Wild Strike"],"picked":"Heavy Blade","floor":5},{"not_picked":["Body Slam","Flex"],"picked":"Whirlwind","floor":7},{"not_picked":["Armaments","Havoc"],"picked":"Demon Form","floor":8},{"not_picked":["Flex","Thunderclap","Seeing Red"],"picked":"SKIP","floor":10},{"not_picked":["Pommel Strike","Wild Strike"],"picked":"Hemokinesis","floor":11},{"not_picked":["Bludgeon","Dark Embrace"],"picked":"Impervious","floor":16},{"not_picked":["Clash","Second Wind"],"picked":"Shockwave","floor":18},{"not_picked":["Blood for Blood","Sentinel"],"picked":"Disarm","floor":20},{"not_picked":["Pommel Strike","Cleave","Berserk"],"picked":"SKIP","floor":23},{"not_picked":["Heavy Blade","Evolve"],"picked":"Pummel","floor":25},{"not_picked":["Dropkick","Twin Strike+1","Burning Pact+1"],"picked":"SKIP","floor":27},{"not_picked":["Sever Soul","Shockwave","Headbutt"],"picked":"SKIP","floor":29},{"not_picked":["Perfected Strike","Wild Strike"],"picked":"Ghostly Armor+1","floor":31},{"not_picked":["Barricade","Demon Form"],"picked":"Fiend Fire","floor":33},{"not_picked":["True Grit","Body Slam","Thunderclap"],"picked":"SKIP","floor":35},{"not_picked":["Burning Pact","Flex"],"picked":"Dual Wield","floor":36},{"not_picked":["Metallicize+1","Body Slam+1"],"picked":"Armaments+1","floor":41},{"not_picked":["Double Tap","Clothesline","Carnage"],"picked":"SKIP","floor":42},{"not_picked":["Pommel Strike","Cleave"],"picked":"Shrug It Off","floor":44},{"not_picked":["Deep Breath","Madness"],"picked":"Panacea","floor":46}],"player_experience":959946,"relics_obtained":[{"floor":8,"key":"Gambling Chip"},{"floor":9,"key":"War Paint"},{"floor":11,"key":"Centennial Puzzle"},{"floor":23,"key":"PreservedInsect"},{"floor":23,"key":"Blood Vial"},{"floor":25,"key":"Juzu Bracelet"},{"floor":25,"key":"Dodecahedron"},{"floor":26,"key":"Ancient Tea Set"},{"floor":41,"key":"Sundial"},{"floor":41,"key":"Art of War"},{"floor":43,"key":"Whetstone"},{"floor":48,"key":"Prayer Wheel"}],"event_choices":[{"damage_healed":0,"gold_gain":0,"player_choice":"Upgraded","damage_taken":0,"max_hp_gain":0,"max_hp_loss":0,"event_name":"Upgrade Shrine","floor":3,"gold_loss":0,"cards_upgraded":["Bash"]},{"damage_healed":0,"gold_gain":0,"player_choice":"Success","damage_taken":5,"relics_obtained":["Bronze Scales"],"max_hp_gain":0,"max_hp_loss":0,"event_name":"Scrap Ooze","floor":14,"gold_loss":0},{"damage_healed":0,"gold_gain":0,"cards_transformed":["Strike_R","Strike_R"],"player_choice":"Became Test Subject","damage_taken":0,"max_hp_gain":0,"max_hp_loss":0,"event_name":"Drug Dealer","floor":19,"gold_loss":0,"cards_obtained":["Double Tap","Cleave"]},{"damage_healed":18,"gold_gain":0,"player_choice":"Heal","damage_taken":0,"max_hp_gain":0,"max_hp_loss":0,"event_name":"The Library","floor":21,"gold_loss":0},{"damage_healed":0,"gold_gain":0,"player_choice":"Got Potions","damage_taken":0,"max_hp_gain":0,"max_hp_loss":0,"event_name":"Lab","floor":38,"gold_loss":0},{"cards_removed":["Strike_R"],"damage_healed":0,"gold_gain":0,"player_choice":"Offered Basic","damage_taken":0,"max_hp_gain":0,"max_hp_loss":0,"event_name":"Bonfire Elementals","floor":39,"gold_loss":0},{"damage_healed":0,"gold_gain":0,"player_choice":"Memory 2","damage_taken":5,"max_hp_gain":0,"max_hp_loss":0,"event_name":"SensoryStone","floor":46,"gold_loss":0},{"damage_healed":0,"gold_gain":0,"player_choice":"Fight","damage_taken":0,"max_hp_gain":0,"max_hp_loss":0,"event_name":"MindBloom","floor":48,"gold_loss":0}],"is_beta":false,"boss_relics":[{"not_picked":["White Beast Statue","Lizard Tail"],"picked":"Black Star"},{"not_picked":["Velvet Choker","Cursed Key"],"picked":"Snecko Eye"}],"items_purged_floors":[37,45],"is_endless":false,"potions_floor_spawned":[4,5,10,11,16,20,25,31,35,41,42,48],"ascension_level":20}