{"gold_per_floor":[117,135,135,152,171,171,171,171,171,171,191,191,208,208,208,303,303,318,334,433,358,369,402,402,434,509,509,279,309,309,325,325,430,430,445,167,167,186,200,200,216,216,289,289,313,325,352,377,389,401],"floor_reached":51,"playtime":2267,"items_purged":[],"score":727,"play_id":"47482b78-e651-4cf5-a310-146800208341","local_time":"20190615152848","is_ascension_mode":false,"campfire_choices":[{"data":"Dagger Spray","floor":6.0,"key":"SMITH"},{"data":"Backstab","floor":8.0,"key":"SMITH"},{"data":"Night Terror","floor":10.0,"key":"SMITH"},{"data":"Noxious Fumes","floor":15.0,"key":"SMITH"},{"floor":24,"key":"REST"},{"floor":27,"key":"REST"},{"data":"Backflip","floor":30,"key":"SMITH"},{"data":"Prepared","floor":32,"key":"SMITH"},{"floor":40,"key":"REST"},{"data":"Prepared","floor":42,"key":"SMITH"},{"data":"Neutralize","floor":44,"key":"SMITH"},{"floor":49,"key":"REST"}],"neow_cost":"NONE","seed_source_timestamp":143572838420290,"circlet_count":0,"master_deck":["Defend_G","Defend_G","Defend_G","Defend_G","Defend_G","Strike_G+1","Survivor","Neutralize+1","Prepared+1","Backstab+1","Flying Knee+1","Dagger Spray+1","Blur+1","Noxious Fumes+1","Die Die Die+1","Prepared+1","Deadly Poison+1","Backstab+1","Predator+1","Dash+1","Parasite","Backflip+1","Riddle With Holes+1","Tactician","Glass Knife+1","Blur+1","Quick Slash+1","Deflect","Backstab+1","Escape Plan+1","Bane+1","Clumsy","Normality","Dodge and Roll+1","Sucker Punch+1"],"special_seed":0,"relics":["Ring of the Snake","NeowsBlessing","Molten Egg 2","Whetstone","Cursed Key","Blue Candle","Torii","Gremlin Horn","Lee\u0027s Waffle","Red Mask","Empty Cage","Toy Ornithopter","Bottled Tornado","MawBank"],"potions_floor_usage":[16,25,50,50],"damage_taken":[{"damage":0.0,"enemies":"Cultist","floor":1.0,"turns":1.0},{"damage":0.0,"enemies":"Small Slimes","floor":2.0,"turns":1.0},{"damage":0.0,"enemies":"2 Louse","floor":4.0,"turns":1.0},{"damage":6.0,"enemies":"Gremlin Gang","floor":5.0,"turns":5.0},{"damage":0.0,"enemies":"2 Fungi Beasts","floor":11.0,"turns":2.0},{"damage":0.0,"enemies":"Looter","floor":13.0,"turns":3.0},{"damage":18,"enemies":"Hexaghost","floor":16,"turns":11},{"damage":7,"enemies":"3 Byrds","floor":18,"turns":5},{"damage":14,"enemies":"Spheric Guardian","floor":19,"turns":4},{"damage":20,"enemies":"Shelled Parasite and Fungi","floor":22,"turns":7},{"damage":29,"enemies":"Gremlin Leader","floor":23,"turns":7},{"damage":10,"enemies":"Book of Stabbing","floor":25,"turns":4},{"damage":1,"enemies":"Masked Bandits","floor":29,"turns":3},{"damage":0,"enemies":"Snecko","floor":31,"turns":3},{"damage":68,"enemies":"Automaton","floor":33,"turns":12},{"damage":0,"enemies":"3 Shapes","floor":35,"turns":3},{"damage":7,"enemies":"3 Darklings","floor":38,"turns":4},{"damage":21,"enemies":"Maw","floor":39,"turns":8},{"damage":0,"enemies":"Jaw Worm Horde","floor":41,"turns":4},{"damage":20,"enemies":"Spire Growth","floor":47,"turns":4},{"damage":1,"enemies":"3 Darklings","floor":48,"turns":4},{"damage":62,"enemies":"Awakened One","floor":50,"turns":20}],"seed_played":"5182252960237911434","potions_obtained":[{"floor":5.0,"key":"Dexterity Potion"},{"floor":16,"key":"Fire Potion"},{"floor":19,"key":"FairyPotion"},{"floor":22,"key":"Explosive Potion"},{"floor":25,"key":"Regen Potion"},{"floor":29,"key":"GhostInAJar"}],"is_trial":false,"path_per_floor":["M","M","?","M","M","R","?","R","T","R","M","?","M","?","R","B",null,"M","M","?","?","M","E","R","E","T","R","$","?","R","M","R","B",null,"M","$","?","M","M","R","M","R","T","R","T","?","M","M","R","B",null],"character_chosen":"THE_SILENT","items_purchased":["Lee\u0027s Waffle","Backflip","Toy Ornithopter","Quick Slash+1","Deflect"],"campfire_rested":4,"item_purchase_floors":[28,28,36,36,36],"current_hp_per_floor":[70,70,70,70,64,64,64,64,64,64,64,64,64,80,80,62,80,73,59,59,59,39,10,34,24,24,48,87,86,86,86,86,18,87,87,87,87,80,59,85,85,85,85,85,85,83,63,62,83,31],"gold":413,"neow_bonus":"THREE_ENEMY_KILL","is_prod":false,"is_daily":false,"chose_seed":false,"campfire_upgraded":8,"win_rate":0,"timestamp":1560626928,"path_taken":["M","?","?","M","?","R","?","R","T","R","?","?","M","?","R","BOSS","M","?","?","?","M","E","R","E","T","R","$","?","R","M","R","BOSS","M","$","?","?","M","R","M","R","T","R","?","?","M","M","R","BOSS"],"build_version":"2019-01-23","purchased_purges":0,"victory":true,"max_hp_per_floor":[70,70,70,70,70,70,70,70,70,70,70,70,70,80,80,80,80,80,80,80,80,80,80,80,80,80,80,87,87,87,87,87,87,87,87,87,87,87,87,87,87,87,87,87,87,83,83,83,83,83],"card_choices":[{"not_picked":["Prepared","All Out Attack"],"picked":"Flying Knee","floor":1.0},{"not_picked":["Cloak And Dagger","Underhanded Strike"],"picked":"Prepared","floor":2.0},{"not_picked":["Underhanded Strike","Slice"],"picked":"Flying Knee","floor":4.0},{"not_picked":["Glass Knife","Cloak And Dagger"],"picked":"Dagger Spray","floor":5.0},{"not_picked":["Poisoned Stab+1","Choke+1"],"picked":"Blur","floor":11.0},{"not_picked":["Masterful Stab+1","Reflex"],"picked":"Noxious Fumes","floor":13.0},{"not_picked":["Storm of Steel","Bullet Time"],"picked":"Die Die Die+1","floor":16},{"not_picked":["Accuracy","Cloak And Dagger+1"],"picked":"Prepared","floor":18},{"not_picked":["Riddle With Holes+1","Backflip"],"picked":"Deadly Poison+1","floor":19},{"not_picked":["Poisoned Stab+1","Well Laid Plans"],"picked":"Backstab+1","floor":22},{"not_picked":["Terror","Well Laid Plans"],"picked":"Predator+1","floor":23},{"not_picked":["Backflip","Deflect"],"picked":"Dash+1","floor":25},{"not_picked":["Poisoned Stab+1","Cloak And Dagger"],"picked":"Riddle With Holes+1","floor":29},{"not_picked":["Infinite Blades+1","Night Terror"],"picked":"Tactician","floor":31},{"not_picked":["Burst","A Thousand Cuts"],"picked":"Glass Knife+1","floor":33},{"not_picked":["Cloak And Dagger+1","Deflect+1"],"picked":"Blur+1","floor":35},{"not_picked":["Tactician+1","Flying Knee+1"],"picked":"Escape Plan+1","floor":38},{"not_picked":["Accuracy+1","Acrobatics+1","Blade Dance"],"picked":"SKIP","floor":39},{"not_picked":["Dodge and Roll+1","Poisoned Stab+1"],"picked":"Bane+1","floor":41},{"not_picked":["Bane+1","Deadly Poison+1"],"picked":"Dodge and Roll+1","floor":47},{"not_picked":["Infinite Blades","Concentrate+1"],"picked":"Sucker Punch+1","floor":48}],"player_experience":369948,"relics_obtained":[{"floor":9.0,"key":"Whetstone"},{"floor":23,"key":"Blue Candle"},{"floor":25,"key":"Torii"},{"floor":26,"key":"Gremlin Horn"},{"floor":29,"key":"Red Mask"},{"floor":43,"key":"Bottled Tornado"},{"floor":45,"key":"MawBank"}],"event_choices":[{"damage_healed":0.0,"max_hp_gain":0.0,"max_hp_loss":0.0,"gold_gain":0.0,"event_name":"Match and Keep!","player_choice":"2 cards matched","floor":3.0,"gold_loss":0.0,"damage_taken":0.0,"cards_obtained":["Night Terror","Backstab"]},{"cards_removed":["Flying Knee"],"damage_healed":0.0,"max_hp_gain":0.0,"max_hp_loss":0.0,"gold_gain":0.0,"event_name":"WeMeetAgain","player_choice":"Gave Card","floor":7.0,"gold_loss":0.0,"damage_taken":0.0,"relics_obtained":["Molten Egg 2"]},{"damage_healed":0.0,"max_hp_gain":0.0,"max_hp_loss":0.0,"gold_gain":0.0,"event_name":"Living Wall","player_choice":"Grow","floor":12.0,"gold_loss":0.0,"damage_taken":0.0,"cards_upgraded":["Blur"]},{"cards_removed":["Night Terror"],"damage_healed":6.0,"max_hp_gain":10.0,"max_hp_loss":0.0,"gold_gain":0.0,"event_name":"Bonfire Elementals","player_choice":"Offered Rare","floor":14.0,"gold_loss":0.0,"damage_taken":0.0},{"damage_healed":0,"gold_gain":99,"player_choice":"Stole From Cult","damage_taken":0,"max_hp_gain":0,"max_hp_loss":0,"event_name":"Nest","floor":20,"gold_loss":0},{"cards_removed":["Strike_G"],"damage_healed":0,"gold_gain":0,"player_choice":"Gave Gold","damage_taken":0,"max_hp_gain":0,"max_hp_loss":0,"event_name":"Beggar","floor":21,"gold_loss":75},{"damage_healed":0,"gold_gain":0,"player_choice":"Fought Bandits","damage_taken":0,"max_hp_gain":0,"max_hp_loss":0,"event_name":"Masked Bandits","floor":29,"gold_loss":0},{"damage_healed":0,"gold_gain":0,"cards_transformed":["Strike_G"],"player_choice":"Transformed","damage_taken":0,"max_hp_gain":0,"max_hp_loss":0,"event_name":"Transmorgrifier","floor":37,"gold_loss":0,"cards_obtained":["Backstab"]},{"damage_healed":0,"gold_gain":0,"player_choice":"Max HP","damage_taken":0,"max_hp_gain":0,"max_hp_loss":4,"event_name":"Winding Halls","floor":46,"gold_loss":0}],"is_beta":false,"boss_relics":[{"not_picked":["Orrery","Lizard Tail"],"picked":"Cursed Key"},{"not_picked":["Fusion Hammer","Tiny House"],"picked":"Empty Cage"}],"items_purged_floors":[],"is_endless":false,"potions_floor_spawned":[5,16,19,22,25,29,35,47],"ascension_level":0}