{"gold_per_floor":[110,110,130,130,55,69,69,19,45,58,58,71,71,98,98,98],"floor_reached":16,"playtime":930,"items_purged":["Pain"],"score":100,"play_id":"dc771321-b3bf-47aa-88e1-30973b274b28","local_time":"20190813131635","is_ascension_mode":false,"campfire_choices":[{"data":"Cloak And Dagger","floor":7,"key":"SMITH"},{"data":"Dodge and Roll","floor":11,"key":"SMITH"},{"floor":15,"key":"REST"}],"neow_cost":"NONE","seed_source_timestamp":1191444991225212,"circlet_count":0,"master_deck":["Strike_G","Strike_G","Strike_G","Strike_G","Defend_G","Defend_G","Defend_G","Defend_G","Survivor","Neutralize","Cloak And Dagger+1","Regret","Footwork","Endless Agony","Dodge and Roll+1","Doppelganger","Calculated Gamble"],"relics":["Ring of the Snake","Paper Crane","WarpedTongs","Juzu Bracelet","Mercury Hourglass"],"potions_floor_usage":[14,16],"damage_taken":[{"damage":7,"enemies":"Small Slimes","floor":1,"turns":4},{"damage":2,"enemies":"2 Louse","floor":3,"turns":4},{"damage":2,"enemies":"Cultist","floor":6,"turns":4},{"damage":4,"enemies":"Looter","floor":10,"turns":3},{"damage":2,"enemies":"Blue Slaver","floor":12,"turns":4},{"damage":38,"enemies":"Gremlin Nob","floor":14,"turns":5},{"damage":37,"enemies":"Hexaghost","floor":16,"turns":15}],"seed_played":"-7999885143117531444","potions_obtained":[{"floor":10,"key":"FearPotion"},{"floor":12,"key":"Strength Potion"}],"is_trial":false,"path_per_floor":["M","?","M","?","$","M","R","?","T","M","R","M","$","E","R","B"],"character_chosen":"THE_SILENT","items_purchased":[],"campfire_rested":1,"item_purchase_floors":[],"current_hp_per_floor":[63,63,61,61,61,59,59,59,59,55,55,53,53,15,36,0],"gold":98,"neow_bonus":"REMOVE_CARD","is_prod":false,"is_daily":false,"chose_seed":false,"campfire_upgraded":2,"win_rate":0.0,"timestamp":1565720195,"path_taken":["M","?","M","?","$","?","R","?","T","M","R","M","$","E","R","BOSS"],"build_version":"2019-07-17","purchased_purges":1,"victory":false,"max_hp_per_floor":[70,70,70,70,70,70,70,70,70,70,70,70,70,70,70,70],"card_choices":[{"not_picked":["Quick Slash","Distraction"],"picked":"Cloak And Dagger","floor":1},{"not_picked":["Sucker Punch","Bane"],"picked":"Footwork","floor":3},{"not_picked":["Acrobatics","Deadly Poison"],"picked":"Endless Agony","floor":6},{"not_picked":["Endless Agony","Flying Knee"],"picked":"Dodge and Roll","floor":10},{"not_picked":["Slice","Prepared"],"picked":"Doppelganger","floor":12},{"not_picked":["Slice","Skewer"],"picked":"Calculated Gamble","floor":14}],"player_experience":169786,"relics_obtained":[{"floor":9,"key":"Juzu Bracelet"},{"floor":14,"key":"Mercury Hourglass"}],"event_choices":[{"damage_healed":0,"gold_gain":0,"player_choice":"Box","damage_taken":0,"relics_obtained":["Paper Crane"],"max_hp_gain":0,"max_hp_loss":0,"event_name":"Big Fish","floor":2,"gold_loss":0,"cards_obtained":["Regret"]},{"damage_healed":0,"gold_gain":0,"player_choice":"Rummage","damage_taken":0,"relics_obtained":["WarpedTongs"],"max_hp_gain":0,"max_hp_loss":0,"event_name":"Accursed Blacksmith","floor":4,"gold_loss":0,"cards_obtained":["Pain"]},{"cards_removed":["Strike_G"],"damage_healed":0,"gold_gain":0,"player_choice":"Card Removal","damage_taken":0,"max_hp_gain":0,"max_hp_loss":0,"event_name":"The Cleric","floor":8,"gold_loss":50}],"is_beta":false,"boss_relics":[],"items_purged_floors":[5],"is_endless":false,"potions_floor_spawned":[10,12],"killed_by":"Hexaghost","ascension_level":0}