{"gold_per_floor":[144,174,174,174,223,321,370,370,395,39,39,39,88,186,186,511,609,658,707,622,72,121,219,268,307,357,282,357,357,406,455,455,780,780,829,829,629,629,329,329,378,378,453,6,55,104,104,104,104,104],"floor_reached":51,"playtime":6233,"items_purged":[],"score":975,"play_id":"a3e4e38c-aa4b-4ac8-b301-2910d92849af","local_time":"20180711011530","daily_mods":["Brewmaster","Cursed Run","Midas"],"is_ascension_mode":false,"campfire_choices":[{"floor":8.0,"key":"REST"},{"floor":15.0,"key":"REST"},{"floor":29,"key":"DIG"},{"floor":32,"key":"REST"},{"floor":40,"key":"DIG"},{"floor":42,"key":"DIG"},{"floor":47,"key":"DIG"},{"floor":49,"key":"DIG"}],"neow_cost":"","seed_source_timestamp":0,"circlet_count":0,"master_deck":["Defend_G","Defend_G","Defend_G","Defend_G","Strike_G","Strike_G","Strike_G","Strike_G","Survivor","Neutralize","Venomology","Venomology","Venomology","Venomology","Venomology","Leg Sweep","Injury","Flechettes","Concentrate","Writhe","Apotheosis+1","Bullet Time","Parasite","Envenom","Pain","Corpse Explosion","Distraction","Skewer","Crippling Poison","Malaise","Underhanded Strike+1","Adrenaline+1","Clumsy","Phantasmal Killer+1","Deflect+1","Concentrate+1","Doubt","Master of Strategy+1","Noxious Fumes+1","Regret"],"special_seed":17721,"relics":["Cursed Key","Darkstone Periapt","Du-Vu Doll","White Beast Statue","Tiny Chest","Golden Idol","Ice Cream","Bag of Preparation","Happy Flower","Tiny House","Lantern","Mercury Hourglass","Shovel","Omamori","Red Mask","Dream Catcher","Toxic Egg 2","Centennial Puzzle","Fusion Hammer","TwistedFunnel","Mango","Sundial","Unceasing Top","Bottled Tornado","Gremlin Horn","Turnip","Meat on the Bone"],"potions_floor_usage":[31,31,33,33,33,33,33,33,33,41,41,45,45,46,50,50,50,50,50,50],"damage_taken":[{"damage":10.0,"enemies":"Small Slimes","floor":1.0,"turns":5.0},{"damage":0.0,"enemies":"Jaw Worm","floor":5.0,"turns":5.0},{"damage":8.0,"enemies":"3 Sentries","floor":6.0,"turns":9.0},{"damage":0.0,"enemies":"2 Louse","floor":7.0,"turns":2.0},{"damage":0.0,"enemies":"Large Slime","floor":13.0,"turns":3.0},{"damage":0.0,"enemies":"Gremlin Nob","floor":14.0,"turns":3.0},{"damage":27.0,"enemies":"Hexaghost","floor":16.0,"turns":11.0},{"damage":6.0,"enemies":"2 Thieves","floor":18.0,"turns":3.0},{"damage":27.0,"enemies":"Spheric Guardian","floor":19.0,"turns":4.0},{"damage":7.0,"enemies":"Snake Plant","floor":22.0,"turns":3.0},{"damage":6.0,"enemies":"Slavers","floor":23.0,"turns":4.0},{"damage":17.0,"enemies":"Slaver and Parasite","floor":24.0,"turns":6.0},{"damage":4.0,"floor":25.0,"turns":2.0},{"damage":9.0,"enemies":"Snecko","floor":27.0,"turns":3.0},{"damage":0,"enemies":"Snecko","floor":30,"turns":2},{"damage":25,"enemies":"Sentry and Sphere","floor":31,"turns":6},{"damage":31,"enemies":"Champ","floor":33,"turns":12},{"damage":0,"enemies":"Orb Walker","floor":35,"turns":1},{"damage":0,"enemies":"3 Shapes","floor":41,"turns":2},{"damage":5,"enemies":"Maw","floor":45,"turns":4},{"damage":11,"enemies":"3 Darklings","floor":46,"turns":3},{"damage":51,"enemies":"Time Eater","floor":50,"turns":12}],"seed_played":"2365577451791200373","potions_obtained":[{"floor":1.0,"key":"FearPotion"},{"floor":5.0,"key":"SkillPotion"},{"floor":6.0,"key":"SteroidPotion"},{"floor":7.0,"key":"SpeedPotion"},{"floor":12.0,"key":"Energy Potion"},{"floor":12.0,"key":"Ancient Potion"},{"floor":14.0,"key":"Block Potion"},{"floor":18.0,"key":"Swift Potion"},{"floor":19.0,"key":"GhostInAJar"},{"floor":22.0,"key":"LiquidBronze"},{"floor":23.0,"key":"Block Potion"},{"floor":24.0,"key":"AttackPotion"},{"floor":25.0,"key":"FearPotion"},{"floor":31,"key":"Block Potion"},{"floor":33,"key":"SkillPotion"},{"floor":35,"key":"FearPotion"},{"floor":41,"key":"SteroidPotion"},{"floor":45,"key":"EssenceOfSteel"},{"floor":46,"key":"SpeedPotion"}],"is_trial":false,"path_per_floor":["M","?","?","?","M","E","M","R","T","$","?","?","M","E","R","B",null,"M","M","?","$","M","E","M","?","T","?","T","R","M","M","R","B",null,"M","?","$","?","$","R","M","R","T","$","M","M","R","?","R","B"],"character_chosen":"THE_SILENT","items_purchased":["Apotheosis","Bullet Time","Mercury Hourglass","Shovel","TwistedFunnel","Mango","Master of Strategy+1","Gremlin Horn"],"campfire_rested":3,"item_purchase_floors":[10,10,21,21,37,39,44,44],"current_hp_per_floor":[60,66,72,65,65,57,57,81,87,87,94,94,94,94,94,73,105,99,72,72,72,65,59,54,50,50,41,41,41,41,16,47,22,111,111,111,111,111,125,125,125,125,131,131,126,115,115,115,115,82],"gold":104,"neow_bonus":"","is_prod":false,"is_daily":true,"chose_seed":false,"campfire_upgraded":0,"win_rate":0,"timestamp":1531242930,"path_taken":["M","?","?","?","?","E","?","R","T","$","?","?","M","E","R","BOSS","M","M","?","$","M","E","M","?","T","?","?","R","M","M","R","BOSS","M","?","$","?","$","R","M","R","T","$","M","M","R","?","R","BOSS"],"build_version":"2018-07-05","purchased_purges":0,"victory":true,"max_hp_per_floor":[70,76,82,82,82,82,82,82,88,88,94,94,94,94,94,100,105,105,105,105,105,105,105,105,105,105,105,105,105,105,105,105,111,111,111,111,111,111,125,125,125,125,131,131,131,131,131,131,131,137],"card_choices":[{"not_picked":["Dagger Spray","Flying Knee"],"picked":"Leg Sweep","floor":1.0},{"not_picked":["Dagger Spray","Underhanded Strike"],"picked":"Flechettes","floor":5.0},{"not_picked":["Blur","Deflect"],"picked":"Concentrate","floor":6.0},{"not_picked":["Flying Knee","Bane","Backflip"],"picked":"SKIP","floor":7.0},{"not_picked":["Dodge and Roll","Terror","Slice"],"picked":"SKIP","floor":13.0},{"not_picked":["Riddle With Holes","Backflip"],"picked":"Envenom","floor":14.0},{"not_picked":["Phantasmal Killer","Storm of Steel"],"picked":"Corpse Explosion","floor":16.0},{"not_picked":["Dagger Throw","Acrobatics"],"picked":"Distraction","floor":18.0},{"not_picked":["Malaise","Infinite Blades"],"picked":"Skewer","floor":19.0},{"not_picked":["Deadly Poison","Bane","Riddle With Holes"],"picked":"SKIP","floor":22.0},{"not_picked":["Deflect","Blade Dance"],"picked":"Crippling Poison","floor":23.0},{"not_picked":["Envenom","Flying Knee+1"],"picked":"Malaise","floor":24.0},{"not_picked":["Deadly Poison+1","Sucker Punch"],"picked":"Underhanded Strike+1","floor":30},{"not_picked":["PiercingWail+1","Sucker Punch"],"picked":"Adrenaline+1","floor":31},{"not_picked":["Bullet Time+1","Adrenaline+1"],"picked":"Phantasmal Killer+1","floor":33},{"not_picked":["Well Laid Plans+1","Backflip+1","Predator"],"picked":"SKIP","floor":35},{"not_picked":["Underhanded Strike+1","Endless Agony"],"picked":"Concentrate+1","floor":41},{"not_picked":["Reflex+1","Choke+1","Dodge and Roll+1"],"picked":"SKIP","floor":45},{"not_picked":["Prepared+1","Outmaneuver+1"],"picked":"Noxious Fumes+1","floor":46}],"player_experience":613634,"relics_obtained":[{"floor":6.0,"key":"Ice Cream"},{"floor":9.0,"key":"Bag of Preparation"},{"floor":14.0,"key":"Happy Flower"},{"floor":23.0,"key":"Omamori"},{"floor":25.0,"key":"Red Mask"},{"floor":26.0,"key":"Dream Catcher"},{"floor":28,"key":"Toxic Egg 2"},{"floor":29,"key":"Centennial Puzzle"},{"floor":40,"key":"Sundial"},{"floor":42,"key":"Unceasing Top"},{"floor":43,"key":"Bottled Tornado"},{"floor":47,"key":"Turnip"},{"floor":49,"key":"Meat on the Bone"}],"event_choices":[{"event_name":"Big Fish","player_choice":"Box","floor":2.0,"damage_taken":0.0},{"event_name":"Golden Idol","player_choice":"Take Wound","floor":3.0,"damage_taken":0.0},{"event_name":"Golden Wing","player_choice":"Card Removal","floor":4.0,"damage_taken":0.0},{"event_name":"Mushrooms","player_choice":"Healed and dodged fight","floor":11.0,"damage_taken":0.0},{"event_name":"The Lab","player_choice":"Got Potions","floor":12.0,"damage_taken":0.0},{"event_name":"Addict","player_choice":"Obtained Relic","floor":20.0,"damage_taken":0.0},{"event_name":"Masked Bandits","player_choice":"Fought over 268 gold","floor":25.0,"damage_taken":0.0},{"event_name":"Beggar","player_choice":"Gave Gold","floor":27,"damage_taken":0},{"event_name":"The Moai Head","player_choice":"Ignored","floor":36,"damage_taken":0},{"event_name":"Transmorgrifier","player_choice":"Transform","floor":38,"damage_taken":0},{"event_name":"SecretPortal","player_choice":"Rejected Portal.","floor":48,"damage_taken":0}],"boss_relics":[{"not_picked":["Runic Pyramid","Eternal Feather"],"picked":"Tiny House"},{"not_picked":["Lizard Tail","Snecko Eye"],"picked":"Fusion Hammer"}],"items_purged_floors":[],"is_endless":false,"potions_floor_spawned":[1,5,6,7,13,14,16,18,19,22,23,24,25,27,31,33,35,41,45,46],"ascension_level":0}