{"gold_per_floor":[369,388,388,141,141,169,187,187,187,216,12,45,57,87,87,185,185,196,196,208,228,153,153,172,198,198,217,250,267,302,320,320,415,415,431,99,116,136,153,153,153,187,237,237,271,271,271,20,20,20],"floor_reached":51,"playtime":8571,"items_purged":["Shame","Strike_B","Strike_B","Strike_B"],"score":870,"play_id":"6363fdd5-be55-48fa-a5e1-76dbe1439e96","local_time":"20180922213454","is_ascension_mode":true,"campfire_choices":[{"floor":8.0,"key":"REST"},{"data":"Defragment","floor":15.0,"key":"SMITH"},{"data":"Compile Driver","floor":23.0,"key":"SMITH"},{"floor":32.0,"key":"REST"},{"data":"Seek","floor":40.0,"key":"SMITH"},{"data":"Dualcast","floor":44.0,"key":"SMITH"},{"data":"Zap","floor":49,"key":"SMITH"}],"neow_cost":"CURSE","seed_source_timestamp":0,"circlet_count":0,"master_deck":["Defend_B","Defend_B","Defend_B","Defend_B","Zap+1","Dualcast+1","Compile Driver+1","Leap","Barrage","Genetic Algorithm+1","Seek+1","Chill","BootSequence","Ball Lightning","Coolheaded","Cold Snap","Defragment+1","Echo Form","Reboot+1","Leap+1","Barrage+1","Auto Shields+1","Leap+1","Cold Snap+1","Double Energy+1","Coolheaded+1","Turbo+1","Seek+1","Go for the Eyes+1","Multi-Cast+1","Go for the Eyes+1","Metamorphosis+1","Blizzard+1","Hologram+1","Reprogram+1"],"special_seed":0,"relics":["Cracked Core","Question Card","Meat on the Bone","Shuriken","Matryoshka","Toxic Egg 2","Eternal Feather","Dream Catcher","Darkstone Periapt","Gremlin Horn","Pantograph","Boot","Busted Crown","Mummified Hand","Regal Pillow","Blood Vial","Frozen Egg 2","Nunchaku"],"potions_floor_usage":[45,45,50,50],"damage_taken":[{"damage":3.0,"enemies":"Small Slimes","floor":1.0,"turns":3.0},{"damage":12.0,"enemies":"Jaw Worm","floor":2.0,"turns":2.0},{"damage":24.0,"enemies":"3 Sentries","floor":6.0,"turns":9.0},{"damage":4.0,"enemies":"2 Louse","floor":7.0,"turns":3.0},{"damage":37.0,"enemies":"Gremlin Nob","floor":10.0,"turns":5.0},{"damage":2.0,"enemies":"3 Sentries","floor":12.0,"turns":7.0},{"damage":0.0,"enemies":"Gremlin Gang","floor":13.0,"turns":3.0},{"damage":8.0,"enemies":"Gremlin Nob","floor":14.0,"turns":5.0},{"damage":13.0,"enemies":"The Guardian","floor":16.0,"turns":10.0},{"damage":17.0,"enemies":"2 Thieves","floor":18.0,"turns":4.0},{"damage":5.0,"enemies":"Spheric Guardian","floor":20.0,"turns":4.0},{"damage":1.0,"enemies":"Chosen and Byrds","floor":21.0,"turns":5.0},{"damage":9.0,"enemies":"Snake Plant","floor":24.0,"turns":6.0},{"damage":11.0,"enemies":"Gremlin Leader","floor":25.0,"turns":6.0},{"damage":8.0,"enemies":"Centurion and Healer","floor":27.0,"turns":9.0},{"damage":4.0,"enemies":"Book of Stabbing","floor":28.0,"turns":6.0},{"damage":0.0,"enemies":"Sentry and Sphere","floor":29.0,"turns":4.0},{"damage":6.0,"enemies":"Slavers","floor":30.0,"turns":10.0},{"damage":0.0,"enemies":"Chosen and Byrds","floor":31.0,"turns":5.0},{"damage":11.0,"enemies":"Champ","floor":33.0,"turns":12.0},{"damage":1.0,"enemies":"3 Shapes","floor":35.0,"turns":6.0},{"damage":8.0,"enemies":"3 Darklings","floor":37.0,"turns":4.0},{"damage":10.0,"enemies":"Spire Growth","floor":38.0,"turns":5.0},{"damage":0.0,"enemies":"Reptomancer","floor":39.0,"turns":4.0},{"damage":30.0,"enemies":"2 Orb Walkers","floor":42.0,"turns":6.0},{"damage":25,"enemies":"Giant Head","floor":45,"turns":10},{"damage":0,"enemies":"Mind Bloom Boss Battle","floor":46,"turns":5},{"damage":17,"enemies":"Awakened One","floor":50,"turns":12}],"seed_played":"-7086012365986815759","potions_obtained":[{"floor":2.0,"key":"Swift Potion"},{"floor":10.0,"key":"Block Potion"},{"floor":12.0,"key":"Strength Potion"},{"floor":18.0,"key":"Weak Potion"},{"floor":21.0,"key":"Poison Potion"},{"floor":24.0,"key":"PowerPotion"},{"floor":27.0,"key":"Strength Potion"},{"floor":29.0,"key":"Fruit Juice"},{"floor":33.0,"key":"Energy Potion"},{"floor":35.0,"key":"SpeedPotion"},{"floor":39.0,"key":"EssenceOfSteel"},{"floor":42.0,"key":"EssenceOfSteel"}],"is_trial":false,"path_per_floor":["M","M","?","$","?","E","M","R","T","E","$","E","M","E","R","B",null,"M","?","M","M","?","R","M","E","T","M","E","M","E","M","R","B",null,"M","$","M","M","M","R","?","E","T","R","E","?","?","$","R","B"],"character_chosen":"DEFECT","items_purchased":["Barrage","Genetic Algorithm","Regen Potion","Ball Lightning","Coolheaded","Metamorphosis+1","Dexterity Potion","Explosive Potion"],"campfire_rested":2,"item_purchase_floors":[4,4,4,11,11,36,48,48],"current_hp_per_floor":[72,60,65,65,65,56,52,76,76,51,51,49,49,41,41,40,80,63,63,58,57,57,69,60,49,49,41,49,49,48,48,85,74,85,84,84,76,66,66,84,81,51,51,72,49,76,76,76,81,64],"gold":20,"neow_bonus":"TWO_FIFTY_GOLD","is_prod":false,"is_daily":false,"chose_seed":false,"campfire_upgraded":5,"win_rate":0,"timestamp":1537644894,"path_taken":["M","M","?","$","?","E","M","R","T","E","$","E","M","E","R","BOSS","M","?","M","M","?","R","M","E","T","?","E","M","E","M","R","BOSS","M","$","M","M","M","R","?","E","T","R","E","?","?","$","R","BOSS"],"build_version":"2018-09-20","purchased_purges":4,"victory":true,"max_hp_per_floor":[75,75,80,80,80,80,80,80,80,80,80,80,80,80,80,80,80,80,80,80,80,80,80,80,80,80,80,80,80,85,85,85,85,85,85,85,85,85,85,85,81,81,81,81,81,81,81,81,81,81],"card_choices":[{"not_picked":["Steam","Streamline"],"picked":"Compile Driver","floor":1.0},{"not_picked":["Turbo","Rebound"],"picked":"Leap","floor":2.0},{"not_picked":["Sweeping Beam","Lockon"],"picked":"Seek","floor":6.0},{"not_picked":["Gash","Capacitor","Compile Driver"],"picked":"Chill","floor":7.0},{"not_picked":["Ball Lightning","Rebound","Storm"],"picked":"BootSequence","floor":10.0},{"not_picked":["Chaos","Rebound","Blizzard"],"picked":"Cold Snap","floor":12.0},{"not_picked":["Streamline","Loop","Core Surge"],"picked":"Defragment","floor":13.0},{"not_picked":["Meteor Strike","Reprogram","Double Energy"],"picked":"Echo Form","floor":14.0},{"not_picked":["Core Surge","Amplify+1","Thunder Strike"],"picked":"Reboot+1","floor":16.0},{"not_picked":["Redo+1","Static Discharge+1","Gash"],"picked":"Leap+1","floor":18.0},{"not_picked":["Hologram+1","Gash","Compile Driver"],"picked":"Barrage+1","floor":20.0},{"not_picked":["Stack+1","Reinforced Body+1","Heatsinks"],"picked":"Auto Shields+1","floor":21.0},{"not_picked":["Gash","Redo+1","Static Discharge"],"picked":"Leap+1","floor":24.0},{"not_picked":["Rip and Tear","Darkness+1","Echo Form"],"picked":"Cold Snap+1","floor":25.0},{"not_picked":["Go for the Eyes+1","Turbo+1","Barrage"],"picked":"Double Energy+1","floor":27.0},{"not_picked":["Hologram+1","Hello World+1","Stack+1"],"picked":"Coolheaded+1","floor":28.0},{"not_picked":["Streamline","Heatsinks","Hello World"],"picked":"Turbo+1","floor":29.0},{"not_picked":["Blizzard","Go for the Eyes+1","Reprogram+1"],"picked":"Seek+1","floor":30.0},{"not_picked":["Beam Cell+1","Doom and Gloom","Compile Driver+1"],"picked":"Go for the Eyes+1","floor":31.0},{"not_picked":["Reboot+1","Seek+1","Electrodynamics"],"picked":"Multi-Cast+1","floor":33.0},{"not_picked":["Loop+1"],"picked":"Go for the Eyes+1","floor":35.0},{"not_picked":["Beam Cell+1","Loop+1"],"picked":"SKIP","floor":37.0},{"not_picked":["Ball Lightning+1"],"picked":"Blizzard+1","floor":38.0},{"not_picked":["Ball Lightning+1","Compile Driver"],"picked":"SKIP","floor":39.0},{"not_picked":["Conserve Battery+1"],"picked":"Hologram+1","floor":42.0},{"not_picked":["Barrage"],"picked":"Reprogram+1","floor":45}],"player_experience":137213,"relics_obtained":[{"floor":6.0,"key":"Question Card"},{"floor":9.0,"key":"Meat on the Bone"},{"floor":10.0,"key":"Shuriken"},{"floor":12.0,"key":"Matryoshka"},{"floor":14.0,"key":"Toxic Egg 2"},{"floor":25.0,"key":"Dream Catcher"},{"floor":26.0,"key":"Darkstone Periapt"},{"floor":26.0,"key":"Gremlin Horn"},{"floor":28.0,"key":"Pantograph"},{"floor":30.0,"key":"Boot"},{"floor":42.0,"key":"Mummified Hand"},{"floor":43.0,"key":"Regal Pillow"},{"floor":43.0,"key":"Blood Vial"},{"floor":45,"key":"Frozen Egg 2"},{"floor":46,"key":"Nunchaku"}],"event_choices":[{"event_name":"Big Fish","player_choice":"Donut","floor":3.0,"damage_taken":0.0},{"event_name":"Upgrade Shrine","player_choice":"Upgraded","floor":5.0,"damage_taken":0.0},{"event_name":"Vampires","player_choice":"Ignored","floor":19.0,"damage_taken":0.0},{"event_name":"Beggar","player_choice":"Gave Gold","floor":22.0,"damage_taken":0.0},{"event_name":"Winding Halls","player_choice":"Max HP","floor":41.0,"damage_taken":0.0},{"event_name":"MindBloom","player_choice":"Fight","floor":46,"damage_taken":0},{"event_name":"Tomb of Lord Red Mask","player_choice":"Ignored","floor":47,"damage_taken":0}],"is_beta":false,"boss_relics":[{"not_picked":["Tiny House","Coffee Dripper"],"picked":"Eternal Feather"},{"not_picked":["Astrolabe","Snecko Eye"],"picked":"Busted Crown"}],"items_purged_floors":[4,11,36,48],"is_endless":false,"potions_floor_spawned":[2,10,12,18,21,24,27,29,33,35,39,42],"ascension_level":2}