{"gold_per_floor":[119,119,134,134,148,148,163,128,128,53,30,60,60,70,70,170,170,185,9,9,9,24,24,39,39,39,54,65,81,81,106,106,211,211,230,230,32,48,59,59,0,0,0,0,18,37,37,72,72,72],"floor_reached":51,"playtime":5300,"items_purged":[],"score":722,"play_id":"09ff3a31-55ce-4f99-833b-ebecd1533e85","local_time":"20180916145836","is_ascension_mode":false,"campfire_choices":[{"data":"Dualcast","floor":6,"key":"SMITH"},{"data":"Streamline","floor":13,"key":"SMITH"},{"floor":15,"key":"REST"},{"data":"Sunder","floor":23,"key":"SMITH"},{"floor":25,"key":"REST"},{"data":"Echo Form","floor":32,"key":"SMITH"},{"floor":40,"key":"REST"},{"floor":42,"key":"REST"},{"data":"Defragment","floor":47,"key":"SMITH"},{"data":"Barrage","floor":49,"key":"SMITH"}],"neow_cost":"PERCENT_DAMAGE","seed_source_timestamp":234575258989583,"circlet_count":0,"master_deck":["Defend_B","Defend_B","Defend_B","Dualcast+1","Ball Lightning","Sweeping Beam","Defragment+1","Streamline+1","FTL","Barrage+1","Rebound","Glacier","Echo Form+1","Sunder+1","Sadistic Nature","Sunder+1","Reprogram+1","Turbo+1","Glacier","Gash+1","Genetic Algorithm","Bite+1","Bite+1","Bite+1","Bite+1","Bite+1","Compile Driver+1","Thunder Strike+1","Blizzard+1","Madness","Madness","Master of Strategy","Lockon+1","Doom and Gloom+1","Ball Lightning+1","Gash+1","Chill"],"relics":["Cracked Core","StoneCalendar","Gremlin Horn","Runic Pyramid","Molten Egg 2","Bag of Preparation","Nuclear Battery","Red Mask","PreservedInsect","Shuriken"],"potions_floor_usage":[12,16,27,33,33,33,45,48,50,50],"damage_taken":[{"damage":0,"enemies":"2 Louse","floor":1,"turns":3},{"damage":1,"enemies":"Cultist","floor":3,"turns":3},{"damage":6,"enemies":"Jaw Worm","floor":5,"turns":3},{"damage":14,"enemies":"Large Slime","floor":7,"turns":5},{"damage":27,"enemies":"Gremlin Nob","floor":12,"turns":4},{"damage":15,"enemies":"3 Louse","floor":14,"turns":3},{"damage":8,"enemies":"Hexaghost","floor":16,"turns":9},{"damage":8,"enemies":"Spheric Guardian","floor":18,"turns":4},{"damage":18,"enemies":"2 Thieves","floor":22,"turns":4},{"damage":7,"enemies":"3 Cultists","floor":24,"turns":3},{"damage":10,"enemies":"Chosen and Byrds","floor":27,"turns":3},{"damage":21,"enemies":"Snake Plant","floor":28,"turns":3},{"damage":1,"enemies":"Centurion and Healer","floor":29,"turns":6},{"damage":0,"enemies":"Gremlin Leader","floor":31,"turns":6},{"damage":9,"enemies":"Automaton","floor":33,"turns":10},{"damage":12,"enemies":"3 Darklings","floor":35,"turns":4},{"damage":18,"enemies":"Orb Walker","floor":38,"turns":3},{"damage":44,"enemies":"4 Shapes","floor":39,"turns":4},{"damage":19,"enemies":"Maw","floor":45,"turns":8},{"damage":0,"enemies":"Reptomancer","floor":46,"turns":4},{"damage":3,"enemies":"Nemesis","floor":48,"turns":5},{"damage":64,"enemies":"Donu and Deca","floor":50,"turns":7}],"seed_played":"-4507713572452540890","potions_obtained":[{"floor":1,"key":"LiquidBronze"},{"floor":7,"key":"GamblersBrew"},{"floor":12,"key":"Poison Potion"},{"floor":24,"key":"Energy Potion"},{"floor":27,"key":"Energy Potion"},{"floor":31,"key":"SpeedPotion"},{"floor":33,"key":"EssenceOfSteel"},{"floor":38,"key":"SkillPotion"},{"floor":39,"key":"AttackPotion"},{"floor":46,"key":"Ancient Potion"}],"is_trial":false,"path_per_floor":["M","?","M","?","M","R","M","?","T","$","$","E","R","M","R","B",null,"M","$","?","?","M","R","M","R","T","M","M","M","?","E","R","B",null,"M","?","$","M","M","R","?","R","T","?","M","M","R","E","R","B"],"character_chosen":"DEFECT","items_purchased":["FTL","Barrage","Sadistic Nature","Master of Strategy"],"campfire_rested":4,"item_purchase_floors":[10,11,19,37],"current_hp_per_floor":[54,54,53,58,52,52,38,58,58,58,58,33,33,20,44,38,80,72,72,72,72,56,56,51,75,75,67,48,49,49,70,70,79,80,77,67,67,61,32,56,56,80,80,80,67,76,76,80,80,28],"gold":72,"neow_bonus":"ONE_RARE_RELIC","is_prod":false,"is_daily":false,"chose_seed":false,"campfire_upgraded":6,"win_rate":0.0,"timestamp":1537102716,"path_taken":["M","?","M","?","M","R","M","?","T","?","$","E","R","M","R","BOSS","M","$","?","?","?","R","M","R","T","?","?","M","?","E","R","BOSS","M","?","$","M","M","R","?","R","T","?","M","M","R","E","R","BOSS"],"build_version":"2018-09-06","purchased_purges":0,"victory":true,"max_hp_per_floor":[75,75,75,80,80,80,80,80,80,80,80,80,80,80,80,80,80,80,80,80,80,80,80,80,80,80,80,80,80,80,80,80,80,80,80,80,80,80,80,80,80,80,80,80,80,80,80,80,80,80],"card_choices":[{"not_picked":["Steam","Static Discharge"],"picked":"Ball Lightning","floor":1},{"not_picked":["Stack","Rip and Tear"],"picked":"Sweeping Beam","floor":3},{"not_picked":["Meteor Strike","Steam"],"picked":"Defragment","floor":5},{"not_picked":["Steam","Rip and Tear"],"picked":"Streamline","floor":7},{"not_picked":["Undo","Thunder Strike"],"picked":"Rebound","floor":12},{"not_picked":["Sweeping Beam","Compile Driver"],"picked":"Glacier","floor":14},{"not_picked":["Seek","Reboot"],"picked":"Echo Form","floor":16},{"not_picked":["Scrape+1","Undo"],"picked":"Sunder","floor":18},{"not_picked":["Ball Lightning+1","Coolheaded"],"picked":"Reprogram+1","floor":22},{"not_picked":["Conserve Battery","Force Field"],"picked":"Turbo+1","floor":24},{"not_picked":["Compile Driver+1","Capacitor+1"],"picked":"Glacier","floor":27},{"not_picked":["Streamline+1","Loop+1"],"picked":"Gash+1","floor":28},{"not_picked":["Hello World","Capacitor"],"picked":"Genetic Algorithm","floor":29},{"not_picked":["Skim","Fusion"],"picked":"Compile Driver+1","floor":31},{"not_picked":["All For One+1","Multi-Cast"],"picked":"Thunder Strike+1","floor":33},{"not_picked":["Sunder+1","Aggregate+1"],"picked":"Blizzard+1","floor":35},{"not_picked":["Compile Driver+1","Reprogram"],"picked":"Lockon+1","floor":38},{"not_picked":["Auto Shields","Beam Cell+1"],"picked":"Doom and Gloom+1","floor":39},{"not_picked":["Stack","Reprogram+1"],"picked":"Ball Lightning+1","floor":45},{"not_picked":["Redo+1","Coolheaded+1"],"picked":"Gash+1","floor":46},{"not_picked":["Rebound+1","Reprogram"],"picked":"Chill","floor":48}],"player_experience":37206,"relics_obtained":[{"floor":9,"key":"Blood Vial"},{"floor":12,"key":"Gremlin Horn"},{"floor":26,"key":"Molten Egg 2"},{"floor":31,"key":"Bag of Preparation"},{"floor":43,"key":"PreservedInsect"},{"floor":48,"key":"Shuriken"}],"event_choices":[{"event_name":"Purifier","player_choice":"One Purge","floor":2,"damage_taken":0},{"event_name":"Big Fish","player_choice":"Donut","floor":4,"damage_taken":0},{"event_name":"The Cleric","player_choice":"Healed","floor":8,"damage_taken":0},{"event_name":"Transmorgrifier","player_choice":"Transform","floor":20,"damage_taken":0},{"event_name":"Upgrade Shrine","player_choice":"Upgraded","floor":21,"damage_taken":0},{"event_name":"Vampires","player_choice":"Became a vampire (Vial)","floor":30,"damage_taken":0},{"event_name":"Winding Halls","player_choice":"Embrace Madness","floor":36,"damage_taken":0},{"event_name":"Tomb of Lord Red Mask","player_choice":"Paid","floor":41,"damage_taken":0},{"event_name":"Falling","player_choice":"Removed Skill","floor":44,"damage_taken":0}],"is_beta":false,"boss_relics":[{"not_picked":["Runic Dome","Busted Crown"],"picked":"Runic Pyramid"},{"not_picked":["White Beast Statue","Velvet Choker"],"picked":"Nuclear Battery"}],"items_purged_floors":[],"is_endless":false,"potions_floor_spawned":[1,7,12,24,27,31,33,38,39,46],"ascension_level":0}