{"gold_per_floor":[117,117,292,56,56,84,94,94,121,154,229,255,266,14,14,112,112,122,137,137,65,77,77,77,106,106,126,155,170,170,184,184,289,289,301,301,316,3,21,48,48,48,48,75,87,109,148,175,187,199,211,223,32,32],"floor_reached":54,"playtime":2820,"items_purged":["Doubt"],"score":908,"play_id":"0d19ae37-3da8-4faf-83c4-b0bc854ea9f6","local_time":"20190718004732","is_ascension_mode":false,"campfire_choices":[{"floor":8.0,"key":"REST"},{"data":"Demon Form","floor":15.0,"key":"SMITH"},{"floor":23.0,"key":"RECALL"},{"data":"J.A.X.","floor":30.0,"key":"SMITH"},{"data":"Disarm","floor":32.0,"key":"SMITH"},{"data":"Enlightenment","floor":42.0,"key":"SMITH"},{"floor":49,"key":"REST"},{"floor":52,"key":"REST"}],"neow_cost":"NONE","seed_source_timestamp":2941135784783174,"circlet_count":0,"master_deck":["Strike_R+1","Strike_R+1","Strike_R+1","Strike_R+1","Defend_R+1","Defend_R+1","Defend_R+1","Defend_R+1","Bash+1","Bludgeon+1","Battle Trance+1","Demon Form+1","Feed+1","Sword Boomerang+1","J.A.X.+1","Reaper+1","Seeing Red+1","Headbutt+1","Iron Wave+1","Disarm+1","Limit Break+1","Enlightenment+1","Violence+1","Warcry+1","Twin Strike+1","Spot Weakness+1","Flame Barrier+1","Dark Shackles"],"special_seed":0,"relics":["Burning Blood","Membership Card","Ornamental Fan","Gremlin Horn","Orichalcum","Omamori","Meat on the Bone","Anchor","HandDrill","Bag of Preparation","Philosopher\u0027s Stone","Matryoshka","Lantern","Darkstone Periapt","Black Star","ClockworkSouvenir","Potion Belt","Blood Vial","Self Forming Clay","Mummified Hand","Mercury Hourglass","Juzu Bracelet","MawBank","Mark of the Bloom","Bottled Flame","Art of War","OrangePellets"],"potions_floor_usage":[46,46,50],"damage_taken":[{"damage":5.0,"enemies":"Small Slimes","floor":1.0,"turns":2.0},{"damage":23.0,"enemies":"3 Sentries","floor":6.0,"turns":6.0},{"damage":6.0,"enemies":"2 Louse","floor":7.0,"turns":2.0},{"damage":18.0,"enemies":"Gremlin Nob","floor":10.0,"turns":4.0},{"damage":24.0,"enemies":"Lagavulin","floor":12.0,"turns":4.0},{"damage":1.0,"enemies":"Jaw Worm","floor":13.0,"turns":2.0},{"damage":0.0,"enemies":"Slime Boss","floor":16.0,"turns":6.0},{"damage":2.0,"enemies":"2 Thieves","floor":18.0,"turns":3.0},{"damage":1.0,"enemies":"Spheric Guardian","floor":19.0,"turns":3.0},{"damage":15.0,"enemies":"Snake Plant","floor":22.0,"turns":3.0},{"damage":27.0,"enemies":"Book of Stabbing","floor":25.0,"turns":3.0},{"damage":12.0,"enemies":"3 Cultists","floor":27.0,"turns":4.0},{"damage":79.0,"enemies":"Slavers","floor":28.0,"turns":6.0},{"damage":3.0,"enemies":"Chosen and Byrds","floor":29.0,"turns":3.0},{"damage":3.0,"enemies":"Snake Plant","floor":31.0,"turns":3.0},{"damage":77.0,"enemies":"Automaton","floor":33.0,"turns":9.0},{"damage":6.0,"enemies":"Orb Walker","floor":35.0,"turns":3.0},{"damage":3.0,"enemies":"3 Shapes","floor":37.0,"turns":2.0},{"damage":0.0,"enemies":"Spire Growth","floor":39.0,"turns":3.0},{"damage":18.0,"enemies":"Giant Head","floor":40.0,"turns":6.0},{"damage":25.0,"enemies":"Reptomancer","floor":44.0,"turns":6.0},{"damage":12,"enemies":"3 Darklings","floor":46,"turns":3},{"damage":6,"enemies":"Giant Head","floor":47,"turns":5},{"damage":18,"enemies":"Sphere and 2 Shapes","floor":48,"turns":4},{"damage":53,"enemies":"Time Eater","floor":50,"turns":8},{"damage":13,"enemies":"Shield and Spear","floor":54,"turns":2}],"seed_played":"-4845016475848374105","potions_obtained":[{"floor":1.0,"key":"Swift Potion"},{"floor":6.0,"key":"Ancient Potion"},{"floor":13.0,"key":"Swift Potion"},{"floor":18.0,"key":"Block Potion"},{"floor":22.0,"key":"AttackPotion"},{"floor":27.0,"key":"Swift Potion"},{"floor":31.0,"key":"Strength Potion"},{"floor":33.0,"key":"SteroidPotion"},{"floor":44.0,"key":"BloodPotion"},{"floor":47,"key":"Swift Potion"}],"is_trial":false,"path_per_floor":["M","?","?","$","?","E","M","R","T","E","?","E","M","$","R","B",null,"M","M","?","$","M","R","?","E","T","M","E","M","R","M","R","B",null,"M","?","M","$","M","E","?","R","T","E","?","M","E","M","R","B",null,"R","$","E"],"character_chosen":"IRONCLAD","items_purchased":["Membership Card","Anchor","HandDrill","Bag of Preparation","Reaper","Seeing Red","ClockworkSouvenir","Enlightenment","Potion Belt","Violence","SpeedPotion","SpeedPotion","OrangePellets","Dark Shackles"],"campfire_rested":3,"item_purchase_floors":[4,14,14,14,21,21,38,38,38,38,53,53,53,53],"current_hp_per_floor":[80,64,64,64,46,29,29,53,53,41,30,12,29,29,29,47,80,83,86,86,86,80,80,80,72,72,92,62,83,83,86,86,49,92,92,92,92,92,95,83,83,83,83,90,90,78,72,54,54,1,1,1,1,0],"gold":32,"neow_bonus":"ONE_RANDOM_RARE_CARD","is_prod":false,"is_daily":false,"chose_seed":false,"campfire_upgraded":4,"win_rate":0,"timestamp":1563425252,"path_taken":["M","?","?","$","?","E","M","R","T","E","?","E","M","$","R","BOSS","M","M","?","$","M","R","?","E","T","M","E","M","R","M","R","BOSS","M","?","M","$","M","E","?","R","T","E","?","M","E","M","R","BOSS","R","$","E"],"build_version":"2019-07-17","purchased_purges":1,"victory":false,"max_hp_per_floor":[80,80,80,80,80,80,80,80,80,80,80,80,80,80,80,80,80,83,86,86,86,89,89,89,89,89,92,92,92,92,92,92,92,92,92,92,92,92,95,95,90,90,90,90,90,90,90,94,94,94,94,94,94,94],"card_choices":[{"not_picked":["Ghostly Armor","Body Slam","Reckless Charge"],"picked":"SKIP","floor":1.0},{"not_picked":["Twin Strike","Cleave","Dual Wield"],"picked":"SKIP","floor":6.0},{"not_picked":["Clash","Double Tap"],"picked":"Battle Trance","floor":7.0},{"not_picked":["Cleave","Anger","Pommel Strike"],"picked":"SKIP","floor":10.0},{"not_picked":["Cleave","Anger","Pommel Strike"],"picked":"SKIP","floor":10.0},{"not_picked":["Hemokinesis","Heavy Blade"],"picked":"Demon Form","floor":12.0},{"not_picked":["Bloodletting","Body Slam","Combust"],"picked":"SKIP","floor":13.0},{"not_picked":["Demon Form","Exhume"],"picked":"Feed","floor":16.0},{"not_picked":["Blood for Blood","Armaments","Sword Boomerang"],"picked":"SKIP","floor":18.0},{"not_picked":["Cleave","Intimidate"],"picked":"Sword Boomerang+1","floor":19.0},{"not_picked":["Sword Boomerang","Warcry","Fire Breathing+1"],"picked":"SKIP","floor":22.0},{"not_picked":["Shrug It Off","Warcry","Searing Blow+1"],"picked":"SKIP","floor":25.0},{"not_picked":["Sword Boomerang","Warcry"],"picked":"Headbutt+1","floor":27.0},{"not_picked":["Dark Embrace","Sever Soul+1"],"picked":"Iron Wave+1","floor":28.0},{"not_picked":["Combust","Carnage"],"picked":"Disarm","floor":29.0},{"not_picked":["Wild Strike","Anger","Cleave+1"],"picked":"SKIP","floor":31.0},{"not_picked":["Double Tap","Exhume"],"picked":"Limit Break","floor":33.0},{"not_picked":["Whirlwind+1","Sever Soul+1","Twin Strike"],"picked":"SKIP","floor":35.0},{"not_picked":["Sword Boomerang+1","Armaments","Metallicize+1"],"picked":"SKIP","floor":37.0},{"not_picked":["Wild Strike","Body Slam","Shrug It Off"],"picked":"SKIP","floor":39.0},{"not_picked":["Perfected Strike+1","Anger"],"picked":"Warcry+1","floor":40.0},{"not_picked":["Berserk","Clash+1"],"picked":"Twin Strike+1","floor":44.0},{"not_picked":["Shrug It Off","Entrench"],"picked":"Spot Weakness+1","floor":46},{"not_picked":["Wild Strike+1","Blood for Blood"],"picked":"Flame Barrier+1","floor":47},{"not_picked":["Body Slam+1","Clash+1","Rupture+1"],"picked":"SKIP","floor":48}],"player_experience":441079,"relics_obtained":[{"floor":6.0,"key":"Gremlin Horn"},{"floor":9.0,"key":"Orichalcum"},{"floor":10.0,"key":"Omamori"},{"floor":12.0,"key":"Meat on the Bone"},{"floor":25.0,"key":"Matryoshka"},{"floor":26.0,"key":"Lantern"},{"floor":28.0,"key":"Darkstone Periapt"},{"floor":40.0,"key":"Blood Vial"},{"floor":40.0,"key":"Self Forming Clay"},{"floor":43.0,"key":"Mummified Hand"},{"floor":43.0,"key":"Mercury Hourglass"},{"floor":44.0,"key":"Juzu Bracelet"},{"floor":44.0,"key":"MawBank"},{"floor":47,"key":"Bottled Flame"},{"floor":47,"key":"Art of War"}],"event_choices":[{"damage_healed":0.0,"max_hp_gain":0.0,"max_hp_loss":0.0,"gold_gain":0.0,"event_name":"Shining Light","player_choice":"Entered Light","floor":2.0,"gold_loss":0.0,"damage_taken":16.0,"cards_upgraded":["Bludgeon","Strike_R"]},{"damage_healed":0.0,"max_hp_gain":0.0,"max_hp_loss":0.0,"gold_gain":175.0,"event_name":"Liars Game","player_choice":"AGREE","floor":3.0,"gold_loss":0.0,"damage_taken":0.0,"cards_obtained":["Doubt"]},{"damage_healed":0.0,"max_hp_gain":0.0,"max_hp_loss":0.0,"gold_gain":0.0,"event_name":"Scrap Ooze","player_choice":"Success","floor":5.0,"gold_loss":0.0,"damage_taken":18.0,"relics_obtained":["Ornamental Fan"]},{"damage_healed":0.0,"max_hp_gain":0.0,"max_hp_loss":0.0,"gold_gain":75.0,"event_name":"World of Goop","player_choice":"Gather Gold","floor":11.0,"gold_loss":0.0,"damage_taken":11.0},{"damage_healed":0.0,"max_hp_gain":0.0,"max_hp_loss":0.0,"gold_gain":0.0,"event_name":"Drug Dealer","player_choice":"Obtain J.A.X.","floor":20.0,"gold_loss":0.0,"damage_taken":0.0,"cards_obtained":["J.A.X."]},{"damage_healed":0.0,"max_hp_gain":0.0,"max_hp_loss":0.0,"gold_gain":0.0,"event_name":"Back to Basics","player_choice":"Simplicity","floor":24.0,"gold_loss":0.0,"damage_taken":0.0,"cards_upgraded":["Strike_R","Strike_R","Strike_R","Strike_R","Defend_R","Defend_R","Defend_R","Defend_R"]},{"cards_removed":["Strike_R"],"damage_healed":0.0,"max_hp_gain":0.0,"max_hp_loss":0.0,"gold_gain":0.0,"event_name":"Falling","player_choice":"Removed Attack","floor":36.0,"gold_loss":0.0,"damage_taken":0.0},{"damage_healed":0.0,"max_hp_gain":0.0,"max_hp_loss":5.0,"gold_gain":0.0,"event_name":"Winding Halls","player_choice":"Max HP","floor":41.0,"gold_loss":0.0,"damage_taken":0.0},{"damage_healed":0.0,"max_hp_gain":0.0,"max_hp_loss":0.0,"gold_gain":0.0,"event_name":"MindBloom","player_choice":"Upgrade","floor":45.0,"gold_loss":0.0,"damage_taken":0.0,"cards_upgraded":["Bash","Battle Trance","Feed","Reaper","Seeing Red","Limit Break","Violence"],"relics_obtained":["Mark of the Bloom"]}],"is_beta":false,"boss_relics":[{"not_picked":["Mark of Pain","Black Blood"],"picked":"Philosopher\u0027s Stone"},{"not_picked":["Orrery","White Beast Statue"],"picked":"Black Star"}],"items_purged_floors":[4],"is_endless":false,"potions_floor_spawned":[1,6,13,18,22,27,31,33,37,44,47],"killed_by":"Shield and Spear","ascension_level":0}