{"gold_per_floor":[17,37,56,70,70,70,103,103,103,114,128,128,155,173,173,247,247,267,287,287,166,91,122,122,152,152,152,85,185,185,203,203,279,279,295,315,315,329,341,371,371,385,385,385,411,430,430,457,457,457],"floor_reached":51,"playtime":10712,"items_purged":["Defend_G"],"score":1654,"play_id":"3dd26df3-4998-4d4a-bbd1-ee686478691e","local_time":"20190912103541","is_ascension_mode":true,"campfire_choices":[{"data":"Backflip","floor":6.0,"key":"SMITH"},{"floor":12.0,"key":"REST"},{"data":"Backflip","floor":15.0,"key":"SMITH"},{"data":"PiercingWail","floor":24.0,"key":"SMITH"},{"data":"Calculated Gamble","floor":27.0,"key":"SMITH"},{"data":"Terror","floor":30.0,"key":"SMITH"},{"floor":32.0,"key":"REST"},{"data":"Backflip","floor":41.0,"key":"SMITH"},{"data":"Backflip","floor":44.0,"key":"SMITH"},{"data":"Calculated Gamble","floor":47.0,"key":"SMITH"},{"data":"Acrobatics","floor":49.0,"key":"SMITH"}],"neow_cost":"NO_GOLD","seed_source_timestamp":0,"circlet_count":0,"master_deck":["AscendersBane","Strike_G","Defend_G","Defend_G","Defend_G","Defend_G","Survivor","Terror+1","Dagger Throw","Expertise","Backflip+1","Escape Plan","Well Laid Plans+1","Escape Plan","PiercingWail+1","Backflip+1","After Image","Leg Sweep","Backflip+1","Concentrate","Backflip+1","Calculated Gamble+1","Escape Plan","Bouncing Flask","After Image+1","PiercingWail","Prepared+1","Acrobatics+1","Well Laid Plans+1","Calculated Gamble+1","Deflect"],"special_seed":0,"relics":["Ring of the Snake","Letter Opener","Du-Vu Doll","Ice Cream","Philosopher\u0027s Stone","Darkstone Periapt","Question Card","Frozen Egg 2","Black Star","Ninja Scroll","Mercury Hourglass","Snake Skull","Molten Egg 2","StoneCalendar","Ornamental Fan","Thread and Needle"],"potions_floor_usage":[50],"damage_taken":[{"damage":3.0,"enemies":"2 Louse","floor":1.0,"turns":4.0},{"damage":1.0,"enemies":"Cultist","floor":2.0,"turns":4.0},{"damage":7.0,"enemies":"Small Slimes","floor":3.0,"turns":6.0},{"damage":0.0,"enemies":"3 Louse","floor":4.0,"turns":5.0},{"damage":18.0,"enemies":"3 Sentries","floor":7.0,"turns":18.0},{"damage":0.0,"enemies":"Blue Slaver","floor":10.0,"turns":3.0},{"damage":8.0,"enemies":"Exordium Thugs","floor":11.0,"turns":5.0},{"damage":7.0,"enemies":"Lagavulin","floor":13.0,"turns":6.0},{"damage":0.0,"enemies":"Red Slaver","floor":14.0,"turns":4.0},{"damage":42.0,"enemies":"Slime Boss","floor":16.0,"turns":17.0},{"damage":0.0,"enemies":"3 Byrds","floor":18.0,"turns":6.0},{"damage":0.0,"enemies":"Chosen","floor":19.0,"turns":5.0},{"damage":0.0,"enemies":"Slavers","floor":23.0,"turns":5.0},{"damage":0.0,"enemies":"Gremlin Leader","floor":25.0,"turns":6.0},{"damage":0.0,"enemies":"Shelled Parasite and Fungi","floor":31.0,"turns":6.0},{"damage":0.0,"enemies":"Champ","floor":33.0,"turns":11.0},{"damage":8.0,"enemies":"3 Darklings","floor":35.0,"turns":5.0},{"damage":0.0,"enemies":"3 Shapes","floor":36.0,"turns":4.0},{"damage":0.0,"enemies":"3 Darklings","floor":38.0,"turns":5.0},{"damage":0.0,"enemies":"Spire Growth","floor":39.0,"turns":6.0},{"damage":0.0,"enemies":"Reptomancer","floor":40.0,"turns":9.0},{"damage":0.0,"enemies":"4 Shapes","floor":42.0,"turns":3.0},{"damage":0.0,"enemies":"Nemesis","floor":45.0,"turns":7.0},{"damage":0.0,"enemies":"3 Darklings","floor":46.0,"turns":3.0},{"damage":0.0,"enemies":"Reptomancer","floor":48.0,"turns":7.0},{"damage":0,"enemies":"Donu and Deca","floor":50,"turns":10}],"seed_played":"-371093835513038917","potions_obtained":[{"floor":3.0,"key":"FearPotion"},{"floor":10.0,"key":"SpeedPotion"},{"floor":11.0,"key":"Ancient Potion"},{"floor":13.0,"key":"Poison Potion"},{"floor":14.0,"key":"Fruit Juice"},{"floor":23.0,"key":"Fire Potion"},{"floor":31.0,"key":"Ancient Potion"},{"floor":33.0,"key":"FearPotion"}],"is_trial":false,"path_per_floor":["M","M","M","M","?","R","E","?","T","M","M","R","E","M","R","B",null,"M","M","?","$","?","E","R","E","T","R","$","?","R","M","R","B",null,"M","M","?","M","M","E","R","M","T","R","E","M","R","E","R","B",null],"character_chosen":"THE_SILENT","items_purchased":["Backflip","Bouncing Flask"],"campfire_rested":2,"item_purchase_floors":[21,28],"current_hp_per_floor":[60,59,52,52,52,52,34,34,34,34,26,47,40,40,45,3,57,57,57,57,57,57,57,57,57,57,57,57,57,57,57,75,75,75,67,67,67,67,67,67,67,67,67,67,67,67,67,67,67,67],"gold":457,"neow_bonus":"TRANSFORM_TWO_CARDS","is_prod":false,"is_daily":false,"chose_seed":false,"campfire_upgraded":9,"win_rate":0,"timestamp":1568277341,"path_taken":["M","M","M","M","?","R","E","?","T","M","?","R","E","M","R","BOSS","M","M","?","$","?","E","R","E","T","R","$","?","R","M","R","BOSS","M","M","?","M","M","E","R","M","T","R","E","M","R","E","R","BOSS"],"build_version":"2019-07-17","purchased_purges":1,"victory":true,"max_hp_per_floor":[70,70,70,70,70,70,70,70,70,70,70,70,70,70,75,75,75,75,75,75,75,75,75,75,75,75,75,75,75,75,75,75,75,75,75,75,75,75,75,75,75,75,75,75,75,75,75,75,75,75],"card_choices":[{"not_picked":["Deadly Poison","Tactician"],"picked":"Expertise","floor":1.0},{"not_picked":["Outmaneuver","Bane"],"picked":"Backflip","floor":2.0},{"not_picked":["Deadly Poison","Cloak And Dagger"],"picked":"Escape Plan","floor":3.0},{"not_picked":["Cloak And Dagger","Deflect"],"picked":"Well Laid Plans","floor":4.0},{"not_picked":["Blade Dance","Bullet Time"],"picked":"Escape Plan","floor":7.0},{"not_picked":["Outmaneuver","Cloak And Dagger","Backstab"],"picked":"SKIP","floor":10.0},{"not_picked":["Dash","Underhanded Strike"],"picked":"PiercingWail","floor":11.0},{"not_picked":["Outmaneuver","Dagger Spray","Terror"],"picked":"SKIP","floor":13.0},{"not_picked":["Bane","Blur"],"picked":"Backflip","floor":14.0},{"not_picked":["Burst","Doppelganger"],"picked":"After Image","floor":16.0},{"not_picked":["Predator","Sucker Punch+1"],"picked":"Leg Sweep","floor":18.0},{"not_picked":["All Out Attack","Blade Dance"],"picked":"Backflip","floor":19.0},{"not_picked":["Acrobatics","Leg Sweep"],"picked":"Calculated Gamble","floor":23.0},{"not_picked":["PiercingWail","Finisher"],"picked":"Escape Plan","floor":25.0},{"not_picked":["Concentrate","Underhanded Strike","Blade Dance","Dash"],"picked":"SKIP","floor":31.0},{"not_picked":["Unload","Venomology","Tools of the Trade+1"],"picked":"After Image+1","floor":33.0},{"not_picked":["Slice","Deflect+1","Blade Dance+1"],"picked":"PiercingWail","floor":35.0},{"not_picked":["Dagger Throw+1","Sucker Punch","Bouncing Flask"],"picked":"Prepared+1","floor":36.0},{"not_picked":["Poisoned Stab","Infinite Blades+1","Deadly Poison","Masterful Stab"],"picked":"SKIP","floor":38.0},{"not_picked":["Crippling Poison","Dagger Spray","PiercingWail"],"picked":"Acrobatics","floor":39.0},{"not_picked":["Cloak And Dagger","Malaise","Infinite Blades+1"],"picked":"Well Laid Plans+1","floor":40.0},{"not_picked":["Dagger Spray","Poisoned Stab","Predator+1","Noxious Fumes+1"],"picked":"SKIP","floor":42.0},{"not_picked":["Heel Hook","Poisoned Stab","Distraction","Dagger Throw"],"picked":"SKIP","floor":45.0},{"not_picked":["Caltrops+1","All Out Attack+1","Dash+1"],"picked":"Calculated Gamble","floor":46.0},{"not_picked":["Flying Knee+1","Dagger Throw+1","Dash+1"],"picked":"Deflect","floor":48.0}],"player_experience":273782,"relics_obtained":[{"floor":7.0,"key":"Letter Opener"},{"floor":9.0,"key":"Du-Vu Doll"},{"floor":13.0,"key":"Ice Cream"},{"floor":23.0,"key":"Darkstone Periapt"},{"floor":25.0,"key":"Question Card"},{"floor":26.0,"key":"Frozen Egg 2"},{"floor":40.0,"key":"Ninja Scroll"},{"floor":40.0,"key":"Mercury Hourglass"},{"floor":43.0,"key":"Snake Skull"},{"floor":45.0,"key":"Molten Egg 2"},{"floor":45.0,"key":"StoneCalendar"},{"floor":48.0,"key":"Ornamental Fan"},{"floor":48.0,"key":"Thread and Needle"}],"event_choices":[{"cards_removed":["Strike_G"],"damage_healed":0.0,"max_hp_gain":0.0,"max_hp_loss":0.0,"gold_gain":0.0,"event_name":"Living Wall","player_choice":"Forget","floor":5.0,"gold_loss":0.0,"damage_taken":0.0},{"damage_healed":0.0,"max_hp_gain":0.0,"max_hp_loss":0.0,"gold_gain":0.0,"event_name":"Upgrade Shrine","player_choice":"Upgraded","floor":8.0,"gold_loss":0.0,"damage_taken":0.0,"cards_upgraded":["Well Laid Plans"]},{"damage_healed":0.0,"max_hp_gain":0.0,"max_hp_loss":0.0,"gold_gain":0.0,"event_name":"The Library","player_choice":"Read","floor":20.0,"gold_loss":0.0,"damage_taken":0.0,"cards_obtained":["Concentrate"]},{"cards_removed":["Strike_G"],"damage_healed":0.0,"max_hp_gain":0.0,"max_hp_loss":0.0,"gold_gain":0.0,"event_name":"Beggar","player_choice":"Gave Gold","floor":22.0,"gold_loss":75.0,"damage_taken":0.0},{"damage_healed":0.0,"max_hp_gain":0.0,"max_hp_loss":0.0,"gold_gain":100.0,"event_name":"Golden Shrine","player_choice":"Pray","floor":29.0,"gold_loss":0.0,"damage_taken":0.0},{"cards_removed":["Neutralize"],"damage_healed":0.0,"max_hp_gain":0.0,"max_hp_loss":0.0,"gold_gain":0.0,"event_name":"Falling","player_choice":"Removed Attack","floor":37.0,"gold_loss":0.0,"damage_taken":0.0}],"is_beta":false,"boss_relics":[{"not_picked":["Velvet Choker","WristBlade"],"picked":"Philosopher\u0027s Stone"},{"not_picked":["Tiny House","Runic Dome"],"picked":"Black Star"}],"items_purged_floors":[21],"is_endless":false,"potions_floor_spawned":[3,10,11,13,14,23,31,33,35,40,45,46,48],"ascension_level":13}