{"gold_per_floor":[118,118,43,56,80,80,123,136,136,136,136,175,193,147,147,273,273,292,305,305,323,348,348,381,381,406,261,281,20,34,55,55,185,185,200,3,3,3,28,28,41,65,113,446,446,466,17,49,49,49],"floor_reached":51,"playtime":1903,"items_purged":["Injury","Strike_R"],"score":759,"play_id":"98e7720b-6901-49bd-a2e2-7d734053e107","local_time":"20180820221251","is_ascension_mode":false,"campfire_choices":[{"data":"Rampage","floor":6.0,"key":"SMITH"},{"data":"Carnage","floor":10.0,"key":"SMITH"},{"data":"Flex","floor":15.0,"key":"SMITH"},{"data":"Immolate","floor":23.0,"key":"SMITH"},{"floor":32.0,"key":"REST"},{"data":"Double Tap","floor":40,"key":"SMITH"},{"floor":45,"key":"REST"},{"floor":49,"key":"REST"}],"neow_cost":"NONE","seed_source_timestamp":134938823224688,"circlet_count":0,"master_deck":["Strike_R","Strike_R","Strike_R","Strike_R","Defend_R","Defend_R","Defend_R","Defend_R","Bash+1","Anger","Pommel Strike+1","Rampage+1","Shrug It Off","Carnage+1","Dropkick","Flex+1","Immolate+1","Hemokinesis+1","Shrug It Off+1","Thunderclap+1","Cleave+1","Spot Weakness+1","Double Tap+1","Heavy Blade+1","Flex","Twin Strike+1","Inflame+1","Transmutation","Iron Wave+1"],"special_seed":0,"relics":["Burning Blood","Mercury Hourglass","Paper Frog","Darkstone Periapt","Sozu","Kunai","Regal Pillow","Omamori","Happy Flower","Gremlin Horn","Lizard Tail","Juzu Bracelet","Incense Burner","Blood Vial","Vajra","Bottled Flame"],"potions_floor_usage":[33],"damage_taken":[{"damage":1.0,"enemies":"Cultist","floor":1.0,"turns":3.0},{"damage":6.0,"enemies":"Jaw Worm","floor":4.0,"turns":2.0},{"damage":2.0,"enemies":"2 Louse","floor":5.0,"turns":3.0},{"damage":14.0,"enemies":"Gremlin Nob","floor":7.0,"turns":3.0},{"damage":0.0,"enemies":"2 Fungi Beasts","floor":8.0,"turns":2.0},{"damage":11.0,"enemies":"Lagavulin","floor":12.0,"turns":4.0},{"damage":12.0,"enemies":"Blue Slaver","floor":13.0,"turns":2.0},{"damage":58.0,"enemies":"The Guardian","floor":16.0,"turns":9.0},{"damage":8.0,"enemies":"3 Byrds","floor":18.0,"turns":4.0},{"damage":5.0,"enemies":"Shell Parasite","floor":19.0,"turns":2.0},{"damage":12.0,"enemies":"3 Cultists","floor":21.0,"turns":3.0},{"damage":10.0,"enemies":"Cultist and Chosen","floor":22.0,"turns":4.0},{"damage":51.0,"enemies":"Slavers","floor":24.0,"turns":7.0},{"damage":19.0,"enemies":"Shelled Parasite and Fungi","floor":28.0,"turns":3.0},{"damage":9.0,"enemies":"Snecko","floor":30.0,"turns":3.0},{"damage":21.0,"enemies":"Centurion and Healer","floor":31.0,"turns":4.0},{"damage":51,"enemies":"Automaton","floor":33,"turns":8},{"damage":2,"enemies":"Flame Bruiser 1 Orb","floor":35,"turns":2},{"damage":0,"floor":38,"turns":3},{"damage":13,"enemies":"Orb Walker","floor":39,"turns":3},{"damage":3,"enemies":"Transient","floor":41,"turns":5},{"damage":34,"enemies":"Maw","floor":42,"turns":7},{"damage":6,"enemies":"4 Shapes","floor":46,"turns":1},{"damage":33,"enemies":"Nemesis","floor":48,"turns":5},{"damage":89,"enemies":"Awakened One","floor":50,"turns":6}],"seed_played":"-977426940323773500","potions_obtained":[{"floor":4.0,"key":"FairyPotion"},{"floor":7.0,"key":"Block Potion"},{"floor":12.0,"key":"AttackPotion"},{"floor":13.0,"key":"Fire Potion"}],"is_trial":false,"path_per_floor":["M","?","$","M","M","R","E","M","T","R","?","E","M","$","R","B",null,"M","M","T","M","M","R","E","?","T","$","M","$","M","M","R","B",null,"M","$","?","?","M","R","M","M","T","?","R","M","$","E","R","B"],"character_chosen":"IRONCLAD","items_purchased":["Flex","Happy Flower","Gremlin Horn","Juzu Bracelet","Flex","Vajra","Transmutation"],"campfire_rested":3,"item_purchase_floors":[14,27,29,36,36,47,47],"current_hp_per_floor":[80,80,80,80,80,80,72,78,78,78,83,78,72,72,72,20,85,83,84,84,78,74,74,29,29,29,29,16,16,13,14,54,9,85,85,85,85,85,78,78,81,53,53,53,85,85,85,58,85,48],"gold":49,"neow_bonus":"UPGRADE_CARD","is_prod":false,"is_daily":false,"chose_seed":false,"campfire_upgraded":5,"win_rate":0,"timestamp":1534817571,"path_taken":["M","?","$","M","M","R","E","M","T","R","?","E","M","?","R","BOSS","M","M","?","?","M","R","E","?","T","$","M","?","?","M","R","BOSS","M","$","?","?","M","R","M","M","T","?","R","M","?","E","R","BOSS"],"build_version":"2018-08-16","purchased_purges":2,"victory":true,"max_hp_per_floor":[80,80,80,80,80,80,80,80,80,80,85,85,85,85,85,85,85,85,85,85,85,85,85,85,85,85,85,85,85,85,85,85,85,85,85,85,85,85,85,85,85,85,85,85,85,85,85,85,85,85],"card_choices":[{"not_picked":["Clothesline","Sword Boomerang"],"picked":"Anger","floor":1.0},{"not_picked":["Twin Strike","Burning Pact"],"picked":"Pommel Strike","floor":4.0},{"not_picked":["Armaments","Havoc"],"picked":"Rampage","floor":5.0},{"not_picked":["True Grit","Fiend Fire"],"picked":"Shrug It Off","floor":7.0},{"not_picked":["Wild Strike","Rampage"],"picked":"Carnage","floor":8.0},{"not_picked":["Clothesline","Entrench","Pommel Strike"],"picked":"SKIP","floor":12.0},{"not_picked":["Thunderclap","Twin Strike"],"picked":"Dropkick","floor":13.0},{"not_picked":["Exhume","Offering"],"picked":"Immolate","floor":16.0},{"not_picked":["Corruption","Body Slam","Intimidate"],"picked":"SKIP","floor":18.0},{"not_picked":["Warcry","Cleave","Pommel Strike"],"picked":"SKIP","floor":19.0},{"not_picked":["Rupture","Sword Boomerang"],"picked":"Hemokinesis+1","floor":21.0},{"not_picked":["Dual Wield","Hemokinesis"],"picked":"Shrug It Off+1","floor":22.0},{"not_picked":["Havoc+1","Anger","Armaments+1"],"picked":"SKIP","floor":24.0},{"not_picked":["Havoc","Burning Pact"],"picked":"Thunderclap+1","floor":28.0},{"not_picked":["Hemokinesis","Clash"],"picked":"Cleave+1","floor":30.0},{"not_picked":["Shockwave","Combust"],"picked":"Spot Weakness+1","floor":31.0},{"not_picked":["Impervious","Limit Break"],"picked":"Double Tap","floor":33},{"not_picked":["True Grit","Rupture"],"picked":"Heavy Blade+1","floor":35},{"not_picked":["Wild Strike+1","Second Wind","Anger"],"picked":"SKIP","floor":39},{"not_picked":["Havoc+1","Heavy Blade"],"picked":"Twin Strike+1","floor":41},{"not_picked":["Sword Boomerang","Wild Strike","Iron Wave"],"picked":"SKIP","floor":42},{"not_picked":["Reaper","Shrug It Off"],"picked":"Inflame+1","floor":46},{"not_picked":["Sword Boomerang","Pommel Strike+1"],"picked":"Iron Wave+1","floor":48}],"player_experience":175516,"relics_obtained":[{"floor":7.0,"key":"Mercury Hourglass"},{"floor":9.0,"key":"Paper Frog"},{"floor":12.0,"key":"Darkstone Periapt"},{"floor":20.0,"key":"Kunai"},{"floor":24.0,"key":"Regal Pillow"},{"floor":26.0,"key":"Omamori"},{"floor":38,"key":"Incense Burner"},{"floor":43,"key":"Blood Vial"},{"floor":48,"key":"Bottled Flame"}],"event_choices":[{"event_name":"Golden Idol","player_choice":"Take Wound","floor":2.0,"damage_taken":0.0},{"event_name":"Big Fish","player_choice":"Donut","floor":11.0,"damage_taken":0.0},{"event_name":"Upgrade Shrine","player_choice":"Upgraded","floor":25.0,"damage_taken":0.0},{"event_name":"The Lab","player_choice":"Got Potions","floor":37,"damage_taken":0},{"event_name":"MindBloom","player_choice":"Fight","floor":38,"damage_taken":0},{"event_name":"The Moai Head","player_choice":"Gave Idol","floor":44,"damage_taken":0}],"is_beta":false,"boss_relics":[{"not_picked":["Pandora\u0027s Box","Astrolabe"],"picked":"Sozu"},{"not_picked":["Calling Bell","Snecko Eye"],"picked":"Lizard Tail"}],"items_purged_floors":[3,47],"is_endless":false,"potions_floor_spawned":[4,7,12,13,18,19,24,30,31,35,42,48],"ascension_level":0}