{"gold_per_floor":[118,118,118,138,17,17,36,93,117,117,137,137,169,181,193,303,315,347,369,381,410,422,434,446,492,530,553,582,594],"floor_reached":29,"playtime":1061,"items_purged":["Strike_R"],"score":278,"play_id":"43e51ecb-f1c3-4262-a868-2e5a3913484b","local_time":"20180818194253","is_ascension_mode":true,"campfire_choices":[{"data":"Anger","floor":6,"key":"SMITH"},{"data":"Whirlwind","floor":10,"key":"SMITH"},{"data":"Flex","floor":12,"key":"SMITH"},{"floor":15,"key":"REST"},{"floor":23,"key":"REST"}],"neow_cost":"NONE","seed_source_timestamp":329034254283661,"circlet_count":0,"master_deck":["Strike_R","Strike_R","Strike_R","Strike_R","Defend_R","Defend_R","Defend_R","Defend_R","Bash","Shrug It Off","Anger+1","Flex+1","Whirlwind+1","Clash","Infernal Blade","Double Tap","Shrug It Off+1","Clothesline","Carnage","RitualDagger","Whirlwind+1","Anger+1","Heavy Blade+1","Twin Strike+1"],"relics":["Burning Blood","Oddly Smooth Stone","Potion Belt","Tiny Chest","Dream Catcher","MawBank","Mark of Pain","Molten Egg 2","Ancient Tea Set"],"potions_floor_usage":[8,16,16,25,25,28,29],"damage_taken":[{"damage":0,"enemies":"Small Slimes","floor":1,"turns":3},{"damage":1,"enemies":"Cultist","floor":4,"turns":4},{"damage":8,"enemies":"2 Louse","floor":7,"turns":3},{"damage":18,"enemies":"3 Sentries","floor":8,"turns":3},{"damage":8,"enemies":"Red Slaver","floor":11,"turns":4},{"damage":16,"enemies":"Gremlin Nob","floor":13,"turns":3},{"damage":46,"enemies":"The Guardian","floor":16,"turns":7},{"damage":6,"enemies":"3 Byrds","floor":18,"turns":3},{"damage":39,"enemies":"Spheric Guardian","floor":19,"turns":6},{"damage":43,"enemies":"Shelled Parasite and Fungi","floor":21,"turns":6},{"damage":3,"enemies":"Gremlin Leader","floor":25,"turns":3},{"damage":29,"enemies":"Snake Plant","floor":27,"turns":4},{"damage":9,"enemies":"Cultist and Chosen","floor":28,"turns":4},{"damage":13,"enemies":"Centurion and Healer","floor":29,"turns":4}],"seed_played":"2821427819885629581","potions_obtained":[{"floor":2,"key":"Strength Potion"},{"floor":2,"key":"Swift Potion"},{"floor":2,"key":"Swift Potion"},{"floor":4,"key":"Explosive Potion"},{"floor":7,"key":"EssenceOfSteel"},{"floor":18,"key":"LiquidBronze"},{"floor":27,"key":"AttackPotion"},{"floor":28,"key":"Block Potion"}],"is_trial":false,"path_per_floor":["M","?","?","M","$","R","M","E","T","R","M","R","E","?","R","B",null,"M","M","?","M","?","R","?","E","T","M","M"],"character_chosen":"IRONCLAD","items_purchased":["Flex"],"campfire_rested":2,"item_purchase_floors":[5],"current_hp_per_floor":[80,80,80,80,80,80,78,66,66,66,64,64,54,59,84,44,85,85,52,52,15,9,34,34,37,37,14,11,0],"gold":594,"neow_bonus":"RANDOM_COMMON_RELIC","is_prod":false,"is_daily":false,"chose_seed":false,"campfire_upgraded":3,"win_rate":0,"timestamp":1534635773,"path_taken":["M","?","?","M","?","R","M","E","T","R","?","R","E","?","R","BOSS","M","M","?","M","?","R","?","E","T","M","?","M"],"build_version":"2018-08-16","purchased_purges":1,"victory":false,"max_hp_per_floor":[80,80,80,80,80,80,80,80,80,80,80,80,80,85,85,85,85,85,85,85,85,85,85,85,85,85,85,85,85],"card_choices":[{"not_picked":["Wild Strike","Sentinel"],"picked":"Shrug It Off","floor":1},{"not_picked":["Rage","Searing Blow"],"picked":"Anger","floor":4},{"not_picked":["Heavy Blade","Twin Strike"],"picked":"Whirlwind","floor":7},{"not_picked":["Fiend Fire","Dual Wield","True Grit"],"picked":"SKIP","floor":8},{"not_picked":["Burning Pact","Body Slam"],"picked":"Clash","floor":11},{"not_picked":["Metallicize","Berserk","Reckless Charge"],"picked":"SKIP","floor":13},{"not_picked":["Body Slam","Shrug It Off"],"picked":"Infernal Blade","floor":15},{"not_picked":["Reaper","Offering"],"picked":"Double Tap","floor":16},{"not_picked":["Battle Trance","Headbutt"],"picked":"Shrug It Off+1","floor":18},{"not_picked":["Fire Breathing","Havoc"],"picked":"Clothesline","floor":19},{"not_picked":["Sword Boomerang","Headbutt"],"picked":"Carnage","floor":21},{"not_picked":["Rage","Searing Blow"],"picked":"Anger+1","floor":25},{"not_picked":["Anger+1","Wild Strike+1"],"picked":"Heavy Blade+1","floor":27},{"not_picked":["Perfected Strike+1","Infernal Blade"],"picked":"Twin Strike+1","floor":28}],"player_experience":158398,"relics_obtained":[{"floor":8,"key":"Tiny Chest"},{"floor":9,"key":"Dream Catcher"},{"floor":13,"key":"MawBank"},{"floor":25,"key":"Molten Egg 2"},{"floor":26,"key":"Ancient Tea Set"}],"event_choices":[{"event_name":"The Lab","player_choice":"Got Potions","floor":2,"damage_taken":0},{"event_name":"WeMeetAgain","player_choice":"Potion","floor":3,"damage_taken":0},{"event_name":"Big Fish","player_choice":"Donut","floor":14,"damage_taken":0},{"event_name":"Match and Keep!","player_choice":"0 cards matched","floor":20,"damage_taken":0},{"event_name":"Nest","player_choice":"Joined the Cult","floor":22,"damage_taken":0},{"event_name":"Duplicator","player_choice":"One dupe","floor":24,"damage_taken":0}],"is_beta":false,"boss_relics":[{"not_picked":["Black Blood","Ectoplasm"],"picked":"Mark of Pain"}],"items_purged_floors":[5],"is_endless":false,"potions_floor_spawned":[4,7,18,27,28],"killed_by":"Centurion and Healer","ascension_level":2}