{"gold_per_floor":[17,43,62,80,93,93,128,128,179,203,215,227,266,18,18,89,89,102,120,138,138,138,138,163,163,163,196,209,225,243,263,263,342,342,361,361,121,133,146,146,2,2,2,35,135,135,151,176,176,176],"floor_reached":51,"playtime":3322,"items_purged":["Strike_R","Strike_R+1"],"score":1511,"play_id":"06bea57a-27c4-4ccc-b75f-2b8a63d69d7d","local_time":"20190905134721","is_ascension_mode":true,"campfire_choices":[{"data":"Demon Form","floor":6.0,"key":"SMITH"},{"data":"Flame Barrier","floor":8.0,"key":"SMITH"},{"data":"Heavy Blade","floor":12.0,"key":"SMITH"},{"data":"Disarm","floor":15.0,"key":"SMITH"},{"floor":23.0,"key":"REST"},{"floor":32,"key":"REST"},{"floor":40,"key":"REST"},{"floor":42,"key":"REST"},{"floor":46,"key":"REST"},{"floor":49,"key":"REST"}],"neow_cost":"NO_GOLD","seed_source_timestamp":62536850151800,"circlet_count":0,"master_deck":["AscendersBane","Strike_R+1","Defend_R+1","Defend_R+1","Defend_R+1","Defend_R+1","Bash","Demon Form+1","Anger","Disarm+1","Flame Barrier+1","Heavy Blade+1","Headbutt","Offering+1","Shrug It Off","Immolate","Thunderclap","Flame Barrier","True Grit+1","Pummel","Headbutt","Cleave","Sword Boomerang","Corruption","Brutality","True Grit+1","Fiend Fire","Feel No Pain","Armaments+1","Havoc","Impervious","Shrug It Off"],"special_seed":0,"relics":["Burning Blood","Anchor","Dream Catcher","MawBank","Vajra","Oddly Smooth Stone","Velvet Choker","Nilry\u0027s Codex","The Courier","Red Skull","Kunai","Fusion Hammer","Lee\u0027s Waffle","Bottled Tornado","War Paint","Peace Pipe","Bag of Marbles"],"potions_floor_usage":[30,33,35,44,47,48,50],"damage_taken":[{"damage":6.0,"enemies":"Cultist","floor":1.0,"turns":4.0},{"damage":5.0,"enemies":"2 Louse","floor":3.0,"turns":3.0},{"damage":5.0,"enemies":"Jaw Worm","floor":4.0,"turns":6.0},{"damage":9.0,"enemies":"Lots of Slimes","floor":5.0,"turns":4.0},{"damage":32.0,"enemies":"Gremlin Nob","floor":7.0,"turns":4.0},{"damage":0.0,"enemies":"Exordium Wildlife","floor":10.0,"turns":3.0},{"damage":15.0,"enemies":"3 Sentries","floor":13.0,"turns":6.0},{"damage":6.0,"enemies":"Slime Boss","floor":16.0,"turns":5.0},{"damage":15.0,"enemies":"3 Byrds","floor":18.0,"turns":5.0},{"damage":12.0,"enemies":"Chosen","floor":19.0,"turns":3.0},{"damage":3.0,"enemies":"Snake Plant","floor":20.0,"turns":3.0},{"damage":18.0,"enemies":"Gremlin Leader","floor":24.0,"turns":5.0},{"damage":34.0,"enemies":"Slavers","floor":27.0,"turns":4.0},{"damage":0.0,"enemies":"Centurion and Healer","floor":28.0,"turns":4.0},{"damage":4.0,"enemies":"Cultist and Chosen","floor":29.0,"turns":3.0},{"damage":0,"enemies":"Shelled Parasite and Fungi","floor":30,"turns":2},{"damage":3,"enemies":"Snecko","floor":31,"turns":4},{"damage":37,"enemies":"Automaton","floor":33,"turns":9},{"damage":25,"enemies":"3 Darklings","floor":35,"turns":3},{"damage":0,"enemies":"3 Shapes","floor":38,"turns":2},{"damage":42,"enemies":"Spire Growth","floor":39,"turns":4},{"damage":54,"enemies":"Giant Head","floor":44,"turns":6},{"damage":10,"enemies":"Mind Bloom Boss Battle","floor":45,"turns":5},{"damage":15,"enemies":"Writhing Mass","floor":47,"turns":6},{"damage":41,"enemies":"Reptomancer","floor":48,"turns":4},{"damage":18,"enemies":"Donu and Deca","floor":50,"turns":8}],"seed_played":"-7946560408504256279","potions_obtained":[{"floor":3.0,"key":"Strength Potion"},{"floor":5.0,"key":"Fire Potion"},{"floor":10.0,"key":"Weak Potion"},{"floor":13.0,"key":"Swift Potion"},{"floor":20.0,"key":"Fire Potion"},{"floor":27.0,"key":"EssenceOfSteel"},{"floor":29.0,"key":"FearPotion"},{"floor":33,"key":"AttackPotion"},{"floor":39,"key":"Weak Potion"},{"floor":44,"key":"GamblersBrew"},{"floor":48,"key":"Block Potion"}],"is_trial":false,"path_per_floor":["M","T","M","M","M","R","E","R","T","M","$","R","E","$","R","B",null,"M","M","M","?","?","R","E","?","T","E","M","M","M","M","R","B",null,"M","?","$","M","M","R","$","R","T","E","?","R","M","E","R","B",null],"character_chosen":"IRONCLAD","items_purchased":["Oddly Smooth Stone","Shrug It Off","Lee\u0027s Waffle","Feel No Pain","Ancient Potion"],"campfire_rested":6,"item_purchase_floors":[14,14,37,37,41],"current_hp_per_floor":[68,68,69,70,67,67,41,41,41,47,47,47,38,38,38,38,66,57,51,54,33,33,55,43,43,43,15,21,23,29,32,54,23,62,43,43,82,82,46,70,70,82,82,34,30,54,45,10,34,22],"gold":176,"neow_bonus":"THREE_RARE_CARDS","is_prod":false,"is_daily":false,"chose_seed":false,"campfire_upgraded":4,"win_rate":0,"timestamp":1567716441,"path_taken":["M","?","M","?","M","R","E","R","T","M","?","R","E","$","R","BOSS","M","M","M","?","?","R","E","?","T","E","?","M","?","M","R","BOSS","M","?","$","M","M","R","$","R","T","E","?","R","M","E","R","BOSS"],"build_version":"2019-07-17","purchased_purges":2,"victory":true,"max_hp_per_floor":[75,75,75,75,75,75,75,75,75,75,75,75,75,75,75,75,75,75,75,75,75,75,75,75,75,75,75,75,75,75,75,75,75,75,75,75,82,82,82,82,82,82,82,82,82,82,82,82,82,82],"card_choices":[{"not_picked":["Impervious","Dark Embrace"],"picked":"Demon Form","floor":0.0},{"not_picked":["Shrug It Off","True Grit"],"picked":"Anger","floor":1.0},{"not_picked":["Shrug It Off","Havoc"],"picked":"Disarm","floor":3.0},{"not_picked":["Metallicize","Fire Breathing"],"picked":"Flame Barrier","floor":4.0},{"not_picked":["Evolve","Dual Wield"],"picked":"Heavy Blade","floor":5.0},{"not_picked":["Body Slam","Clothesline"],"picked":"Headbutt","floor":7.0},{"not_picked":["Bloodletting","Entrench","Clothesline"],"picked":"SKIP","floor":10.0},{"not_picked":["Headbutt","Twin Strike"],"picked":"Offering","floor":13.0},{"not_picked":["Fiend Fire","Offering"],"picked":"Immolate","floor":16.0},{"not_picked":["Rampage","Wild Strike"],"picked":"Thunderclap","floor":18.0},{"not_picked":["Searing Blow","Rampage"],"picked":"Flame Barrier","floor":19.0},{"not_picked":["Pommel Strike","Heavy Blade"],"picked":"True Grit","floor":20.0},{"not_picked":["Body Slam+1","Second Wind"],"picked":"Cleave","floor":23.0},{"not_picked":["Sever Soul+1","Battle Trance"],"picked":"Sword Boomerang","floor":24.0},{"not_picked":["Thunderclap","Evolve","Pummel"],"picked":"SKIP","floor":27.0},{"not_picked":["Iron Wave+1","Hemokinesis","Rampage"],"picked":"SKIP","floor":28.0},{"not_picked":["Rupture","Clothesline"],"picked":"Corruption","floor":29.0},{"not_picked":["Rupture","Clash"],"picked":"Brutality","floor":30},{"not_picked":["Bloodletting","Pommel Strike"],"picked":"True Grit+1","floor":31},{"not_picked":["Barricade","Dark Embrace"],"picked":"Fiend Fire","floor":33},{"not_picked":["Bloodletting","Intimidate+1","Pummel"],"picked":"SKIP","floor":35},{"not_picked":["Warcry","Clothesline+1","Intimidate"],"picked":"SKIP","floor":38},{"not_picked":["Heavy Blade","Twin Strike","Corruption"],"picked":"SKIP","floor":39},{"not_picked":["Pommel Strike","Perfected Strike"],"picked":"Armaments+1","floor":40},{"not_picked":["Warcry","Sever Soul+1"],"picked":"Havoc","floor":42},{"not_picked":["Infernal Blade","Shockwave"],"picked":"Impervious","floor":44},{"not_picked":["Inflame","Headbutt","Reckless Charge"],"picked":"SKIP","floor":47},{"not_picked":["Clothesline","Iron Wave","Combust+1"],"picked":"SKIP","floor":48},{"not_picked":["Rampage","Inflame+1"],"picked":"Shrug It Off","floor":49}],"player_experience":822360,"relics_obtained":[{"floor":2.0,"key":"Anchor"},{"floor":7.0,"key":"Dream Catcher"},{"floor":9.0,"key":"MawBank"},{"floor":13.0,"key":"Vajra"},{"floor":21.0,"key":"Nilry\u0027s Codex"},{"floor":24.0,"key":"The Courier"},{"floor":26.0,"key":"Red Skull"},{"floor":27.0,"key":"Kunai"},{"floor":43,"key":"Bottled Tornado"},{"floor":44,"key":"War Paint"},{"floor":45,"key":"Peace Pipe"},{"floor":48,"key":"Bag of Marbles"}],"event_choices":[{"damage_healed":0.0,"max_hp_gain":0.0,"max_hp_loss":0.0,"gold_gain":0.0,"event_name":"Cursed Tome","player_choice":"Obtained Book","floor":21.0,"gold_loss":0.0,"damage_taken":21.0},{"damage_healed":0.0,"max_hp_gain":0.0,"max_hp_loss":0.0,"gold_gain":0.0,"cards_transformed":["Strike_R","Strike_R"],"event_name":"Drug Dealer","player_choice":"Became Test Subject","floor":22.0,"gold_loss":0.0,"damage_taken":0.0,"cards_obtained":["Pummel","Headbutt"]},{"damage_healed":0.0,"max_hp_gain":0.0,"max_hp_loss":0.0,"gold_gain":0.0,"event_name":"Back to Basics","player_choice":"Simplicity","floor":25.0,"gold_loss":0.0,"damage_taken":0.0,"cards_upgraded":["Strike_R","Strike_R","Defend_R","Defend_R","Defend_R","Defend_R"]},{"damage_healed":0,"gold_gain":0,"player_choice":"Ignored","damage_taken":0,"max_hp_gain":0,"max_hp_loss":0,"event_name":"Tomb of Lord Red Mask","floor":36,"gold_loss":0},{"damage_healed":0,"gold_gain":0,"player_choice":"Fight","damage_taken":0,"max_hp_gain":0,"max_hp_loss":0,"event_name":"MindBloom","floor":45,"gold_loss":0}],"is_beta":false,"boss_relics":[{"not_picked":["Black Star","Runic Dome"],"picked":"Velvet Choker"},{"not_picked":["Coffee Dripper","Pandora\u0027s Box"],"picked":"Fusion Hammer"}],"items_purged_floors":[14,41],"is_endless":false,"potions_floor_spawned":[3,5,10,13,20,27,29,33,39,44,48],"ascension_level":18}