{"gold_per_floor":[362,382,15,25,41,41,41,61,61,93,93,123,137,149,149,253,253,273,284,302,3,3,3,17,17,17,34,34,34,34,64,64,159,159,178,195,195,148,165,165,179,179,255,275,286,305,305,376,376,376,376,376,64,90,90],"floor_reached":55,"playtime":2931,"items_purged":["Strike_G"],"score":728,"play_id":"2ab74106-278b-428e-be0c-5748b3f04f3d","local_time":"20190730015921","is_ascension_mode":false,"campfire_choices":[{"data":"Noxious Fumes","floor":6.0,"key":"SMITH"},{"floor":11.0,"key":"REST"},{"floor":15.0,"key":"REST"},{"data":"Venomology","floor":23.0,"key":"SMITH"},{"floor":25.0,"key":"RECALL"},{"data":"Footwork","floor":28.0,"key":"SMITH"},{"data":"A Thousand Cuts","floor":32.0,"key":"SMITH"},{"data":"After Image","floor":40.0,"key":"SMITH"},{"data":"Metamorphosis","floor":47.0,"key":"SMITH"},{"data":"Backflip","floor":49.0,"key":"SMITH"},{"data":"Well Laid Plans","floor":52.0,"key":"SMITH"}],"neow_cost":"TEN_PERCENT_HP_LOSS","seed_source_timestamp":3981702028267053,"circlet_count":0,"master_deck":["Strike_G","Strike_G","Strike_G","Defend_G","Defend_G","Defend_G","Defend_G","Defend_G","Survivor","Neutralize","Dagger Throw","Underhanded Strike","Well Laid Plans+1","Outmaneuver","Noxious Fumes+1","Deflect","Corpse Explosion","Backflip+1","Dash+1","Dagger Throw+1","Venomology+1","Dash+1","Bane+1","Underhanded Strike+1","Tactician+1","Footwork+1","A Thousand Cuts+1","After Image+1","Dagger Throw+1","PiercingWail+1","Underhanded Strike+1","Flying Knee+1","Metamorphosis+1","Regret","Riddle With Holes+1","Clumsy","Caltrops","Deflect","Finesse","Heel Hook+1"],"special_seed":0,"relics":["Ring of the Snake","Tingsha","Dodecahedron","Molten Egg 2","Vajra","Philosopher\u0027s Stone","Thread and Needle","Nloth\u0027s Gift","Bird Faced Urn","Cursed Key","Blue Candle","Meat on the Bone","Dead Branch"],"potions_floor_usage":[54,54,54],"damage_taken":[{"damage":0.0,"enemies":"Small Slimes","floor":1.0,"turns":5.0},{"damage":4.0,"enemies":"Jaw Worm","floor":2.0,"turns":4.0},{"damage":0.0,"enemies":"Cultist","floor":4.0,"turns":3.0},{"damage":5.0,"enemies":"Large Slime","floor":5.0,"turns":5.0},{"damage":4.0,"enemies":"Exordium Thugs","floor":8.0,"turns":4.0},{"damage":31.0,"enemies":"Gremlin Nob","floor":10.0,"turns":5.0},{"damage":18.0,"enemies":"Lagavulin","floor":12.0,"turns":7.0},{"damage":3.0,"enemies":"3 Louse","floor":13.0,"turns":2.0},{"damage":0.0,"enemies":"Gremlin Gang","floor":14.0,"turns":2.0},{"damage":3.0,"enemies":"Slime Boss","floor":16.0,"turns":8.0},{"damage":7.0,"enemies":"3 Byrds","floor":18.0,"turns":4.0},{"damage":3.0,"enemies":"Chosen","floor":19.0,"turns":4.0},{"damage":3.0,"enemies":"Snecko","floor":20.0,"turns":3.0},{"damage":0.0,"enemies":"Chosen and Byrds","floor":24.0,"turns":4.0},{"damage":0.0,"enemies":"3 Cultists","floor":27.0,"turns":2.0},{"damage":5.0,"enemies":"Book of Stabbing","floor":31.0,"turns":5.0},{"damage":23.0,"enemies":"Collector","floor":33.0,"turns":9.0},{"damage":0.0,"enemies":"3 Darklings","floor":35.0,"turns":4.0},{"damage":0.0,"enemies":"3 Shapes","floor":36.0,"turns":3.0},{"damage":0.0,"enemies":"Sphere and 2 Shapes","floor":39.0,"turns":4.0},{"damage":0.0,"enemies":"Jaw Worm Horde","floor":41.0,"turns":3.0},{"damage":2.0,"enemies":"Transient","floor":44.0,"turns":5.0},{"damage":0.0,"enemies":"3 Darklings","floor":45.0,"turns":4.0},{"damage":0.0,"enemies":"4 Shapes","floor":46.0,"turns":4.0},{"damage":60.0,"enemies":"Donu and Deca","floor":50.0,"turns":11.0},{"damage":57,"enemies":"Shield and Spear","floor":54,"turns":6},{"damage":40,"enemies":"The Heart","floor":55,"turns":2}],"seed_played":"-6592160565572438235","potions_obtained":[{"floor":1.0,"key":"Explosive Potion"},{"floor":13.0,"key":"Regen Potion"},{"floor":14.0,"key":"AttackPotion"},{"floor":16.0,"key":"Dexterity Potion"},{"floor":18.0,"key":"SkillPotion"},{"floor":20.0,"key":"FearPotion"},{"floor":27.0,"key":"SkillPotion"},{"floor":33.0,"key":"GhostInAJar"},{"floor":41.0,"key":"LiquidBronze"},{"floor":44.0,"key":"GhostInAJar"},{"floor":54,"key":"FearPotion"}],"is_trial":false,"path_per_floor":["M","M","$","M","M","R","?","M","T","E","R","E","M","M","R","B",null,"M","M","M","$","?","R","M","R","T","M","R","?","$","E","R","B",null,"M","M","?","$","M","R","M","?","T","M","M","M","R","T","R","B",null,"R","$","E","B"],"character_chosen":"THE_SILENT","items_purchased":["Tingsha","Well Laid Plans","Outmaneuver","Thread and Needle","Underhanded Strike+1","Caltrops","Deflect","Energy Potion","Finesse"],"campfire_rested":2,"item_purchase_floors":[3,3,3,21,38,53,53,53,53],"current_hp_per_floor":[63,59,59,59,54,54,54,50,50,19,37,19,16,16,34,31,63,56,63,60,60,60,60,60,60,60,60,60,60,60,55,55,40,63,63,63,63,63,63,63,63,58,58,63,63,63,63,63,63,17,63,63,63,24,0],"gold":90,"neow_bonus":"TWO_FIFTY_GOLD","is_prod":false,"is_daily":false,"chose_seed":false,"campfire_upgraded":8,"win_rate":0,"timestamp":1564466361,"path_taken":["M","M","$","M","M","R","?","M","T","E","R","E","M","M","R","BOSS","M","M","M","$","?","R","?","R","T","M","R","?","?","E","R","BOSS","M","M","?","$","M","R","?","?","T","M","M","M","R","?","R","BOSS","R","$","E","BOSS"],"build_version":"2019-07-17","purchased_purges":1,"victory":false,"max_hp_per_floor":[63,63,63,63,63,63,63,63,63,63,63,63,63,63,63,63,63,63,63,63,63,63,63,63,63,63,63,63,63,63,63,63,63,63,63,63,63,63,63,63,63,63,63,63,63,63,63,63,63,63,63,63,63,63,63],"card_choices":[{"not_picked":["Predator","Accuracy"],"picked":"Dagger Throw","floor":1.0},{"not_picked":["Acrobatics","Cloak And Dagger"],"picked":"Underhanded Strike","floor":2.0},{"not_picked":["Expertise","Sucker Punch"],"picked":"Noxious Fumes","floor":4.0},{"not_picked":["Flying Knee","Eviscerate"],"picked":"Deflect","floor":5.0},{"not_picked":["Dodge and Roll","Poisoned Stab"],"picked":"Corpse Explosion","floor":8.0},{"not_picked":["Terror","Heel Hook","Deflect"],"picked":"Backflip","floor":10.0},{"not_picked":["Riddle With Holes+1","Slice+1","Concentrate"],"picked":"Dash+1","floor":12.0},{"not_picked":["Slice+1","Heel Hook+1","Endless Agony+1"],"picked":"Dagger Throw+1","floor":13.0},{"not_picked":["Dodge and Roll","Outmaneuver","Dagger Throw+1","Choke+1"],"picked":"SKIP","floor":14.0},{"not_picked":["Dodge and Roll","Outmaneuver","Dagger Throw+1","Choke+1"],"picked":"SKIP","floor":14.0},{"not_picked":["Doppelganger","Envenom","A Thousand Cuts"],"picked":"Venomology","floor":16.0},{"not_picked":["Heel Hook+1","Distraction+1","Acrobatics"],"picked":"Dash+1","floor":18.0},{"not_picked":["Dagger Spray+1","Dagger Throw+1","Masterful Stab+1"],"picked":"Bane+1","floor":19.0},{"not_picked":["Flying Knee+1","Deflect","Slice+1"],"picked":"Underhanded Strike+1","floor":20.0},{"not_picked":["Heel Hook+1","Cloak And Dagger","Infinite Blades"],"picked":"Tactician+1","floor":24.0},{"not_picked":["Blur","Expertise","Flechettes+1"],"picked":"Footwork","floor":27.0},{"not_picked":["Dagger Throw+1","Burst"],"picked":"A Thousand Cuts","floor":31.0},{"not_picked":["Tools of the Trade","Malaise"],"picked":"After Image","floor":33.0},{"not_picked":["Dagger Spray+1","Reflex"],"picked":"Dagger Throw+1","floor":35.0},{"not_picked":["Concentrate","Prepared+1"],"picked":"PiercingWail+1","floor":36.0},{"not_picked":["PiercingWail","Slice+1","Masterful Stab+1"],"picked":"SKIP","floor":39.0},{"not_picked":["Blade Dance+1","Quick Slash+1"],"picked":"Flying Knee+1","floor":41.0},{"not_picked":["Trip","Magnetism"],"picked":"Metamorphosis","floor":42.0},{"not_picked":["Cloak And Dagger","Masterful Stab+1"],"picked":"Riddle With Holes+1","floor":44.0},{"not_picked":["Terror+1","Dodge and Roll","Heel Hook+1"],"picked":"SKIP","floor":45.0},{"not_picked":["Wraith Form v2","Deadly Poison","Flechettes+1"],"picked":"SKIP","floor":46.0},{"not_picked":["Predator+1","Sucker Punch+1"],"picked":"Heel Hook+1","floor":54}],"player_experience":499539,"relics_obtained":[{"floor":9.0,"key":"Question Card"},{"floor":10.0,"key":"Molten Egg 2"},{"floor":12.0,"key":"Vajra"},{"floor":31.0,"key":"Bird Faced Urn"},{"floor":43.0,"key":"Blue Candle"},{"floor":48.0,"key":"Meat on the Bone"},{"floor":54,"key":"Dead Branch"}],"event_choices":[{"damage_healed":0.0,"max_hp_gain":0.0,"max_hp_loss":0.0,"gold_gain":0.0,"event_name":"Big Fish","player_choice":"Box","floor":7.0,"gold_loss":0.0,"damage_taken":0.0,"relics_obtained":["Dodecahedron"],"cards_obtained":["Regret"]},{"cards_removed":["Regret"],"damage_healed":0.0,"max_hp_gain":0.0,"max_hp_loss":0.0,"gold_gain":0.0,"event_name":"Fountain of Cleansing","player_choice":"Removed Curses","floor":22.0,"gold_loss":0.0,"damage_taken":0.0},{"damage_healed":0.0,"max_hp_gain":0.0,"max_hp_loss":0.0,"gold_gain":0.0,"event_name":"N\u0027loth","player_choice":"Traded Relic","floor":29.0,"relics_lost":["Question Card"],"gold_loss":0.0,"damage_taken":0.0,"relics_obtained":["Nloth\u0027s Gift"]},{"cards_removed":["Strike_G"],"damage_healed":0.0,"max_hp_gain":0.0,"max_hp_loss":0.0,"gold_gain":0.0,"event_name":"Purifier","player_choice":"Purged","floor":37.0,"gold_loss":0.0,"damage_taken":0.0},{"damage_healed":0.0,"max_hp_gain":0.0,"max_hp_loss":0.0,"gold_gain":0.0,"event_name":"SensoryStone","player_choice":"Memory 2","floor":42.0,"gold_loss":0.0,"damage_taken":5.0}],"is_beta":false,"boss_relics":[{"not_picked":["Empty Cage","White Beast Statue"],"picked":"Philosopher\u0027s Stone"},{"not_picked":["Orrery","Coffee Dripper"],"picked":"Cursed Key"}],"items_purged_floors":[53],"is_endless":false,"potions_floor_spawned":[1,8,13,14,16,18,20,27,33,41,44,46,54],"killed_by":"The Heart","ascension_level":0}