{"gold_per_floor":[212,232,246,246,246,275,294,312,338,338,338,356,369,389,389,488,488,471,482,482,482,492,492,15,28,75,75],"floor_reached":27,"playtime":1479,"items_purged":[],"score":219,"play_id":"cd8c894e-f802-4b38-8ec6-944110938fd8","local_time":"20180722105953","is_ascension_mode":false,"campfire_choices":[{"floor":11.0,"key":"REST"},{"floor":15.0,"key":"REST"}],"neow_cost":"NONE","seed_source_timestamp":0,"circlet_count":0,"master_deck":["Strike_B","Strike_B","Strike_B+1","Strike_B","Defend_B","Defend_B","Defend_B","Zap+1","Dualcast","Static Discharge+1","Leap","Leap","Sweeping Beam","Defragment","Redo","Machine Learning","Go for the Eyes","Echo Form","Defragment+1","Redo","RitualDagger","Aggregate","Sunder","Coolheaded+1"],"special_seed":0,"relics":["Cracked Core","Meat on the Bone","Omamori","Lizard Tail","Potion Belt","Bronze Scales","Mummified Hand","Happy Flower"],"potions_floor_usage":[22,25,27],"damage_taken":[{"damage":0.0,"enemies":"2 Louse","floor":1.0,"turns":3.0},{"damage":0.0,"enemies":"Cultist","floor":2.0,"turns":3.0},{"damage":0.0,"enemies":"Small Slimes","floor":3.0,"turns":3.0},{"damage":16.0,"enemies":"Gremlin Nob","floor":6.0,"turns":3.0},{"damage":7.0,"enemies":"Blue Slaver","floor":7.0,"turns":3.0},{"damage":20.0,"enemies":"Large Slime","floor":8.0,"turns":5.0},{"damage":16.0,"enemies":"Gremlin Gang","floor":12.0,"turns":4.0},{"damage":3.0,"enemies":"Exordium Wildlife","floor":13.0,"turns":3.0},{"damage":10.0,"enemies":"Large Slime","floor":14.0,"turns":5.0},{"damage":22.0,"enemies":"The Guardian","floor":16.0,"turns":8.0},{"damage":18.0,"enemies":"2 Thieves","floor":18.0,"turns":4.0},{"damage":9,"enemies":"3 Byrds","floor":19,"turns":2},{"damage":71,"enemies":"3 Cultists","floor":22,"turns":5},{"damage":10,"enemies":"Cultist and Chosen","floor":25,"turns":6},{"damage":18,"enemies":"Gremlin Leader","floor":27,"turns":2}],"seed_played":"-4694941875341983648","potions_obtained":[{"floor":2.0,"key":"Poison Potion"},{"floor":3.0,"key":"PowerPotion"},{"floor":8.0,"key":"GamblersBrew"},{"floor":13.0,"key":"LiquidBronze"},{"floor":19,"key":"Block Potion"},{"floor":22,"key":"Block Potion"},{"floor":25,"key":"Dexterity Potion"}],"is_trial":false,"path_per_floor":["M","M","M","?","?","E","M","M","T","?","R","M","M","M","R","B",null,"M","M","?","?","M","?","$","M","T"],"character_chosen":"DEFECT","items_purchased":["Sunder","Bronze Scales","Mummified Hand"],"campfire_rested":2,"item_purchase_floors":[24,24,24],"current_hp_per_floor":[75,75,75,75,60,44,49,41,41,34,56,40,49,39,61,39,75,57,48,48,42,28,14,14,16,16,0],"gold":75,"neow_bonus":"HUNDRED_GOLD","is_prod":false,"is_daily":false,"chose_seed":false,"campfire_upgraded":0,"win_rate":0,"timestamp":1532228393,"path_taken":["M","M","M","?","?","E","M","M","T","?","R","M","?","M","R","BOSS","M","M","?","?","?","?","$","M","T","E"],"build_version":"2018-07-19v2","purchased_purges":0,"victory":false,"max_hp_per_floor":[75,75,75,75,75,75,75,75,75,75,75,75,75,75,75,75,75,75,75,75,75,75,80,80,80,80,80],"card_choices":[{"not_picked":["Turbo","Steam"],"picked":"Static Discharge","floor":1.0},{"not_picked":["Ball Lightning","Coolheaded","Hologram"],"picked":"SKIP","floor":2.0},{"not_picked":["Melter","Stack"],"picked":"Leap","floor":3.0},{"not_picked":["Stack","Lockon"],"picked":"Leap","floor":6.0},{"not_picked":["Creative AI","Turbo"],"picked":"Sweeping Beam","floor":7.0},{"not_picked":["Hologram","Compile Driver"],"picked":"Defragment","floor":8.0},{"not_picked":["Hologram","Capacitor"],"picked":"Redo","floor":12.0},{"not_picked":["Hello World","Blizzard"],"picked":"Machine Learning","floor":13.0},{"not_picked":["Defragment","Redo"],"picked":"Go for the Eyes","floor":14.0},{"not_picked":["Creative AI","Hyperbeam"],"picked":"Echo Form","floor":16.0},{"not_picked":["Go for the Eyes","Cold Snap"],"picked":"Defragment+1","floor":18.0},{"not_picked":["Streamline","Ball Lightning"],"picked":"Redo","floor":19},{"not_picked":["Hello World+1","BootSequence"],"picked":"Aggregate","floor":22},{"not_picked":["Beam Cell","Rebound"],"picked":"Coolheaded+1","floor":25}],"player_experience":800145,"relics_obtained":[{"floor":6.0,"key":"Meat on the Bone"},{"floor":9.0,"key":"Omamori"},{"floor":26,"key":"Happy Flower"}],"event_choices":[{"event_name":"Upgrade Shrine","player_choice":"Upgraded","floor":4.0,"damage_taken":0.0},{"event_name":"Shining Light","player_choice":"Entered Light","floor":5.0,"damage_taken":0.0},{"event_name":"Golden Wing","player_choice":"Card Removal","floor":10.0,"damage_taken":0.0},{"event_name":"The Mausoleum","player_choice":"Yes","floor":20,"damage_taken":0},{"event_name":"Nest","player_choice":"Joined the Cult","floor":21,"damage_taken":0},{"event_name":"Forgotten Altar","player_choice":"Shed Blood","floor":23,"damage_taken":0}],"is_beta":false,"boss_relics":[{"not_picked":["Philosopher\u0027s Stone","Busted Crown"],"picked":"Lizard Tail"}],"items_purged_floors":[],"is_endless":false,"potions_floor_spawned":[2,3,8,13,19,22,25],"killed_by":"Gremlin Leader","ascension_level":0}