{"gold_per_floor":[111,91,105,50,50,50,75,87,134,134,151,151,168,182,182,261,261,214,228,244,244,192,192,223,223,276,276],"floor_reached":27,"playtime":2981,"items_purged":[],"score":431,"play_id":"0c70247b-f6c2-4c04-b96a-21e0ac81c80d","local_time":"20190909191548","is_ascension_mode":true,"campfire_choices":[{"data":"Footwork","floor":6.0,"key":"SMITH"},{"floor":10.0,"key":"REST"},{"data":"Neutralize","floor":15.0,"key":"SMITH"},{"data":"Wraith Form v2","floor":23.0,"key":"SMITH"},{"floor":25.0,"key":"REST"}],"neow_cost":"PERCENT_DAMAGE","seed_source_timestamp":341871245601100,"circlet_count":0,"master_deck":["AscendersBane","Strike_G","Strike_G","Strike_G","Strike_G","Strike_G","Defend_G","Defend_G","Defend_G","Defend_G","Defend_G","Survivor","Neutralize+1","Quick Slash","Footwork+1","Cloak And Dagger","Cloak And Dagger","Dodge and Roll","Regret","Deadly Poison","Wraith Form v2+1","Dodge and Roll","Leg Sweep"],"special_seed":0,"relics":["Ring of the Snake","Dead Branch","Singing Bowl","Sundial","Bag of Preparation","Paper Crane","WristBlade","Potion Belt","Bag of Marbles","Blood Vial"],"potions_floor_usage":[],"damage_taken":[{"damage":0.0,"enemies":"Jaw Worm","floor":1.0,"turns":4.0},{"damage":1.0,"enemies":"Cultist","floor":3.0,"turns":4.0},{"damage":10.0,"enemies":"Lagavulin","floor":7.0,"turns":8.0},{"damage":0.0,"enemies":"2 Louse","floor":8.0,"turns":3.0},{"damage":0.0,"enemies":"Blue Slaver","floor":11.0,"turns":4.0},{"damage":3.0,"enemies":"Looter","floor":13.0,"turns":4.0},{"damage":0.0,"enemies":"Red Slaver","floor":14.0,"turns":5.0},{"damage":5.0,"enemies":"The Guardian","floor":16.0,"turns":13.0},{"damage":11.0,"enemies":"2 Thieves","floor":18.0,"turns":5.0},{"damage":0.0,"enemies":"3 Byrds","floor":19.0,"turns":2.0},{"damage":0.0,"enemies":"Snake Plant","floor":20.0,"turns":6.0},{"damage":28.0,"enemies":"Book of Stabbing","floor":24.0,"turns":9.0},{"damage":54,"enemies":"Centurion and Healer","floor":27,"turns":10}],"seed_played":"-3973103213659136151","potions_obtained":[{"floor":1.0,"key":"Block Potion"},{"floor":2.0,"key":"SmokeBomb"},{"floor":7.0,"key":"LiquidBronze"},{"floor":8.0,"key":"Fire Potion"},{"floor":16.0,"key":"Explosive Potion"},{"floor":18.0,"key":"LiquidBronze"}],"is_trial":false,"path_per_floor":["M","?","M","$","T","R","E","M","T","R","M","?","M","M","R","B",null,"M","M","M","?","?","R","E","R","T","M"],"character_chosen":"THE_SILENT","items_purchased":["Cloak And Dagger"],"campfire_rested":2,"item_purchase_floors":[4],"current_hp_per_floor":[44,44,43,43,43,43,33,33,33,52,54,54,51,53,53,48,65,54,54,56,56,56,56,30,52,52,0],"gold":276,"neow_bonus":"ONE_RARE_RELIC","is_prod":false,"is_daily":false,"chose_seed":false,"campfire_upgraded":3,"win_rate":0,"timestamp":1568081748,"path_taken":["M","?","M","$","?","R","E","M","T","R","M","?","M","M","R","BOSS","M","M","M","?","?","R","E","R","T","M"],"build_version":"2019-07-17","purchased_purges":0,"victory":false,"max_hp_per_floor":[66,66,66,66,66,66,66,66,66,66,68,68,68,70,70,70,70,70,70,72,72,72,72,74,74,74,74],"card_choices":[{"not_picked":["Expertise","Deflect"],"picked":"Quick Slash","floor":1.0},{"not_picked":["Dagger Throw","Underhanded Strike"],"picked":"Footwork","floor":3.0},{"not_picked":["Deflect","Outmaneuver"],"picked":"Cloak And Dagger","floor":7.0},{"not_picked":["Footwork","Phantasmal Killer"],"picked":"Dodge and Roll","floor":8.0},{"not_picked":["Cloak And Dagger","Blade Dance","Quick Slash"],"picked":"Singing Bowl","floor":11.0},{"not_picked":["Sucker Punch","Dagger Throw"],"picked":"Deadly Poison","floor":13.0},{"not_picked":["Cloak And Dagger","Finisher","Quick Slash"],"picked":"Singing Bowl","floor":14.0},{"not_picked":["After Image","Die Die Die"],"picked":"Wraith Form v2","floor":16.0},{"not_picked":["Cloak And Dagger","Predator"],"picked":"Dodge and Roll","floor":18.0},{"not_picked":["Dagger Spray","Choke"],"picked":"Leg Sweep","floor":19.0},{"not_picked":["Sucker Punch","Blade Dance","All Out Attack"],"picked":"Singing Bowl","floor":20.0},{"not_picked":["Dagger Throw","Concentrate","Terror"],"picked":"Singing Bowl","floor":24.0}],"player_experience":849584,"relics_obtained":[{"floor":5.0,"key":"Singing Bowl"},{"floor":7.0,"key":"Sundial"},{"floor":9.0,"key":"Bag of Preparation"},{"floor":24.0,"key":"Bag of Marbles"},{"floor":26.0,"key":"Blood Vial"}],"event_choices":[{"damage_healed":0.0,"max_hp_gain":0.0,"max_hp_loss":0.0,"gold_gain":0.0,"event_name":"The Woman in Blue","player_choice":"Bought 1 Potion","floor":2.0,"gold_loss":0.0,"damage_taken":0.0},{"damage_healed":0.0,"max_hp_gain":0.0,"max_hp_loss":0.0,"gold_gain":0.0,"event_name":"Big Fish","player_choice":"Box","floor":12.0,"gold_loss":0.0,"damage_taken":0.0,"relics_obtained":["Paper Crane"],"cards_obtained":["Regret"]},{"damage_healed":0.0,"max_hp_gain":0.0,"max_hp_loss":0.0,"gold_gain":0.0,"event_name":"Ghosts","player_choice":"Ignored","floor":21.0,"gold_loss":0.0,"damage_taken":0.0},{"damage_healed":0.0,"max_hp_gain":0.0,"max_hp_loss":0.0,"gold_gain":0.0,"event_name":"WeMeetAgain","player_choice":"Paid Gold","floor":22.0,"gold_loss":52.0,"damage_taken":0.0,"relics_obtained":["Potion Belt"]}],"is_beta":false,"boss_relics":[{"not_picked":["Velvet Choker","HoveringKite"],"picked":"WristBlade"}],"items_purged_floors":[],"is_endless":false,"potions_floor_spawned":[1,7,8,16,18],"killed_by":"Centurion and Healer","ascension_level":17}