{"gold_per_floor":[116,129,141,152,42,42,62,74,74,74,89,89,102,113,113,208,208,220,220,220,145,162,162,181,181,208,221,221,233,253,98,98,98],"floor_reached":33,"playtime":2778,"items_purged":["Strike_G"],"score":270,"play_id":"2657705b-4e30-409e-ae41-713027e8b551","local_time":"20180728234449","is_ascension_mode":false,"campfire_choices":[{"data":"Skewer","floor":6,"key":"SMITH"},{"floor":10,"key":"REST"},{"data":"Predator","floor":12,"key":"SMITH"},{"floor":15,"key":"REST"},{"data":"Dagger Spray","floor":23,"key":"SMITH"},{"floor":25,"key":"REST"},{"floor":28,"key":"REST"},{"floor":32,"key":"REST"}],"neow_cost":"NONE","seed_source_timestamp":274116933636802,"circlet_count":0,"master_deck":["Defend_G","Defend_G","Defend_G","Defend_G","Survivor","Neutralize","Predator+1","Outmaneuver","Poisoned Stab","Poisoned Stab","Skewer+1","Riddle With Holes","Endless Agony","Dagger Throw","Finisher","Glass Knife","Bane","Dagger Spray+1","Tactician","Leg Sweep","Dagger Spray","Bane","Bite","Bite","Bite","Bite","Bite","Crippling Poison+1","Backstab+1","Leg Sweep","Glass Knife"],"relics":["Ring of the Snake","Whetstone","Darkstone Periapt","Orrery","Paper Crane","Centennial Puzzle","Lantern"],"potions_floor_usage":[16,16,24,24,33,33],"damage_taken":[{"damage":2,"enemies":"Jaw Worm","floor":1,"turns":4},{"damage":0,"enemies":"2 Louse","floor":2,"turns":2},{"damage":0,"enemies":"Small Slimes","floor":3,"turns":3},{"damage":9,"enemies":"2 Fungi Beasts","floor":4,"turns":3},{"damage":14,"enemies":"Exordium Thugs","floor":7,"turns":4},{"damage":15,"enemies":"Gremlin Gang","floor":8,"turns":5},{"damage":0,"enemies":"Large Slime","floor":11,"turns":6},{"damage":8,"enemies":"Red Slaver","floor":13,"turns":4},{"damage":8,"enemies":"Lots of Slimes","floor":14,"turns":4},{"damage":40,"enemies":"Slime Boss","floor":16,"turns":12},{"damage":3,"enemies":"3 Byrds","floor":18,"turns":4},{"damage":5,"enemies":"Chosen","floor":22,"turns":4},{"damage":34,"enemies":"Snake Plant","floor":24,"turns":5},{"damage":0,"enemies":"Snecko","floor":27,"turns":3},{"damage":18,"enemies":"Cultist and Chosen","floor":29,"turns":6},{"damage":8,"enemies":"3 Cultists","floor":30,"turns":5},{"damage":83,"enemies":"Automaton","floor":33,"turns":6}],"seed_played":"6178041259903975677","potions_obtained":[{"floor":1,"key":"Weak Potion"},{"floor":3,"key":"Swift Potion"},{"floor":11,"key":"Dexterity Potion"},{"floor":13,"key":"Block Potion"},{"floor":18,"key":"Block Potion"},{"floor":27,"key":"Energy Potion"},{"floor":29,"key":"Explosive Potion"}],"is_trial":false,"path_per_floor":["M","M","M","M","$","R","M","M","T","R","M","R","M","M","R","B",null,"M","?","T","?","M","R","M","R","T","M","R","M","M","$","R"],"character_chosen":"THE_SILENT","items_purchased":["Skewer","Lantern"],"campfire_rested":5,"item_purchase_floors":[5,31],"current_hp_per_floor":[68,68,68,59,59,59,45,30,30,51,51,51,43,35,56,16,70,67,49,49,49,46,46,22,36,36,38,49,33,33,33,47,0],"gold":98,"neow_bonus":"RANDOM_COMMON_RELIC","is_prod":false,"is_daily":false,"chose_seed":false,"campfire_upgraded":3,"win_rate":0.0,"timestamp":1532835889,"path_taken":["M","M","M","M","$","R","M","M","T","R","M","R","M","M","R","BOSS","M","?","?","?","M","R","M","R","T","M","R","?","M","$","R","BOSS"],"build_version":"2018-07-26","purchased_purges":1,"victory":false,"max_hp_per_floor":[70,70,70,70,70,70,70,70,70,70,70,70,70,70,70,70,70,70,49,49,49,49,49,49,49,49,49,49,49,49,49,49,49],"card_choices":[{"not_picked":["Catalyst","Backflip"],"picked":"Predator","floor":1},{"not_picked":["Predator","Deflect"],"picked":"Outmaneuver","floor":2},{"not_picked":["Prepared","Outmaneuver"],"picked":"Poisoned Stab","floor":3},{"not_picked":["Quick Slash","Choke"],"picked":"Poisoned Stab","floor":4},{"not_picked":["Sucker Punch","Cloak And Dagger"],"picked":"Riddle With Holes","floor":7},{"not_picked":["Burst","Dagger Throw"],"picked":"Endless Agony","floor":8},{"not_picked":["Distraction","All Out Attack"],"picked":"Dagger Throw","floor":11},{"not_picked":["Deadly Poison","Acrobatics"],"picked":"Finisher","floor":13},{"not_picked":["Skewer","Distraction","Crippling Poison"],"picked":"SKIP","floor":14},{"not_picked":["Tools of the Trade","After Image"],"picked":"Glass Knife","floor":16},{"not_picked":["Outmaneuver","Reflex"],"picked":"Bane","floor":17},{"not_picked":["Blade Dance","Well Laid Plans"],"picked":"Dagger Spray","floor":17},{"not_picked":["Underhanded Strike","Bouncing Flask"],"picked":"Tactician","floor":17},{"not_picked":["Masterful Stab","Eviscerate"],"picked":"Leg Sweep","floor":17},{"not_picked":["Dagger Throw","Noxious Fumes"],"picked":"Dagger Spray","floor":17},{"not_picked":["Sucker Punch","Poisoned Stab"],"picked":"Bane","floor":18},{"not_picked":["Distraction","Riddle With Holes","Noxious Fumes"],"picked":"SKIP","floor":22},{"not_picked":["Caltrops","Catalyst"],"picked":"Crippling Poison+1","floor":24},{"not_picked":["Riddle With Holes","Cloak And Dagger"],"picked":"Backstab+1","floor":27},{"not_picked":["Cloak And Dagger","Sucker Punch+1"],"picked":"Leg Sweep","floor":29},{"not_picked":["Sucker Punch","Terror"],"picked":"Glass Knife","floor":30}],"player_experience":66647,"relics_obtained":[{"floor":9,"key":"Darkstone Periapt"},{"floor":20,"key":"Paper Crane"},{"floor":26,"key":"Centennial Puzzle"}],"event_choices":[{"event_name":"Vampires","player_choice":"Became a vampire","floor":19,"damage_taken":0},{"event_name":"Beggar","player_choice":"Gave Gold","floor":21,"damage_taken":0}],"is_beta":false,"boss_relics":[{"not_picked":["Lizard Tail","Cursed Key"],"picked":"Orrery"}],"items_purged_floors":[5],"is_endless":false,"potions_floor_spawned":[1,3,11,13,14,18,27,29],"killed_by":"Automaton","ascension_level":0}