{"gold_per_floor":[114,189,39,214,229,259,274,274,299,314,329,359,374,389,389,489,489,504,519,69,69,69,69,84,99,99,53,68,68,68,83,83,183,183,198,198,213,228,243,243,258,258,258,273,288,303,61,76,76,76],"floor_reached":51,"playtime":5618,"items_purged":["Doubt"],"score":709,"play_id":"d210399c-93cc-466c-87bd-a72ffc6a585a","local_time":"20180715131705","daily_mods":["Insanity","Terminal","Vintage"],"is_ascension_mode":false,"campfire_choices":[{"floor":8,"key":"REST"},{"floor":15,"key":"REST"},{"data":"Buffer","floor":23,"key":"SMITH"},{"floor":29,"key":"REST"},{"data":"Seek","floor":32,"key":"SMITH"},{"data":"Biased Cognition","floor":40,"key":"SMITH"},{"data":"Darkness","floor":42,"key":"SMITH"},{"floor":49,"key":"DIG"}],"neow_cost":"","seed_source_timestamp":214345115673116,"circlet_count":0,"master_deck":["Force Field","Defragment","All For One","Turbo","Core Surge","Rainbow","Strike_B","Storm","Heatsinks","Consume","All For One","Coolheaded","Blizzard+1","Storm","Echo Form","Defend_B","Coolheaded","Strike_B","Defend_B","Dualcast","Aggregate","Fusion","Rip and Tear","Cold Snap","Steam Power+1","Redo","Sweeping Beam","Darkness+1","Steam","Buffer+1","Static Discharge","Recycle","Scrape","Turbo","Meteor Strike","Thunder Strike","Multi-Cast","Force Field","Dualcast","Streamline+1","Glacier","Fusion","Reboot","Multi-Cast","Sunder","Rip and Tear","Conserve Battery+1","Leap","Gash","Buffer","Redo","Go for the Eyes","Seek+1","Beam Cell","Turbo","Biased Cognition+1","Apotheosis","Self Repair"],"special_seed":17727,"relics":["Cracked Core","Bottled Tornado","Art of War","Sundial","Happy Flower","Shuriken","Ancient Tea Set","Whetstone","War Paint","Peace Pipe","Torii","Bag of Preparation","Smiling Mask","Orrery","Omamori","Calipers","Meat on the Bone","Regal Pillow","Bottled Lightning","Bird Faced Urn","DataDisk","Pear","Oddly Smooth Stone","Lantern","Cursed Key","Blood Vial","Cables","Ginger","Kunai","Anchor","Question Card","Gremlin Horn","Strawberry","Shovel","Symbiotic Virus","Darkstone Periapt"],"potions_floor_usage":[6,13,16,16,18,18,24,24,25,28,33,37,39,45],"damage_taken":[{"damage":0,"enemies":"Small Slimes","floor":1,"turns":3},{"damage":6,"enemies":"Jaw Worm","floor":5,"turns":3},{"damage":17,"enemies":"Gremlin Nob","floor":6,"turns":3},{"damage":0,"enemies":"2 Louse","floor":7,"turns":3},{"damage":0,"enemies":"Large Slime","floor":10,"turns":6},{"damage":7,"enemies":"2 Fungi Beasts","floor":11,"turns":3},{"damage":16,"enemies":"Gremlin Gang","floor":13,"turns":5},{"damage":1,"enemies":"Exordium Thugs","floor":14,"turns":4},{"damage":5,"enemies":"Hexaghost","floor":16,"turns":4},{"damage":1,"enemies":"Shell Parasite","floor":18,"turns":5},{"damage":0,"enemies":"Chosen","floor":19,"turns":4},{"damage":0,"enemies":"Snecko","floor":24,"turns":3},{"damage":23,"enemies":"3 Cultists","floor":25,"turns":5},{"damage":6,"enemies":"Centurion and Healer","floor":28,"turns":6},{"damage":0,"enemies":"Snake Plant","floor":31,"turns":4},{"damage":33,"enemies":"Collector","floor":33,"turns":8},{"damage":0,"enemies":"Orb Walker","floor":35,"turns":3},{"damage":12,"enemies":"Flame Bruiser 1 Orb","floor":37,"turns":4},{"damage":0,"enemies":"4 Shapes","floor":38,"turns":4},{"damage":10,"enemies":"Flame Bruiser 2 Orb","floor":39,"turns":4},{"damage":0,"enemies":"Spire Growth","floor":41,"turns":3},{"damage":0,"enemies":"3 Darklings","floor":44,"turns":4},{"damage":0,"enemies":"4 Shapes","floor":45,"turns":4},{"damage":0,"enemies":"Sphere and 2 Shapes","floor":46,"turns":6},{"damage":0,"enemies":"Flame Bruiser 2 Orb","floor":48,"turns":2},{"damage":1,"enemies":"Time Eater","floor":50,"turns":7}],"seed_played":"-3267651053854438972","potions_obtained":[{"floor":1,"key":"Swift Potion"},{"floor":10,"key":"FocusPotion"},{"floor":11,"key":"FearPotion"},{"floor":13,"key":"EntropicBrew"},{"floor":14,"key":"LiquidBronze"},{"floor":16,"key":"FocusPotion"},{"floor":25,"key":"Strength Potion"},{"floor":28,"key":"GamblersBrew"},{"floor":33,"key":"EssenceOfSteel"},{"floor":35,"key":"Energy Potion"},{"floor":44,"key":"PowerPotion"},{"floor":45,"key":"FairyPotion"}],"is_trial":false,"path_per_floor":["M","?","$","?","M","E","M","R","T","M","M","?","M","M","R","B",null,"M","M","$","?","?","R","M","M","T","$","M","R","?","M","R","B",null,"M","?","M","M","M","R","M","R","T","M","M","M","$","M","R","B"],"character_chosen":"DEFECT","items_purchased":["Art of War","Meat on the Bone","Regal Pillow","Turbo","Apotheosis","Self Repair"],"campfire_rested":3,"item_purchase_floors":[3,20,20,27,47,47],"current_hp_per_floor":[73,62,62,62,56,39,39,59,59,59,52,52,36,35,53,48,57,56,55,54,53,52,51,50,27,27,27,43,55,64,63,62,39,60,59,58,46,56,50,50,53,52,51,50,56,55,54,53,52,51],"gold":76,"neow_bonus":"","is_prod":false,"is_daily":true,"chose_seed":false,"campfire_upgraded":4,"win_rate":0,"timestamp":1531631825,"path_taken":["M","?","$","?","M","E","M","R","T","M","M","?","M","M","R","BOSS","M","?","$","?","?","R","M","M","T","?","?","R","?","M","R","BOSS","M","?","M","M","?","R","M","R","T","M","M","M","$","M","R","BOSS"],"build_version":"2018-07-12","purchased_purges":1,"victory":true,"max_hp_per_floor":[73,72,71,70,69,68,67,66,65,64,63,62,61,60,59,58,57,56,55,54,53,52,51,50,49,48,47,56,55,64,63,62,61,60,59,58,57,56,55,54,53,52,51,50,56,55,54,53,52,51],"card_choices":[{"not_picked":["Coolheaded","Conserve Battery"],"picked":"Gash","floor":6},{"not_picked":["All For One","Thunder Strike"],"picked":"Buffer","floor":16},{"not_picked":["Ball Lightning","Leap"],"picked":"Redo","floor":17},{"not_picked":["Steam","Conserve Battery"],"picked":"Go for the Eyes","floor":17},{"not_picked":["Cold Snap","Rebound"],"picked":"Seek","floor":17},{"not_picked":["Recycle","Ball Lightning"],"picked":"Beam Cell","floor":17},{"not_picked":["Rainbow","Fission"],"picked":"Biased Cognition","floor":33}],"player_experience":681655,"relics_obtained":[{"floor":1,"key":"Bottled Tornado"},{"floor":5,"key":"Sundial"},{"floor":6,"key":"Happy Flower"},{"floor":7,"key":"Shuriken"},{"floor":9,"key":"Ancient Tea Set"},{"floor":10,"key":"Whetstone"},{"floor":11,"key":"War Paint"},{"floor":13,"key":"Torii"},{"floor":14,"key":"Bag of Preparation"},{"floor":16,"key":"Smiling Mask"},{"floor":18,"key":"Omamori"},{"floor":19,"key":"Calipers"},{"floor":24,"key":"Bottled Lightning"},{"floor":25,"key":"Bird Faced Urn"},{"floor":26,"key":"DataDisk"},{"floor":28,"key":"Pear"},{"floor":31,"key":"Oddly Smooth Stone"},{"floor":33,"key":"Lantern"},{"floor":35,"key":"Blood Vial"},{"floor":37,"key":"Cables"},{"floor":38,"key":"Ginger"},{"floor":39,"key":"Kunai"},{"floor":41,"key":"Anchor"},{"floor":43,"key":"Question Card"},{"floor":44,"key":"Gremlin Horn"},{"floor":45,"key":"Strawberry"},{"floor":46,"key":"Shovel"},{"floor":48,"key":"Symbiotic Virus"},{"floor":49,"key":"Darkstone Periapt"}],"event_choices":[{"event_name":"World of Goop","player_choice":"Gather Gold","floor":2,"damage_taken":0},{"event_name":"Liars Game","player_choice":"agreed","floor":4,"damage_taken":0},{"event_name":"Dead Adventurer","player_choice":"Searched \u00273\u0027 times","floor":12,"damage_taken":0},{"event_name":"Ghosts","player_choice":"Ignored","floor":21,"damage_taken":0},{"event_name":"Addict","player_choice":"Ignored","floor":22,"damage_taken":0},{"event_name":"Bonfire Elementals","player_choice":"RARE","floor":30,"damage_taken":0},{"event_name":"Falling","player_choice":"Removed Skill","floor":36,"damage_taken":0}],"boss_relics":[{"not_picked":["Runic Pyramid","Velvet Choker"],"picked":"Orrery"},{"not_picked":["Tiny House","Nuclear Battery"],"picked":"Cursed Key"}],"items_purged_floors":[20],"is_endless":false,"potions_floor_spawned":[1,10,11,13,14,16,25,28,33,35,44,45],"ascension_level":0}