{"gold_per_floor":[116,130,150,166,178,178,209,229,256,256,256,267,232,294,294,391,391,406,417,417,417,137,137,137,157,180,180,190,190,115,132,132,235,235,253,253,0,0,16,116,128,200,200,200,226,240,240,254,254,254,254,254,13,48,48],"floor_reached":56,"playtime":3134,"items_purged":[],"score":1204,"play_id":"7791d315-0150-40ba-bd21-2638390cc11c","local_time":"20190706233326","is_ascension_mode":false,"campfire_choices":[{"data":"Shrug It Off","floor":6.0,"key":"SMITH"},{"data":"Barricade","floor":10.0,"key":"SMITH"},{"floor":15.0,"key":"REST"},{"data":"Juggernaut","floor":23.0,"key":"SMITH"},{"floor":27.0,"key":"RECALL"},{"data":"Shockwave","floor":29.0,"key":"SMITH"},{"data":"Disarm","floor":32.0,"key":"SMITH"},{"data":"Metallicize","floor":47.0,"key":"SMITH"},{"data":"Metallicize","floor":49.0,"key":"SMITH"},{"data":"Bash","floor":52.0,"key":"SMITH"}],"neow_cost":"NONE","seed_source_timestamp":1985533647763883,"circlet_count":0,"master_deck":["Defend_R+1","Defend_R+1","Defend_R+1","Bash+1","Battle Trance+1","Shrug It Off+1","Barricade+1","Shockwave+1","Juggernaut+1","Metallicize+1","Bite","Bite","Bite","Bite","Body Slam+1","Metallicize+1","Pummel+1","Disarm+1","Armaments+1","Body Slam+1","Body Slam+1","Parasite","Clothesline+1"],"special_seed":0,"relics":["Burning Blood","Juzu Bracelet","Oddly Smooth Stone","Eternal Feather","War Paint","Pen Nib","Potion Belt","Velvet Choker","Red Mask","Mango","Frozen Egg 2","PreservedInsect","Happy Flower","Ornamental Fan","Self Forming Clay"],"potions_floor_usage":[54,54,55],"damage_taken":[{"damage":7.0,"enemies":"2 Louse","floor":1.0,"turns":3.0},{"damage":11.0,"enemies":"Jaw Worm","floor":2.0,"turns":3.0},{"damage":6.0,"enemies":"Cultist","floor":3.0,"turns":3.0},{"damage":16.0,"enemies":"2 Fungi Beasts","floor":4.0,"turns":4.0},{"damage":8.0,"enemies":"Large Slime","floor":5.0,"turns":6.0},{"damage":20.0,"enemies":"Gremlin Nob","floor":7.0,"turns":4.0},{"damage":16.0,"enemies":"3 Louse","floor":8.0,"turns":5.0},{"damage":3.0,"enemies":"Looter","floor":12.0,"turns":4.0},{"damage":34.0,"enemies":"Gremlin Nob","floor":14.0,"turns":5.0},{"damage":6.0,"enemies":"The Guardian","floor":16.0,"turns":34.0},{"damage":31.0,"enemies":"Chosen","floor":18.0,"turns":10.0},{"damage":24.0,"enemies":"3 Byrds","floor":19.0,"turns":8.0},{"damage":6.0,"enemies":"Snake Plant","floor":25.0,"turns":7.0},{"damage":30.0,"enemies":"3 Cultists","floor":28.0,"turns":7.0},{"damage":23.0,"enemies":"Cultist and Chosen","floor":31.0,"turns":9.0},{"damage":55.0,"enemies":"Collector","floor":33.0,"turns":11.0},{"damage":8.0,"enemies":"Orb Walker","floor":35.0,"turns":6.0},{"damage":7.0,"enemies":"3 Shapes","floor":39.0,"turns":7.0},{"damage":6.0,"enemies":"Mind Bloom Boss Battle","floor":40.0,"turns":6.0},{"damage":7.0,"enemies":"Transient","floor":41.0,"turns":5.0},{"damage":0.0,"enemies":"Giant Head","floor":45.0,"turns":9.0},{"damage":17.0,"enemies":"Jaw Worm Horde","floor":46.0,"turns":5.0},{"damage":0.0,"enemies":"Writhing Mass","floor":48.0,"turns":4.0},{"damage":7.0,"enemies":"Awakened One","floor":50.0,"turns":16.0},{"damage":35,"enemies":"Shield and Spear","floor":54,"turns":8},{"damage":80,"enemies":"The Heart","floor":55,"turns":12}],"seed_played":"7574971381540093983","potions_obtained":[{"floor":1.0,"key":"Poison Potion"},{"floor":4.0,"key":"Block Potion"},{"floor":7.0,"key":"PowerPotion"},{"floor":12.0,"key":"GamblersBrew"},{"floor":18.0,"key":"AttackPotion"},{"floor":25.0,"key":"SpeedPotion"},{"floor":31.0,"key":"SkillPotion"},{"floor":40.0,"key":"Energy Potion"},{"floor":41.0,"key":"Poison Potion"},{"floor":45.0,"key":"Block Potion"},{"floor":46.0,"key":"Weak Potion"},{"floor":48.0,"key":"BloodPotion"}],"is_trial":false,"path_per_floor":["M","M","M","M","M","R","E","M","T","R","?","M","?","?","R","B",null,"M","M","?","?","$","R","?","M","T","R","M","R","?","M","R","B",null,"M","?","?","?","M","?","M","T","T","?","E","M","R","M","R","B",null,"R","$","E","B",null],"character_chosen":"IRONCLAD","items_purchased":["Body Slam","Metallicize","Pen Nib","Ornamental Fan"],"campfire_rested":1,"item_purchase_floors":[22,22,22,53],"current_hp_per_floor":[87,82,82,72,70,70,56,46,46,46,28,31,53,25,51,51,88,63,45,45,45,45,54,44,50,50,59,43,52,52,49,58,19,66,66,66,66,66,65,80,79,79,79,79,80,71,80,80,80,80,80,80,80,80,14],"gold":48,"neow_bonus":"TEN_PERCENT_HP_BONUS","is_prod":false,"is_daily":false,"chose_seed":false,"campfire_upgraded":8,"win_rate":0,"timestamp":1562470406,"path_taken":["M","M","M","M","M","R","E","M","T","R","?","M","?","?","R","BOSS","M","M","?","?","?","R","?","M","T","R","M","R","?","M","R","BOSS","M","?","?","?","M","?","M","?","T","?","E","M","R","M","R","BOSS","R","$","E","BOSS"],"build_version":"2019-07-05","purchased_purges":0,"victory":true,"max_hp_per_floor":[88,88,88,88,88,88,88,88,88,88,88,88,88,88,88,88,88,88,88,88,61,61,61,66,66,66,66,66,66,66,66,66,66,66,66,66,66,66,66,80,80,80,80,80,80,80,80,80,80,80,80,80,80,80,80],"card_choices":[{"not_picked":["Power Through","Twin Strike","Pommel Strike"],"picked":"SKIP","floor":1.0},{"not_picked":["Iron Wave","Ghostly Armor","Body Slam"],"picked":"SKIP","floor":2.0},{"not_picked":["Heavy Blade","Headbutt","True Grit"],"picked":"SKIP","floor":3.0},{"not_picked":["Sword Boomerang","Metallicize"],"picked":"Battle Trance","floor":4.0},{"not_picked":["Blood for Blood","Twin Strike"],"picked":"Shrug It Off","floor":5.0},{"not_picked":["Heavy Blade","Iron Wave"],"picked":"Barricade","floor":7.0},{"not_picked":["Flex","Pommel Strike","Warcry"],"picked":"SKIP","floor":8.0},{"not_picked":["Pommel Strike","Rampage","Inflame"],"picked":"SKIP","floor":12.0},{"not_picked":["Perfected Strike","Headbutt"],"picked":"Shockwave","floor":14.0},{"not_picked":["Dark Embrace","Immolate"],"picked":"Juggernaut","floor":16.0},{"not_picked":["Reckless Charge","Wild Strike"],"picked":"Metallicize","floor":18.0},{"not_picked":["Anger","Sword Boomerang","Warcry+1"],"picked":"SKIP","floor":19.0},{"not_picked":["Warcry","Heavy Blade","Pommel Strike+1"],"picked":"SKIP","floor":25.0},{"not_picked":["Corruption","Searing Blow"],"picked":"Pummel+1","floor":28.0},{"not_picked":["Infernal Blade","Fire Breathing+1"],"picked":"Disarm","floor":31.0},{"not_picked":["Feel No Pain","Sword Boomerang+1","Blood for Blood"],"picked":"SKIP","floor":35.0},{"not_picked":["Pommel Strike","Fire Breathing","Havoc"],"picked":"SKIP","floor":39.0},{"not_picked":["Clothesline+1","Headbutt"],"picked":"Armaments+1","floor":40.0},{"not_picked":["Wild Strike","Shockwave+1"],"picked":"Body Slam+1","floor":41.0},{"not_picked":["Iron Wave","Reaper"],"picked":"Body Slam+1","floor":45.0},{"not_picked":["Clothesline","Wild Strike+1","Rupture+1"],"picked":"SKIP","floor":46.0},{"not_picked":["Heavy Blade","Fiend Fire","Pommel Strike"],"picked":"SKIP","floor":48.0},{"not_picked":["Inflame+1","Pommel Strike"],"picked":"Clothesline+1","floor":54}],"player_experience":430338,"relics_obtained":[{"floor":7.0,"key":"Juzu Bracelet"},{"floor":14.0,"key":"Oddly Smooth Stone"},{"floor":26.0,"key":"Potion Belt"},{"floor":40.0,"key":"Mango"},{"floor":42.0,"key":"Frozen Egg 2"},{"floor":43.0,"key":"PreservedInsect"},{"floor":45.0,"key":"Happy Flower"},{"floor":54,"key":"Self Forming Clay"}],"event_choices":[{"damage_healed":0.0,"max_hp_gain":0.0,"max_hp_loss":0.0,"gold_gain":0.0,"event_name":"Shining Light","player_choice":"Entered Light","floor":11.0,"gold_loss":0.0,"damage_taken":18.0,"cards_upgraded":["Defend_R","Battle Trance"]},{"damage_healed":22.0,"max_hp_gain":0.0,"max_hp_loss":0.0,"gold_gain":0.0,"event_name":"The Cleric","player_choice":"Healed","floor":13.0,"gold_loss":35.0,"damage_taken":0.0},{"damage_healed":0.0,"max_hp_gain":0.0,"max_hp_loss":0.0,"gold_gain":0.0,"event_name":"Dead Adventurer","player_choice":"Searched \u00272\u0027 times","floor":14.0,"gold_loss":0.0,"damage_taken":0.0},{"damage_healed":0.0,"max_hp_gain":0.0,"max_hp_loss":0.0,"gold_gain":0.0,"event_name":"The Mausoleum","player_choice":"Opened","floor":20.0,"gold_loss":0.0,"damage_taken":0.0,"relics_obtained":["War Paint"]},{"damage_healed":0.0,"max_hp_gain":0.0,"max_hp_loss":27.0,"gold_gain":0.0,"event_name":"Vampires","player_choice":"Became a vampire","floor":21.0,"gold_loss":0.0,"damage_taken":0.0,"cards_obtained":["Bite","Bite","Bite","Bite","Bite"]},{"damage_healed":0.0,"max_hp_gain":5.0,"max_hp_loss":0.0,"gold_gain":0.0,"event_name":"Forgotten Altar","player_choice":"Shed Blood","floor":24.0,"gold_loss":0.0,"damage_taken":15.0},{"cards_removed":["Bite"],"damage_healed":0.0,"max_hp_gain":0.0,"max_hp_loss":0.0,"gold_gain":0.0,"event_name":"Beggar","player_choice":"Gave Gold","floor":30.0,"gold_loss":75.0,"damage_taken":0.0},{"cards_removed":["Defend_R"],"damage_healed":0.0,"max_hp_gain":0.0,"max_hp_loss":0.0,"gold_gain":0.0,"event_name":"Falling","player_choice":"Removed Skill","floor":36.0,"gold_loss":0.0,"damage_taken":0.0},{"damage_healed":0.0,"max_hp_gain":0.0,"max_hp_loss":0.0,"gold_gain":0.0,"event_name":"Tomb of Lord Red Mask","player_choice":"Paid","floor":37.0,"gold_loss":253.0,"damage_taken":0.0,"relics_obtained":["Red Mask"]},{"damage_healed":0.0,"max_hp_gain":0.0,"max_hp_loss":0.0,"gold_gain":0.0,"event_name":"Mysterious Sphere","player_choice":"Ignored","floor":38.0,"gold_loss":0.0,"damage_taken":0.0},{"damage_healed":0.0,"max_hp_gain":0.0,"max_hp_loss":0.0,"gold_gain":0.0,"event_name":"MindBloom","player_choice":"Fight","floor":40.0,"gold_loss":0.0,"damage_taken":0.0},{"damage_healed":0.0,"max_hp_gain":0.0,"max_hp_loss":0.0,"gold_gain":0.0,"event_name":"Upgrade Shrine","player_choice":"Upgraded","floor":44.0,"gold_loss":0.0,"damage_taken":0.0,"cards_upgraded":["Body Slam"]}],"is_beta":false,"boss_relics":[{"not_picked":["Tiny House","Fusion Hammer"],"picked":"Eternal Feather"},{"not_picked":["Runic Pyramid","Black Blood"],"picked":"Velvet Choker"}],"items_purged_floors":[],"is_endless":false,"potions_floor_spawned":[1,4,7,12,16,18,25,31,40,41,45,46,48],"ascension_level":0}