{"gold_per_floor":[119,119,119,135,148,174,190,190,266,231,250,261,261,278,278,377,377,387,387,28,28,28,28,41,41,41,57,57,57,72,91,91,189,189,206,306,84,84,99,99,99,114,114,128,128,128,128,138,138,138,138,138,138,168,168],"floor_reached":55,"playtime":4543,"items_purged":["Parasite"],"score":730,"play_id":"3f367313-b003-4613-bdad-fa7435c8750e","local_time":"20190831004719","is_ascension_mode":true,"campfire_choices":[{"floor":13,"key":"RECALL"},{"floor":15,"key":"REST"},{"data":"Dodge and Roll","floor":23,"key":"SMITH"},{"data":"Backflip","floor":25,"key":"SMITH"},{"data":"Dodge and Roll","floor":32,"key":"SMITH"},{"data":"Deadly Poison","floor":41,"key":"SMITH"},{"data":"Burst","floor":47,"key":"SMITH"},{"data":"PiercingWail","floor":49,"key":"SMITH"},{"data":"Bouncing Flask","floor":52,"key":"SMITH"}],"neow_cost":"NONE","seed_source_timestamp":68212520781600,"circlet_count":0,"master_deck":["Strike_G","Strike_G","Defend_G+1","Defend_G","Survivor+1","Neutralize+1","Dodge and Roll+1","Predator","Bouncing Flask+1","Dodge and Roll+1","PiercingWail+1","Footwork","Finisher","Footwork","After Image","Outmaneuver","Slice","Backflip+1","Dash+1","Deadly Poison+1","Burst+1","Skewer","Dodge and Roll+1","Envenom","Burst+1","Noxious Fumes+1","Sucker Punch+1","Blur+1","Bouncing Flask+1","Flash of Steel","Slice+1","Deflect+1","Well Laid Plans+1","Deadly Poison+1","Deflect"],"relics":["Ring of the Snake","Ice Cream","Coffee Dripper","Chemical X","Bag of Marbles","Pear","Astrolabe","The Specimen","PreservedInsect","Gremlin Horn","Blood Vial"],"potions_floor_usage":[11,16,22,33,33,42,48,50,55,55],"damage_taken":[{"damage":5,"enemies":"Jaw Worm","floor":1,"turns":5},{"damage":0,"enemies":"2 Louse","floor":4,"turns":4},{"damage":0,"enemies":"Small Slimes","floor":5,"turns":4},{"damage":21,"enemies":"Gremlin Nob","floor":6,"turns":5},{"damage":3,"enemies":"3 Louse","floor":7,"turns":3},{"damage":9,"enemies":"Exordium Thugs","floor":11,"turns":7},{"damage":0,"enemies":"Looter","floor":12,"turns":5},{"damage":8,"enemies":"Large Slime","floor":14,"turns":8},{"damage":0,"enemies":"Hexaghost","floor":16,"turns":11},{"damage":0,"enemies":"Chosen","floor":18,"turns":9},{"damage":3,"enemies":"2 Thieves","floor":22,"turns":4},{"damage":6,"enemies":"Snecko","floor":24,"turns":7},{"damage":3,"enemies":"3 Cultists","floor":27,"turns":10},{"damage":6,"enemies":"Cultist and Chosen","floor":30,"turns":9},{"damage":12,"enemies":"Snecko","floor":31,"turns":5},{"damage":41,"enemies":"Champ","floor":33,"turns":14},{"damage":0,"enemies":"Orb Walker","floor":35,"turns":5},{"damage":2,"enemies":"Mind Bloom Boss Battle","floor":36,"turns":7},{"damage":1,"enemies":"3 Shapes","floor":39,"turns":6},{"damage":12,"enemies":"Maw","floor":42,"turns":7},{"damage":3,"enemies":"Jaw Worm Horde","floor":44,"turns":5},{"damage":37,"enemies":"Spire Growth","floor":48,"turns":5},{"damage":17,"enemies":"Donu and Deca","floor":50,"turns":9},{"damage":56,"enemies":"Shield and Spear","floor":54,"turns":7},{"damage":43,"enemies":"The Heart","floor":55,"turns":2}],"seed_played":"-2716917802380337273","potions_obtained":[{"floor":4,"key":"Fire Potion"},{"floor":7,"key":"Block Potion"},{"floor":12,"key":"Fire Potion"},{"floor":16,"key":"Ancient Potion"},{"floor":24,"key":"FearPotion"},{"floor":27,"key":"Fire Potion"},{"floor":40,"key":"Swift Potion"},{"floor":40,"key":"Ancient Potion"},{"floor":42,"key":"Fire Potion"},{"floor":48,"key":"Dexterity Potion"}],"is_trial":false,"path_per_floor":["M","?","?","M","M","E","M","?","T","?","M","M","R","M","R","B",null,"M","?","$","$","M","R","M","R","T","M","?","?","M","M","R","B",null,"M","?","$","?","M","?","R","M","T","M","$","?","R","M","R","B",null,"R","$","E","B"],"character_chosen":"THE_SILENT","items_purchased":["Chemical X","Bag of Marbles","PreservedInsect"],"campfire_rested":1,"item_purchase_floors":[20,20,37],"current_hp_per_floor":[65,65,51,51,51,30,27,44,44,61,52,52,52,44,65,65,70,70,70,70,70,67,67,61,61,71,68,68,68,62,50,50,9,80,80,78,77,77,76,76,76,64,64,61,61,61,61,24,24,7,73,73,73,17,0],"gold":168,"neow_bonus":"UPGRADE_CARD","is_prod":false,"is_daily":false,"chose_seed":false,"campfire_upgraded":7,"win_rate":0,"timestamp":1567230439,"path_taken":["M","?","?","M","M","E","M","?","T","?","M","M","R","M","R","BOSS","M","?","?","$","M","R","M","R","T","M","?","?","M","M","R","BOSS","M","?","$","?","M","?","R","?","T","M","$","?","R","M","R","BOSS","R","$","E","BOSS"],"build_version":"2019-07-17","purchased_purges":1,"victory":false,"max_hp_per_floor":[70,70,70,70,70,70,70,70,70,70,70,70,70,70,70,70,70,70,70,70,70,70,70,70,70,80,80,80,80,80,80,80,80,80,80,80,77,77,77,77,77,77,77,77,77,73,73,73,73,73,73,73,73,73,73],"card_choices":[{"not_picked":["Slice","Bane"],"picked":"Dodge and Roll","floor":1},{"not_picked":["Blur","Poisoned Stab"],"picked":"Predator","floor":4},{"not_picked":["Underhanded Strike","Flying Knee"],"picked":"Bouncing Flask","floor":5},{"not_picked":["Doppelganger","Endless Agony"],"picked":"Dodge and Roll","floor":6},{"not_picked":["Poisoned Stab","Bane"],"picked":"PiercingWail","floor":7},{"not_picked":["Endless Agony","Underhanded Strike"],"picked":"Footwork","floor":11},{"not_picked":["Flying Knee","Dagger Throw"],"picked":"Finisher","floor":12},{"not_picked":["Bane","Deflect"],"picked":"Footwork","floor":14},{"not_picked":["A Thousand Cuts","Glass Knife"],"picked":"After Image","floor":16},{"not_picked":["Underhanded Strike","Bane"],"picked":"Outmaneuver","floor":18},{"not_picked":["Quick Slash","Blade Dance"],"picked":"Slice","floor":22},{"not_picked":["PiercingWail","Unload"],"picked":"Backflip","floor":24},{"not_picked":["Outmaneuver","Underhanded Strike"],"picked":"Dash+1","floor":27},{"not_picked":["Slice+1","Prepared"],"picked":"Skewer","floor":30},{"not_picked":["Endless Agony+1","Slice"],"picked":"Dodge and Roll","floor":31},{"not_picked":["Venomology","Night Terror"],"picked":"Envenom","floor":33},{"not_picked":["Slice+1","Dagger Throw"],"picked":"Blur+1","floor":35},{"not_picked":["Heel Hook","Setup"],"picked":"Bouncing Flask+1","floor":36},{"not_picked":["Discovery","Blind"],"picked":"Flash of Steel","floor":38},{"not_picked":["Endless Agony","Underhanded Strike"],"picked":"Slice+1","floor":39},{"not_picked":["Prepared","Dagger Throw+1"],"picked":"Deflect+1","floor":42},{"not_picked":["Accuracy","Finisher"],"picked":"Well Laid Plans+1","floor":44},{"not_picked":["Dagger Spray+1","Blade Dance"],"picked":"Deadly Poison+1","floor":48},{"not_picked":["Flying Knee","Prepared"],"picked":"Deflect","floor":54}],"player_experience":247474,"relics_obtained":[{"floor":6,"key":"Ice Cream"},{"floor":26,"key":"Pear"},{"floor":36,"key":"The Specimen"},{"floor":43,"key":"Gremlin Horn"},{"floor":54,"key":"Blood Vial"}],"event_choices":[{"damage_healed":0,"gold_gain":0,"player_choice":"Grow","damage_taken":0,"max_hp_gain":0,"max_hp_loss":0,"event_name":"Living Wall","floor":2,"gold_loss":0,"cards_upgraded":["Dodge and Roll"]},{"damage_healed":0,"gold_gain":0,"player_choice":"Entered Light","damage_taken":14,"max_hp_gain":0,"max_hp_loss":0,"event_name":"Shining Light","floor":3,"gold_loss":0,"cards_upgraded":["Defend_G","Survivor"]},{"damage_healed":17,"gold_gain":0,"player_choice":"Healed and dodged fight","damage_taken":0,"max_hp_gain":0,"max_hp_loss":0,"event_name":"Mushrooms","floor":8,"gold_loss":0,"cards_obtained":["Parasite"]},{"damage_healed":17,"gold_gain":0,"player_choice":"Healed","damage_taken":0,"max_hp_gain":0,"max_hp_loss":0,"event_name":"The Cleric","floor":10,"gold_loss":35},{"cards_removed":["Strike_G"],"damage_healed":0,"gold_gain":0,"player_choice":"Purged","damage_taken":0,"max_hp_gain":0,"max_hp_loss":0,"event_name":"Purifier","floor":19,"gold_loss":0},{"damage_healed":0,"gold_gain":0,"cards_transformed":["Defend_G","Strike_G"],"player_choice":"Became Test Subject","damage_taken":0,"max_hp_gain":0,"max_hp_loss":0,"event_name":"Drug Dealer","floor":28,"gold_loss":0,"cards_obtained":["Deadly Poison","Burst"]},{"damage_healed":0,"gold_gain":0,"player_choice":"Bought 0 Potions","damage_taken":0,"max_hp_gain":0,"max_hp_loss":0,"event_name":"The Woman in Blue","floor":29,"gold_loss":0},{"damage_healed":0,"gold_gain":0,"player_choice":"Fight","damage_taken":0,"max_hp_gain":0,"max_hp_loss":0,"event_name":"MindBloom","floor":36,"gold_loss":0},{"damage_healed":0,"gold_gain":0,"player_choice":"Memory 1","damage_taken":0,"max_hp_gain":0,"max_hp_loss":0,"event_name":"SensoryStone","floor":38,"gold_loss":0},{"damage_healed":0,"gold_gain":0,"player_choice":"Got Potions","damage_taken":0,"max_hp_gain":0,"max_hp_loss":0,"event_name":"Lab","floor":40,"gold_loss":0},{"damage_healed":0,"gold_gain":0,"player_choice":"Max HP","damage_taken":0,"max_hp_gain":0,"max_hp_loss":4,"event_name":"Winding Halls","floor":46,"gold_loss":0}],"is_beta":false,"boss_relics":[{"not_picked":["Velvet Choker","WristBlade"],"picked":"Coffee Dripper"},{"not_picked":["Ring of the Serpent","Orrery"],"picked":"Astrolabe"}],"items_purged_floors":[37],"is_endless":false,"potions_floor_spawned":[4,7,12,16,24,27,31,42,44,48],"killed_by":"The Heart","ascension_level":1}