{"gold_per_floor":[116,116,131,142,317,346,346,346,346,360,360,393,74,103,103,203,203,217,217,78,88,42,71,71,88,113,213,230,230,230,243,243,243],"floor_reached":33,"playtime":2284,"items_purged":["Doubt","Strike_G"],"score":395,"play_id":"6636d6a2-26c5-415e-a47e-5e7f3ce6327c","local_time":"20190521210710","is_ascension_mode":true,"campfire_choices":[{"floor":7.0,"key":"REST"},{"floor":11.0,"key":"REST"},{"floor":15.0,"key":"REST"},{"floor":24.0,"key":"REST"},{"floor":29.0,"key":"REST"},{"floor":32.0,"key":"REST"}],"neow_cost":"NONE","seed_source_timestamp":558884271382634,"circlet_count":0,"master_deck":["Defend_G","Defend_G","Defend_G","Defend_G","Defend_G","Strike_G","Strike_G","Strike_G","Survivor","Neutralize+1","Underhanded Strike","Well Laid Plans","Flying Knee","Flying Knee","Tools of the Trade","Underhanded Strike","Backstab","Flying Knee","Outmaneuver","Tactician","Corpse Explosion","RitualDagger","Noxious Fumes","Bane+1","Flying Knee","Burst","Blur","Backflip+1"],"special_seed":0,"relics":["Ring of the Snake","Bottled Tornado","Singing Bowl","Lantern","PreservedInsect","Anchor","Lizard Tail","Pen Nib","Strawberry"],"potions_floor_usage":[33,33],"damage_taken":[{"damage":0.0,"enemies":"2 Louse","floor":1.0,"turns":3.0},{"damage":0.0,"enemies":"Cultist","floor":3.0,"turns":3.0},{"damage":0.0,"enemies":"Jaw Worm","floor":4.0,"turns":3.0},{"damage":64.0,"enemies":"Gremlin Nob","floor":6.0,"turns":7.0},{"damage":12.0,"enemies":"Large Slime","floor":10.0,"turns":9.0},{"damage":10.0,"enemies":"3 Sentries","floor":12.0,"turns":7.0},{"damage":16.0,"enemies":"Gremlin Nob","floor":14.0,"turns":3.0},{"damage":23.0,"enemies":"Slime Boss","floor":16.0,"turns":15.0},{"damage":0.0,"enemies":"3 Byrds","floor":18.0,"turns":4.0},{"damage":22.0,"enemies":"Shell Parasite","floor":21.0,"turns":6.0},{"damage":37.0,"enemies":"Gremlin Leader","floor":23.0,"turns":6.0},{"damage":14.0,"enemies":"Snake Plant","floor":25.0,"turns":6.0},{"damage":25.0,"enemies":"Chosen and Byrds","floor":28.0,"turns":5.0},{"damage":52.0,"enemies":"3 Cultists","floor":31.0,"turns":5.0},{"damage":86,"enemies":"Champ","floor":33,"turns":13}],"seed_played":"2188136399505942901","potions_obtained":[{"floor":6.0,"key":"LiquidBronze"},{"floor":10.0,"key":"FairyPotion"},{"floor":12.0,"key":"Ancient Potion"},{"floor":16.0,"key":"AttackPotion"},{"floor":23.0,"key":"Block Potion"},{"floor":28.0,"key":"AttackPotion"},{"floor":31.0,"key":"PowerPotion"}],"is_trial":false,"path_per_floor":["M","?","M","M","?","E","R","?","T","M","R","E","$","E","R","B",null,"M","?","$","M","$","E","R","M","T","?","M","R","$","M","R","B"],"character_chosen":"THE_SILENT","items_purchased":["PreservedInsect","Flying Knee","Outmaneuver","Noxious Fumes","Flying Knee"],"campfire_rested":6,"item_purchase_floors":[13,13,13,20,22],"current_hp_per_floor":[70,70,70,70,70,6,27,27,27,15,36,26,26,10,31,8,70,72,66,66,44,44,7,28,14,21,21,9,33,33,30,54,0],"gold":243,"neow_bonus":"UPGRADE_CARD","is_prod":false,"is_daily":false,"chose_seed":false,"campfire_upgraded":0,"win_rate":0,"timestamp":1558487230,"path_taken":["M","?","?","M","?","E","R","?","T","?","R","E","$","E","R","BOSS","M","?","$","M","$","E","R","M","T","?","M","R","$","M","R","BOSS"],"build_version":"2019-01-23","purchased_purges":2,"victory":false,"max_hp_per_floor":[70,70,70,70,70,70,70,70,70,70,70,70,70,70,70,70,70,72,72,72,72,72,72,72,72,79,79,81,81,81,81,81,81],"card_choices":[{"not_picked":["Backflip","Flying Knee"],"picked":"Underhanded Strike","floor":1.0},{"not_picked":["Acrobatics","Masterful Stab"],"picked":"Well Laid Plans","floor":3.0},{"not_picked":["Terror","Leg Sweep"],"picked":"Flying Knee","floor":4.0},{"not_picked":["Prepared","Leg Sweep"],"picked":"Flying Knee","floor":6.0},{"not_picked":["Prepared","Cloak And Dagger"],"picked":"Underhanded Strike","floor":10.0},{"not_picked":["Outmaneuver","Leg Sweep"],"picked":"Backstab","floor":12.0},{"not_picked":["Venomology","Setup"],"picked":"Tactician","floor":14.0},{"not_picked":["Unload","Night Terror"],"picked":"Corpse Explosion","floor":16.0},{"not_picked":["All Out Attack","Sucker Punch","Dagger Throw"],"picked":"Singing Bowl","floor":18.0},{"not_picked":["Cloak And Dagger","Slice+1"],"picked":"Bane+1","floor":21.0},{"not_picked":["Deflect","Quick Slash"],"picked":"Burst","floor":23.0},{"not_picked":["Slice","Bane"],"picked":"Blur","floor":25.0},{"not_picked":["Dagger Throw","Outmaneuver","Deflect"],"picked":"Singing Bowl","floor":28.0},{"not_picked":["Acrobatics","Crippling Poison"],"picked":"Backflip+1","floor":31.0}],"player_experience":258357,"relics_obtained":[{"floor":6.0,"key":"Bottled Tornado"},{"floor":9.0,"key":"Singing Bowl"},{"floor":12.0,"key":"Lantern"},{"floor":14.0,"key":"Anchor"},{"floor":23.0,"key":"Pen Nib"},{"floor":26.0,"key":"Strawberry"}],"event_choices":[{"cards_removed":["Strike_G"],"damage_healed":0.0,"max_hp_gain":0.0,"max_hp_loss":0.0,"gold_gain":0.0,"event_name":"Purifier","player_choice":"Purged","floor":2.0,"gold_loss":0.0,"damage_taken":0.0},{"damage_healed":0.0,"max_hp_gain":0.0,"max_hp_loss":0.0,"gold_gain":175.0,"event_name":"Liars Game","player_choice":"AGREE","floor":5.0,"gold_loss":0.0,"damage_taken":0.0,"cards_obtained":["Doubt"]},{"damage_healed":0.0,"max_hp_gain":0.0,"max_hp_loss":0.0,"gold_gain":0.0,"event_name":"Match and Keep!","player_choice":"1 cards matched","floor":8.0,"gold_loss":0.0,"damage_taken":0.0,"cards_obtained":["Tools of the Trade"]},{"damage_healed":0.0,"max_hp_gain":0.0,"max_hp_loss":0.0,"gold_gain":0.0,"event_name":"Nest","player_choice":"Joined the Cult","floor":19.0,"gold_loss":0.0,"damage_taken":6.0,"cards_obtained":["RitualDagger"]},{"damage_healed":0.0,"max_hp_gain":0.0,"max_hp_loss":0.0,"gold_gain":100.0,"event_name":"Golden Shrine","player_choice":"Pray","floor":27.0,"gold_loss":0.0,"damage_taken":0.0}],"is_beta":false,"boss_relics":[{"not_picked":["WristBlade","Tiny House"],"picked":"Lizard Tail"}],"items_purged_floors":[13,20],"is_endless":false,"potions_floor_spawned":[6,10,12,16,23,28,31],"killed_by":"Champ","ascension_level":4}