{"gold_per_floor":[113,130,143,68,85,85,185,185,208,242,257,271,284,295,295,400,400,414,8,19,118,130,130,130],"floor_reached":24,"playtime":2907,"items_purged":["Strike_R","Strike_R"],"score":202,"play_id":"405faa99-30d1-45dc-8fc1-62a847ec8000","local_time":"20190911185542","is_ascension_mode":false,"campfire_choices":[{"data":"Body Slam","floor":6,"key":"SMITH"},{"data":"Defend_R","floor":8,"key":"SMITH"},{"data":"Shrug It Off","floor":15,"key":"SMITH"},{"floor":23,"key":"REST"}],"neow_cost":"NONE","seed_source_timestamp":513782901590900,"circlet_count":0,"master_deck":["Strike_R","Strike_R","Strike_R","Defend_R","Defend_R","Defend_R","Defend_R+1","Bash+1","Body Slam+1","Shrug It Off+1","Dropkick"],"relics":["Burning Blood","Bag of Preparation","Art of War","Black Star","Peace Pipe"],"potions_floor_usage":[16,16,16,20,22,22],"damage_taken":[{"damage":1,"enemies":"Jaw Worm","floor":1,"turns":3},{"damage":1,"enemies":"Cultist","floor":2,"turns":3},{"damage":3,"enemies":"2 Louse","floor":3,"turns":3},{"damage":10,"enemies":"Looter","floor":5,"turns":3},{"damage":42,"enemies":"3 Sentries","floor":10,"turns":12},{"damage":5,"enemies":"Large Slime","floor":11,"turns":5},{"damage":5,"enemies":"Lots of Slimes","floor":12,"turns":5},{"damage":1,"enemies":"3 Louse","floor":13,"turns":4},{"damage":0,"enemies":"Large Slime","floor":14,"turns":6},{"damage":45,"enemies":"Slime Boss","floor":16,"turns":11},{"damage":38,"enemies":"Chosen","floor":18,"turns":7},{"damage":16,"enemies":"Shell Parasite","floor":20,"turns":8},{"damage":22,"enemies":"Snake Plant","floor":22,"turns":4},{"damage":76,"enemies":"3 Cultists","floor":24,"turns":7}],"seed_played":"-6783700111155327788","potions_obtained":[{"floor":2,"key":"Dexterity Potion"},{"floor":3,"key":"SpeedPotion"},{"floor":10,"key":"Swift Potion"},{"floor":14,"key":"Explosive Potion"},{"floor":16,"key":"LiquidBronze"},{"floor":18,"key":"Regen Potion"},{"floor":20,"key":"Poison Potion"}],"is_trial":false,"path_per_floor":["M","M","M","$","M","R","?","R","T","E","M","M","M","M","R","B",null,"M","$","M","?","M","R","M"],"character_chosen":"IRONCLAD","items_purchased":["Peace Pipe"],"campfire_rested":1,"item_purchase_floors":[19],"current_hp_per_floor":[80,80,80,80,76,76,76,76,76,40,41,42,47,53,53,14,80,48,48,53,53,37,61,0],"gold":130,"neow_bonus":"UPGRADE_CARD","is_prod":false,"is_daily":false,"chose_seed":false,"campfire_upgraded":3,"win_rate":0,"timestamp":1568253342,"path_taken":["M","M","M","$","M","R","?","R","T","E","M","M","M","M","R","BOSS","M","$","M","?","M","R","M"],"build_version":"2019-07-17","purchased_purges":2,"victory":false,"max_hp_per_floor":[80,80,80,80,80,80,80,80,80,80,80,80,80,80,80,80,80,80,80,80,80,80,80,80],"card_choices":[{"not_picked":["Clothesline","Twin Strike","Combust"],"picked":"SKIP","floor":1},{"not_picked":["Clothesline","Clash"],"picked":"Body Slam","floor":2},{"not_picked":["Burning Pact","Dark Embrace","Battle Trance"],"picked":"SKIP","floor":3},{"not_picked":["Thunderclap","Inflame","True Grit"],"picked":"SKIP","floor":5},{"not_picked":["Body Slam","Combust","Twin Strike"],"picked":"SKIP","floor":10},{"not_picked":["Reckless Charge","Battle Trance","Twin Strike"],"picked":"SKIP","floor":11},{"not_picked":["Clash","Seeing Red","Sever Soul"],"picked":"SKIP","floor":12},{"not_picked":["Whirlwind","Disarm"],"picked":"Shrug It Off","floor":13},{"not_picked":["Wild Strike","Sword Boomerang","Carnage"],"picked":"SKIP","floor":14},{"not_picked":["Cleave","Spot Weakness+1"],"picked":"Dropkick","floor":18},{"not_picked":["Combust","Shrug It Off","Perfected Strike"],"picked":"SKIP","floor":20},{"not_picked":["Reckless Charge","Metallicize","Clothesline+1"],"picked":"SKIP","floor":22}],"player_experience":922934,"relics_obtained":[{"floor":9,"key":"Bag of Preparation"},{"floor":10,"key":"Art of War"}],"event_choices":[{"damage_healed":0,"gold_gain":100,"player_choice":"Pray","damage_taken":0,"max_hp_gain":0,"max_hp_loss":0,"event_name":"Golden Shrine","floor":7,"gold_loss":0},{"damage_healed":0,"gold_gain":99,"player_choice":"Stole From Cult","damage_taken":0,"max_hp_gain":0,"max_hp_loss":0,"event_name":"Nest","floor":21,"gold_loss":0}],"is_beta":false,"boss_relics":[{"not_picked":["Velvet Choker","Eternal Feather"],"picked":"Black Star"}],"items_purged_floors":[4,19],"is_endless":false,"potions_floor_spawned":[2,3,10,13,14,16,18,20],"killed_by":"3 Cultists","ascension_level":0}