{"gold_per_floor":[117,129,147,33,108,108,128,128,151,184,18,36,51,63,63,140,140,158,176,176,193,193],"floor_reached":22,"playtime":1118,"items_purged":[],"score":352,"play_id":"61794da4-4487-4c63-add2-c160595aaf9c","local_time":"20190913184246","is_ascension_mode":true,"campfire_choices":[{"data":"Neutralize","floor":6.0,"key":"SMITH"},{"floor":8.0,"key":"REST"},{"floor":15,"key":"REST"}],"neow_cost":"PERCENT_DAMAGE","seed_source_timestamp":687570561205800,"circlet_count":0,"master_deck":["AscendersBane","Strike_G","Strike_G","Strike_G","Strike_G","Strike_G","Defend_G","Defend_G","Defend_G","Defend_G","Defend_G","Survivor","Neutralize+1","Infinite Blades","Infinite Blades","Dagger Spray","Slice","Infinite Blades","Dash","Envenom","Calculated Gamble","Endless Agony","Die Die Die","After Image","Dodge and Roll","Deflect+1"],"special_seed":0,"relics":["Ring of the Snake","Boot","Cursed Key","Nloth\u0027s Gift"],"potions_floor_usage":[19],"damage_taken":[{"damage":1.0,"enemies":"2 Louse","floor":1.0,"turns":4.0},{"damage":2.0,"enemies":"Cultist","floor":2.0,"turns":5.0},{"damage":1.0,"enemies":"Small Slimes","floor":3.0,"turns":5.0},{"damage":3.0,"enemies":"2 Fungi Beasts","floor":7.0,"turns":4.0},{"damage":24.0,"enemies":"Gremlin Nob","floor":10.0,"turns":4.0},{"damage":10,"enemies":"Exordium Thugs","floor":12,"turns":4},{"damage":8,"enemies":"Blue Slaver","floor":13,"turns":4},{"damage":1,"enemies":"2 Fungi Beasts","floor":14,"turns":4},{"damage":39,"enemies":"The Guardian","floor":16,"turns":13},{"damage":13,"enemies":"Spheric Guardian","floor":18,"turns":4},{"damage":0,"enemies":"Chosen","floor":19,"turns":5},{"damage":36,"enemies":"Shelled Parasite and Fungi","floor":21,"turns":7},{"damage":17,"enemies":"Snake Plant","floor":22,"turns":2}],"seed_played":"-5482505863746660686","potions_obtained":[{"floor":3.0,"key":"EssenceOfSteel"},{"floor":7.0,"key":"Weak Potion"},{"floor":12,"key":"GhostInAJar"},{"floor":21,"key":"Explosive Potion"}],"is_trial":false,"path_per_floor":["M","M","M","$","?","R","M","R","T","E","$","M","M","M","R","B",null,"M","M","?","M","M"],"character_chosen":"THE_SILENT","items_purchased":["Slice","SteroidPotion","Envenom"],"campfire_rested":2,"item_purchase_floors":[4,4,11],"current_hp_per_floor":[55,53,52,52,41,41,38,61,61,37,37,27,19,18,41,2,59,46,46,46,10,0],"gold":193,"neow_bonus":"TWENTY_PERCENT_HP_BONUS","is_prod":false,"is_daily":false,"chose_seed":false,"campfire_upgraded":1,"win_rate":0,"timestamp":1568425366,"path_taken":["M","M","M","$","?","R","M","R","T","E","$","M","M","M","R","BOSS","M","M","?","?","M"],"build_version":"2019-07-17","purchased_purges":0,"victory":false,"max_hp_per_floor":[78,78,78,78,78,78,78,78,78,78,78,78,78,78,78,78,78,78,78,78,78,78],"card_choices":[{"not_picked":["Prepared","Eviscerate"],"picked":"Infinite Blades","floor":1.0},{"not_picked":["Catalyst","Riddle With Holes"],"picked":"Infinite Blades","floor":2.0},{"not_picked":["Caltrops","Dodge and Roll"],"picked":"Dagger Spray","floor":3.0},{"not_picked":["Blur","Escape Plan"],"picked":"Infinite Blades","floor":7.0},{"not_picked":["Blade Dance","Deadly Poison"],"picked":"Dash","floor":10.0},{"not_picked":["Sucker Punch","Setup"],"picked":"Calculated Gamble","floor":12},{"not_picked":["Terror","Blade Dance"],"picked":"Endless Agony","floor":13},{"not_picked":["Deadly Poison","Endless Agony"],"picked":"Die Die Die","floor":14},{"not_picked":["Night Terror","Phantasmal Killer"],"picked":"After Image","floor":16},{"not_picked":["Deflect","Dagger Throw"],"picked":"Dodge and Roll","floor":18},{"not_picked":["Underhanded Strike","Reflex","Deadly Poison"],"picked":"SKIP","floor":19},{"not_picked":["After Image","Prepared"],"picked":"Deflect+1","floor":21}],"player_experience":956181,"relics_obtained":[{"floor":9.0,"key":"Boot"},{"floor":10.0,"key":"Potion Belt"}],"event_choices":[{"damage_healed":0.0,"max_hp_gain":0.0,"max_hp_loss":0.0,"gold_gain":75.0,"event_name":"World of Goop","player_choice":"Gather Gold","floor":5.0,"gold_loss":0.0,"damage_taken":11.0},{"damage_healed":0,"gold_gain":0,"player_choice":"Traded Relic","damage_taken":0,"relics_obtained":["Nloth\u0027s Gift"],"max_hp_gain":0,"max_hp_loss":0,"event_name":"N\u0027loth","floor":20,"relics_lost":["Potion Belt"],"gold_loss":0}],"is_beta":false,"boss_relics":[{"not_picked":["Ectoplasm","Calling Bell"],"picked":"Cursed Key"}],"items_purged_floors":[],"is_endless":false,"potions_floor_spawned":[3,7,12,21],"killed_by":"Snake Plant","ascension_level":17}