{"gold_per_floor":[113,131,131,145,145,175,187,226,238,268,290,302,314,341,353,470,482,462,474],"floor_reached":19,"playtime":698,"items_purged":[],"score":179,"play_id":"eedf980a-12b0-4042-97b2-ce62f2118b75","local_time":"20190713122406","is_ascension_mode":false,"campfire_choices":[{"floor":7.0,"key":"RECALL"},{"floor":13.0,"key":"REST"},{"data":"Armaments","floor":15.0,"key":"SMITH"}],"neow_cost":"NONE","seed_source_timestamp":2553167518860968,"circlet_count":0,"master_deck":["Strike_R","Strike_R","Strike_R","Strike_R","Strike_R","Defend_R","Defend_R","Defend_R","Defend_R","Bash","Armaments+1","Impervious","Body Slam","Demon Form","Regret","Clumsy","Shame","Seeing Red+1"],"special_seed":0,"relics":["Burning Blood","Vajra","MawBank","Letter Opener","Oddly Smooth Stone","Calling Bell","Toxic Egg 2","StoneCalendar","Potion Belt"],"potions_floor_usage":[18],"damage_taken":[{"damage":11.0,"enemies":"Jaw Worm","floor":1.0,"turns":2.0},{"damage":1.0,"enemies":"Cultist","floor":2.0,"turns":3.0},{"damage":1.0,"enemies":"2 Louse","floor":4.0,"turns":2.0},{"damage":43.0,"enemies":"3 Sentries","floor":6.0,"turns":11.0},{"damage":36.0,"enemies":"Lagavulin","floor":8.0,"turns":5.0},{"damage":10.0,"enemies":"Looter","floor":10.0,"turns":2.0},{"damage":14.0,"enemies":"Blue Slaver","floor":11.0,"turns":5.0},{"damage":7.0,"enemies":"3 Louse","floor":14.0,"turns":4.0},{"damage":24.0,"enemies":"Hexaghost","floor":16.0,"turns":8.0},{"damage":31,"enemies":"2 Thieves","floor":18,"turns":5},{"damage":56,"enemies":"3 Byrds","floor":19,"turns":6}],"seed_played":"4709104336778865284","potions_obtained":[{"floor":4.0,"key":"Regen Potion"},{"floor":6.0,"key":"Fire Potion"},{"floor":8.0,"key":"LiquidBronze"},{"floor":11.0,"key":"AttackPotion"},{"floor":14.0,"key":"Fire Potion"}],"is_trial":false,"path_per_floor":["M","M","?","M","?","E","R","E","T","M","M","?","R","M","R","B",null,"M","M"],"character_chosen":"IRONCLAD","items_purchased":[],"campfire_rested":1,"item_purchase_floors":[],"current_hp_per_floor":[75,80,80,80,80,58,58,28,28,24,16,16,40,39,39,21,80,55,0],"gold":474,"neow_bonus":"RANDOM_COMMON_RELIC","is_prod":false,"is_daily":false,"chose_seed":false,"campfire_upgraded":1,"win_rate":0,"timestamp":1563035046,"path_taken":["M","M","?","?","?","E","R","E","T","M","M","?","R","M","R","BOSS","M","M"],"build_version":"2019-07-05","purchased_purges":0,"victory":false,"max_hp_per_floor":[80,80,80,80,80,80,80,80,80,80,80,80,80,80,80,80,80,80,80],"card_choices":[{"not_picked":["Wild Strike","Twin Strike","Clothesline"],"picked":"SKIP","floor":1.0},{"not_picked":["Iron Wave","Rampage","Sentinel"],"picked":"SKIP","floor":2.0},{"not_picked":["Havoc","Thunderclap","Heavy Blade"],"picked":"SKIP","floor":4.0},{"not_picked":["Cleave","True Grit","Twin Strike"],"picked":"SKIP","floor":6.0},{"not_picked":["Thunderclap","Twin Strike","Headbutt"],"picked":"SKIP","floor":8.0},{"not_picked":["Cleave","Infernal Blade"],"picked":"Armaments","floor":10.0},{"not_picked":["Metallicize","Clothesline"],"picked":"Impervious","floor":11.0},{"not_picked":["True Grit","Body Slam","Sword Boomerang"],"picked":"SKIP","floor":14.0},{"not_picked":["True Grit","Sword Boomerang"],"picked":"Body Slam","floor":14.0},{"not_picked":["Exhume","Double Tap"],"picked":"Demon Form","floor":16.0},{"not_picked":["Flex+1","Reckless Charge"],"picked":"Seeing Red+1","floor":18}],"player_experience":440381,"relics_obtained":[{"floor":6.0,"key":"MawBank"},{"floor":8.0,"key":"Letter Opener"},{"floor":17.0,"key":"Toxic Egg 2"},{"floor":17.0,"key":"StoneCalendar"},{"floor":17.0,"key":"Potion Belt"}],"event_choices":[{"damage_healed":0.0,"max_hp_gain":0.0,"max_hp_loss":0.0,"gold_gain":0.0,"event_name":"Wheel of Change","player_choice":"Cursed","floor":3.0,"gold_loss":0.0,"damage_taken":0.0,"cards_obtained":["Decay"]},{"cards_removed":["Decay"],"damage_healed":0.0,"max_hp_gain":0.0,"max_hp_loss":0.0,"gold_gain":0.0,"event_name":"Living Wall","player_choice":"Forget","floor":5.0,"gold_loss":0.0,"damage_taken":0.0},{"damage_healed":0.0,"max_hp_gain":0.0,"max_hp_loss":0.0,"gold_gain":0.0,"event_name":"Dead Adventurer","player_choice":"Searched \u00272\u0027 times","floor":12.0,"gold_loss":0.0,"damage_taken":0.0,"relics_obtained":["Oddly Smooth Stone"]}],"is_beta":false,"boss_relics":[{"not_picked":["Fusion Hammer","Empty Cage"],"picked":"Calling Bell"}],"items_purged_floors":[],"is_endless":false,"potions_floor_spawned":[4,6,8,11,14],"killed_by":"3 Byrds","ascension_level":0}