{"gold_per_floor":[209,229,16,28,2,2,32,49,49,84,3,103,115,135,135,207,207,164,180,180,5,5,39,51,71,71,87,87,12,24,39,39,116,116,133,133,150,450,460,460,473,489,489,508,93,103,18,18,18,18],"floor_reached":51,"playtime":4772,"items_purged":["Strike_G"],"score":1257,"play_id":"b982ffc0-69ae-4ede-a87c-deadd9fdad23","local_time":"20190915111605","is_ascension_mode":true,"campfire_choices":[{"data":"Bane","floor":6,"key":"SMITH"},{"data":"Malaise","floor":15,"key":"SMITH"},{"floor":28,"key":"REST"},{"floor":32,"key":"REST"},{"floor":40,"key":"REST"},{"floor":49,"key":"REST"}],"neow_cost":"NONE","seed_source_timestamp":88985373210500,"circlet_count":0,"master_deck":["AscendersBane","Defend_G","Defend_G","Defend_G","Defend_G","Defend_G","Survivor","Neutralize","Sucker Punch","Poisoned Stab","Riddle With Holes","Bane+1","Backstab","Dodge and Roll","Malaise+1","Footwork","Well Laid Plans","Malaise","Cloak And Dagger","Well Laid Plans","RitualDagger","Catalyst","Cloak And Dagger","Acrobatics","Backflip","Blur","Skewer","Bouncing Flask","Flechettes","Adrenaline","Phantasmal Killer+1","Grand Finale+1","Deflect+1","Poisoned Stab","Blade Dance+1","PiercingWail","Tactician+1","Envenom","Leg Sweep","Parasite","Noxious Fumes+1","Writhe"],"relics":["Ring of the Snake","ClockworkSouvenir","Kunai","Pantograph","Art of War","Philosopher\u0027s Stone","PreservedInsect","Orichalcum","Astrolabe","Girya","Toy Ornithopter"],"potions_floor_usage":[10,25,33,37,46,46,50,50],"damage_taken":[{"damage":1,"enemies":"Cultist","floor":1,"turns":5},{"damage":1,"enemies":"Jaw Worm","floor":2,"turns":5},{"damage":0,"enemies":"Small Slimes","floor":4,"turns":3},{"damage":20,"enemies":"Gremlin Nob","floor":7,"turns":4},{"damage":0,"enemies":"Red Slaver","floor":8,"turns":3},{"damage":14,"enemies":"Lagavulin","floor":10,"turns":11},{"damage":0,"enemies":"2 Fungi Beasts","floor":13,"turns":3},{"damage":0,"enemies":"Blue Slaver","floor":14,"turns":4},{"damage":4,"enemies":"The Guardian","floor":16,"turns":15},{"damage":15,"enemies":"2 Thieves","floor":18,"turns":5},{"damage":0,"enemies":"Chosen","floor":19,"turns":7},{"damage":9,"enemies":"Book of Stabbing","floor":23,"turns":10},{"damage":14,"enemies":"Centurion and Healer","floor":24,"turns":11},{"damage":7,"enemies":"Snake Plant","floor":25,"turns":8},{"damage":1,"enemies":"Snecko","floor":27,"turns":10},{"damage":2,"enemies":"Cultist and Chosen","floor":30,"turns":10},{"damage":23,"enemies":"Sentry and Sphere","floor":31,"turns":9},{"damage":10,"enemies":"Automaton","floor":33,"turns":14},{"damage":12,"enemies":"Orb Walker","floor":35,"turns":4},{"damage":22,"enemies":"3 Darklings","floor":37,"turns":3},{"damage":0,"enemies":"Maw","floor":39,"turns":7},{"damage":2,"enemies":"4 Shapes","floor":41,"turns":6},{"damage":21,"enemies":"Transient","floor":42,"turns":6},{"damage":8,"enemies":"Spire Growth","floor":44,"turns":6},{"damage":20,"enemies":"Writhing Mass","floor":46,"turns":10},{"damage":64,"enemies":"Time Eater","floor":50,"turns":15}],"seed_played":"3176874999995245240","potions_obtained":[{"floor":2,"key":"Explosive Potion"},{"floor":7,"key":"Weak Potion"},{"floor":10,"key":"GhostInAJar"},{"floor":19,"key":"Strength Potion"},{"floor":25,"key":"Explosive Potion"},{"floor":30,"key":"Ancient Potion"},{"floor":31,"key":"GhostInAJar"},{"floor":33,"key":"SkillPotion"},{"floor":37,"key":"LiquidBronze"},{"floor":46,"key":"SkillPotion"}],"is_trial":false,"path_per_floor":["M","M","$","M","$","R","E","M","T","E","$","?","M","M","R","B",null,"M","M","?","$","?","E","M","M","T","M","R","?","M","M","R","B",null,"M","?","M","?","M","R","M","M","T","M","$","M","$","?","R","B",null],"character_chosen":"THE_SILENT","items_purchased":["ClockworkSouvenir","Bane","Footwork","Catalyst","Cloak And Dagger","Envenom","Leg Sweep","Toy Ornithopter","GhostInAJar"],"campfire_rested":4,"item_purchase_floors":[3,5,11,21,21,45,45,45,47],"current_hp_per_floor":[58,57,57,57,57,57,37,37,37,23,23,23,23,23,23,44,61,46,46,40,40,40,31,17,10,10,9,28,28,26,3,22,37,59,47,47,25,25,25,44,42,21,21,13,13,3,3,16,35,6],"gold":18,"neow_bonus":"HUNDRED_GOLD","is_prod":false,"is_daily":false,"chose_seed":false,"campfire_upgraded":2,"win_rate":0,"timestamp":1568571365,"path_taken":["M","M","$","M","?","R","E","M","T","E","$","?","M","?","R","BOSS","M","M","?","$","?","E","M","M","T","?","R","?","M","M","R","BOSS","M","?","M","?","M","R","M","?","T","?","$","?","$","?","R","BOSS"],"build_version":"2019-07-17","purchased_purges":1,"victory":true,"max_hp_per_floor":[66,66,66,66,66,66,66,66,66,66,66,66,66,66,66,66,66,66,66,66,66,66,66,66,66,66,66,66,66,66,66,66,66,66,66,66,66,66,66,66,66,66,66,66,66,66,66,66,66,66],"card_choices":[{"not_picked":["Dagger Spray","Slice"],"picked":"Sucker Punch","floor":1},{"not_picked":["Acrobatics","Flying Knee"],"picked":"Poisoned Stab","floor":2},{"not_picked":["Backflip","Distraction"],"picked":"Riddle With Holes","floor":4},{"not_picked":["Well Laid Plans","Choke"],"picked":"Backstab","floor":7},{"not_picked":["Dagger Throw","Concentrate"],"picked":"Dodge and Roll","floor":8},{"not_picked":["Cloak And Dagger","Poisoned Stab"],"picked":"Malaise","floor":10},{"not_picked":["Accuracy","Blur"],"picked":"Well Laid Plans","floor":13},{"not_picked":["Dagger Throw","Blade Dance","Prepared"],"picked":"SKIP","floor":14},{"not_picked":["Grand Finale","Phantasmal Killer"],"picked":"Malaise","floor":16},{"not_picked":["Blade Dance","Accuracy"],"picked":"Cloak And Dagger","floor":18},{"not_picked":["Bane+1","Dagger Throw"],"picked":"Well Laid Plans","floor":19},{"not_picked":["Outmaneuver","Terror"],"picked":"Acrobatics","floor":23},{"not_picked":["Cloak And Dagger","Flying Knee"],"picked":"Backflip","floor":24},{"not_picked":["Acrobatics","Dagger Throw"],"picked":"Blur","floor":25},{"not_picked":["Crippling Poison","Wraith Form v2"],"picked":"Skewer","floor":27},{"not_picked":["Eviscerate","Outmaneuver"],"picked":"Bouncing Flask","floor":30},{"not_picked":["Predator","Deflect"],"picked":"Flechettes","floor":31},{"not_picked":["Tools of the Trade","Unload"],"picked":"Adrenaline","floor":33},{"not_picked":["Choke","Quick Slash"],"picked":"Poisoned Stab","floor":35},{"not_picked":["Blade Dance","Flying Knee","Predator"],"picked":"SKIP","floor":37},{"not_picked":["Dagger Spray+1","Flechettes+1"],"picked":"Blade Dance+1","floor":39},{"not_picked":["All Out Attack+1","Dagger Throw"],"picked":"PiercingWail","floor":41},{"not_picked":["Blade Dance","Dagger Throw","Slice+1"],"picked":"SKIP","floor":42},{"not_picked":["Endless Agony","Riddle With Holes"],"picked":"Tactician+1","floor":44},{"not_picked":["Dagger Spray","Quick Slash"],"picked":"Noxious Fumes+1","floor":46}],"player_experience":992648,"relics_obtained":[{"floor":7,"key":"Kunai"},{"floor":9,"key":"Pantograph"},{"floor":10,"key":"Art of War"},{"floor":23,"key":"PreservedInsect"},{"floor":26,"key":"Orichalcum"},{"floor":43,"key":"Girya"}],"event_choices":[{"damage_healed":0,"gold_gain":100,"player_choice":"Gold","damage_taken":0,"max_hp_gain":0,"max_hp_loss":0,"event_name":"Wheel of Change","floor":12,"gold_loss":0},{"damage_healed":0,"gold_gain":0,"player_choice":"Joined the Cult","damage_taken":6,"max_hp_gain":0,"max_hp_loss":0,"event_name":"Nest","floor":20,"gold_loss":0,"cards_obtained":["RitualDagger"]},{"damage_healed":0,"gold_gain":0,"player_choice":"Ignored","damage_taken":0,"max_hp_gain":0,"max_hp_loss":0,"event_name":"N\u0027loth","floor":22,"gold_loss":0},{"cards_removed":["Strike_G"],"damage_healed":0,"gold_gain":0,"player_choice":"Gave Gold","damage_taken":0,"max_hp_gain":0,"max_hp_loss":0,"event_name":"Beggar","floor":29,"gold_loss":75},{"damage_healed":0,"gold_gain":0,"player_choice":"Ignored","damage_taken":0,"max_hp_gain":0,"max_hp_loss":0,"event_name":"Tomb of Lord Red Mask","floor":36,"gold_loss":0},{"damage_healed":0,"gold_gain":300,"player_choice":"Gold","damage_taken":0,"max_hp_gain":0,"max_hp_loss":0,"event_name":"Wheel of Change","floor":38,"gold_loss":0},{"damage_healed":13,"gold_gain":0,"player_choice":"Writhe","damage_taken":0,"max_hp_gain":0,"max_hp_loss":0,"event_name":"Winding Halls","floor":48,"gold_loss":0,"cards_obtained":["Writhe"]}],"is_beta":false,"boss_relics":[{"not_picked":["Tiny House","Eternal Feather"],"picked":"Philosopher\u0027s Stone"},{"not_picked":["Coffee Dripper","Ring of the Serpent"],"picked":"Astrolabe"}],"items_purged_floors":[21],"is_endless":false,"potions_floor_spawned":[2,7,10,19,23,25,30,31,33,37,41,46],"ascension_level":18}