{"gold_per_floor":[114,129,144,0,15,45,60,60,85,85,160,110,125,157,157,257,257,272,287,287,302,27,27,27],"floor_reached":24,"playtime":4217,"items_purged":["Defend_G"],"score":198,"play_id":"4d5a3db4-fc08-4da8-bf1c-ac067fefd37f","local_time":"20180711145516","daily_mods":["Heirloom","Uncertain Future","Lethality"],"is_ascension_mode":false,"campfire_choices":[{"floor":8,"key":"DIG"},{"floor":10,"key":"DIG"},{"floor":15,"key":"REST"},{"floor":23,"key":"REST"}],"neow_cost":"","seed_source_timestamp":0,"circlet_count":0,"master_deck":["Defend_G","Defend_G","Defend_G","Strike_G","Strike_G+1","Strike_G","Strike_G","Survivor","Neutralize+1","Deadly Poison","Infinite Blades","Masterful Stab","Bandage Up","Infinite Blades","Infinite Blades","Venomology","Bane","Catalyst","Bullet Time","Finisher","Deadly Poison","Dagger Throw+1"],"special_seed":17723,"relics":["Ring of the Snake","Du-Vu Doll","Shovel","Whetstone","Potion Belt","Singing Bowl","Dream Catcher","Runic Pyramid","TwistedFunnel"],"potions_floor_usage":[3,13,14,14,14,16,18,18,19,21,24,24],"damage_taken":[{"damage":1,"enemies":"Small Slimes","floor":1,"turns":4},{"damage":1,"enemies":"Jaw Worm","floor":2,"turns":2},{"damage":0,"enemies":"2 Louse","floor":3,"turns":1},{"damage":14,"enemies":"Looter","floor":5,"turns":4},{"damage":31,"enemies":"3 Sentries","floor":6,"turns":5},{"damage":0,"enemies":"2 Fungi Beasts","floor":7,"turns":3},{"damage":0,"enemies":"3 Louse","floor":13,"turns":3},{"damage":1,"enemies":"Lagavulin Event","floor":14,"turns":5},{"damage":43,"enemies":"Hexaghost","floor":16,"turns":6},{"damage":5,"enemies":"Chosen","floor":18,"turns":4},{"damage":26,"enemies":"Shell Parasite","floor":19,"turns":5},{"damage":46,"enemies":"Snecko","floor":21,"turns":6},{"damage":42,"enemies":"Gremlin Leader","floor":24,"turns":4}],"seed_played":"-1904894230533814690","potions_obtained":[{"floor":2,"key":"AttackPotion"},{"floor":7,"key":"Explosive Potion"},{"floor":13,"key":"GhostInAJar"},{"floor":14,"key":"PowerPotion"},{"floor":16,"key":"GamblersBrew"},{"floor":21,"key":"SteroidPotion"}],"is_trial":false,"path_per_floor":["M","M","M","$","M","E","M","R","T","R","?","?","M","?","R","B",null,"M","M","?","M","$","R"],"character_chosen":"THE_SILENT","items_purchased":["Bandage Up","Infinite Blades","TwistedFunnel"],"campfire_rested":2,"item_purchase_floors":[4,4,22],"current_hp_per_floor":[69,68,68,68,58,31,35,35,35,35,24,24,28,33,56,17,74,69,47,47,5,5,29,0],"gold":27,"neow_bonus":"","is_prod":false,"is_daily":true,"chose_seed":false,"campfire_upgraded":0,"win_rate":0,"timestamp":1531292116,"path_taken":["M","M","M","$","M","E","M","R","T","R","?","?","M","?","R","BOSS","M","M","?","M","$","R","E"],"build_version":"2018-07-05","purchased_purges":1,"victory":false,"max_hp_per_floor":[70,70,70,70,70,70,70,70,70,70,70,70,70,72,74,74,74,74,74,74,74,74,76,76],"card_choices":[{"not_picked":["PiercingWail","Poisoned Stab"],"picked":"Deadly Poison","floor":1},{"not_picked":["Dash","PiercingWail"],"picked":"Infinite Blades","floor":2},{"not_picked":["Dagger Spray","Flying Knee"],"picked":"Masterful Stab","floor":3},{"not_picked":["Endless Agony","Sucker Punch"],"picked":"Infinite Blades","floor":5},{"not_picked":["Outmaneuver","Dash"],"picked":"Venomology","floor":6},{"not_picked":["Slice","Quick Slash"],"picked":"Bane","floor":7},{"not_picked":["Backflip","Masterful Stab"],"picked":"Catalyst","floor":13},{"not_picked":["Cloak And Dagger","Outmaneuver","Sucker Punch"],"picked":"Singing Bowl","floor":14},{"not_picked":["Poisoned Stab","Deadly Poison","Outmaneuver"],"picked":"Singing Bowl","floor":15},{"not_picked":["Doppelganger","Venomology"],"picked":"Bullet Time","floor":16},{"not_picked":["Poisoned Stab","Dagger Spray+1"],"picked":"Finisher","floor":18},{"not_picked":["Slice+1","PiercingWail"],"picked":"Deadly Poison","floor":19},{"not_picked":["Quick Slash","Malaise+1"],"picked":"Dagger Throw+1","floor":21},{"not_picked":["Slice+1","Dagger Throw","Well Laid Plans"],"picked":"Singing Bowl","floor":23}],"player_experience":623859,"relics_obtained":[{"floor":6,"key":"Shovel"},{"floor":8,"key":"Whetstone"},{"floor":9,"key":"Potion Belt"},{"floor":10,"key":"Singing Bowl"},{"floor":14,"key":"Dream Catcher"}],"event_choices":[{"event_name":"World of Goop","player_choice":"Gather Gold","floor":11,"damage_taken":0},{"event_name":"The Cleric","player_choice":"Card Removal","floor":12,"damage_taken":0},{"event_name":"Dead Adventurer","player_choice":"Searched \u00272\u0027 times","floor":14,"damage_taken":0},{"event_name":"Purifier","player_choice":"One Purge","floor":20,"damage_taken":0}],"boss_relics":[{"not_picked":["Snecko Eye","Sozu"],"picked":"Runic Pyramid"}],"items_purged_floors":[22],"is_endless":false,"potions_floor_spawned":[2,7,13,14,16,21],"killed_by":"Gremlin Leader","ascension_level":0}