{"gold_per_floor":[368,318,393,393,373,373,393,242,288,288,29,55,65,80,80,156,156,174,204,39,39,54,79,79,105,128,128,128,141,141,157,157,157],"floor_reached":33,"playtime":3216,"items_purged":["Defend_G","Strike_G","Writhe"],"score":431,"play_id":"08cb3729-ab5e-4506-b387-4b31c772b359","local_time":"20190912010123","is_ascension_mode":true,"campfire_choices":[{"data":"Neutralize","floor":6.0,"key":"SMITH"},{"floor":15.0,"key":"REST"},{"floor":24.0,"key":"REST"},{"data":"Malaise","floor":27.0,"key":"SMITH"},{"floor":30.0,"key":"REST"},{"data":"Well Laid Plans","floor":32.0,"key":"SMITH"}],"neow_cost":"CURSE","seed_source_timestamp":0,"circlet_count":0,"master_deck":["AscendersBane","Strike_G","Strike_G","Strike_G","Defend_G","Defend_G+1","Defend_G+1","Defend_G","Survivor","Neutralize+1","Bane","Endless Agony","Malaise+1","Terror","Unload","Poisoned Stab","Envenom","Flechettes","Reflex","Underhanded Strike","Predator","Tools of the Trade","Flechettes","Reflex","Well Laid Plans+1","Backflip+1"],"special_seed":0,"relics":["Ring of the Snake","Boot","Mummified Hand","Velvet Choker","Tiny Chest","Pen Nib","Blood Vial","Regal Pillow","Mercury Hourglass"],"potions_floor_usage":[33],"damage_taken":[{"damage":0.0,"enemies":"2 Louse","floor":1.0,"turns":4.0},{"damage":2.0,"enemies":"Jaw Worm","floor":7.0,"turns":5.0},{"damage":24.0,"enemies":"Gremlin Nob","floor":12.0,"turns":6.0},{"damage":0.0,"enemies":"Small Slimes","floor":13.0,"turns":2.0},{"damage":2.0,"enemies":"Looter","floor":14.0,"turns":4.0},{"damage":15.0,"enemies":"Hexaghost","floor":16.0,"turns":9.0},{"damage":10.0,"enemies":"Shell Parasite","floor":18.0,"turns":6.0},{"damage":0.0,"enemies":"Spheric Guardian","floor":22.0,"turns":3.0},{"damage":26.0,"enemies":"Slavers","floor":23.0,"turns":6.0},{"damage":21.0,"enemies":"Shelled Parasite and Fungi","floor":29.0,"turns":5.0},{"damage":6.0,"enemies":"Cultist and Chosen","floor":31.0,"turns":7.0},{"damage":66,"enemies":"Automaton","floor":33,"turns":8}],"seed_played":"5633890306219125618","potions_obtained":[{"floor":1.0,"key":"Regen Potion"},{"floor":5.0,"key":"Fire Potion"},{"floor":12.0,"key":"AttackPotion"},{"floor":22.0,"key":"AttackPotion"},{"floor":23.0,"key":"Fire Potion"}],"is_trial":false,"path_per_floor":["M","?","?","?","?","R","M","$","T","?","$","E","M","M","R","B",null,"M","?","$","?","M","E","R","T","T","R","T","M","R","M","R","B"],"character_chosen":"THE_SILENT","items_purchased":["GhostInAJar","Malaise","Reflex"],"campfire_rested":3,"item_purchase_floors":[8,11,20],"current_hp_per_floor":[63,63,52,45,45,45,57,57,57,43,43,19,19,17,38,23,58,48,48,48,48,48,22,43,43,43,43,43,24,60,56,56,0],"gold":157,"neow_bonus":"TWO_FIFTY_GOLD","is_prod":false,"is_daily":false,"chose_seed":false,"campfire_upgraded":3,"win_rate":0,"timestamp":1568242883,"path_taken":["M","?","?","?","?","R","?","$","T","?","$","E","M","M","R","BOSS","M","?","$","?","?","E","R","?","T","R","?","M","R","M","R","BOSS"],"build_version":"2019-07-17","purchased_purges":3,"victory":false,"max_hp_per_floor":[70,70,70,70,70,70,70,70,70,70,70,70,70,70,70,70,70,70,70,70,70,70,70,70,70,70,70,70,70,70,70,70,70],"card_choices":[{"not_picked":["Dash","Prepared"],"picked":"Bane","floor":1.0},{"not_picked":["Choke","Finisher"],"picked":"Endless Agony","floor":7.0},{"not_picked":["Outmaneuver","Prepared"],"picked":"Terror","floor":12.0},{"not_picked":["All Out Attack","Prepared"],"picked":"Unload","floor":13.0},{"not_picked":["Backflip","Calculated Gamble"],"picked":"Poisoned Stab","floor":14.0},{"not_picked":["A Thousand Cuts","Phantasmal Killer"],"picked":"Envenom","floor":16.0},{"not_picked":["Bane","Poisoned Stab"],"picked":"Flechettes","floor":18.0},{"not_picked":["Dash","Dagger Throw"],"picked":"Flechettes","floor":22.0},{"not_picked":["Bane","Dagger Spray"],"picked":"Reflex","floor":23.0},{"not_picked":["Slice","Prepared"],"picked":"Well Laid Plans","floor":29.0},{"not_picked":["Dagger Throw","Deflect"],"picked":"Backflip+1","floor":31.0}],"player_experience":269002,"relics_obtained":[{"floor":9.0,"key":"Boot"},{"floor":12.0,"key":"Mummified Hand"},{"floor":23.0,"key":"Pen Nib"},{"floor":25.0,"key":"Blood Vial"},{"floor":26.0,"key":"Regal Pillow"},{"floor":28.0,"key":"Mercury Hourglass"}],"event_choices":[{"cards_removed":["Decay"],"damage_healed":0.0,"max_hp_gain":0.0,"max_hp_loss":0.0,"gold_gain":0.0,"event_name":"The Cleric","player_choice":"Card Removal","floor":2.0,"gold_loss":50.0,"damage_taken":0.0},{"damage_healed":0.0,"max_hp_gain":0.0,"max_hp_loss":0.0,"gold_gain":75.0,"event_name":"World of Goop","player_choice":"Gather Gold","floor":3.0,"gold_loss":0.0,"damage_taken":11.0},{"cards_removed":["Strike_G"],"damage_healed":0.0,"max_hp_gain":0.0,"max_hp_loss":0.0,"gold_gain":0.0,"event_name":"Golden Wing","player_choice":"Card Removal","floor":4.0,"gold_loss":0.0,"damage_taken":7.0},{"damage_healed":0.0,"max_hp_gain":0.0,"max_hp_loss":0.0,"gold_gain":0.0,"event_name":"The Woman in Blue","player_choice":"Bought 1 Potion","floor":5.0,"gold_loss":0.0,"damage_taken":0.0},{"damage_healed":0.0,"max_hp_gain":0.0,"max_hp_loss":0.0,"gold_gain":0.0,"event_name":"Shining Light","player_choice":"Entered Light","floor":10.0,"gold_loss":0.0,"damage_taken":14.0,"cards_upgraded":["Defend_G","Defend_G"]},{"damage_healed":0.0,"max_hp_gain":0.0,"max_hp_loss":0.0,"gold_gain":0.0,"event_name":"The Mausoleum","player_choice":"Opened","floor":19.0,"gold_loss":0.0,"damage_taken":0.0,"relics_obtained":["Tiny Chest"],"cards_obtained":["Writhe"]},{"damage_healed":0.0,"max_hp_gain":0.0,"max_hp_loss":0.0,"gold_gain":0.0,"event_name":"Match and Keep!","player_choice":"3 cards matched","floor":21.0,"gold_loss":0.0,"damage_taken":0.0,"cards_obtained":["Underhanded Strike","Predator","Tools of the Trade"]}],"is_beta":false,"boss_relics":[{"not_picked":["Ectoplasm","Eternal Feather"],"picked":"Velvet Choker"}],"items_purged_floors":[8,11,20],"is_endless":false,"potions_floor_spawned":[1,12,22,23],"killed_by":"Automaton","ascension_level":13}