{"gold_per_floor":[114,39,114,114,128,162,162,175,175,175,46,46],"floor_reached":12,"playtime":351,"items_purged":[],"score":76,"play_id":"51019319-c054-4fcf-9728-3d3b41feb029","local_time":"20190718200114","is_ascension_mode":false,"campfire_choices":[{"data":"Searing Blow","floor":7,"key":"SMITH"},{"floor":10,"key":"REST"}],"neow_cost":"CURSE","seed_source_timestamp":3013043480609914,"circlet_count":0,"master_deck":["Strike_R","Strike_R","Strike_R","Strike_R","Strike_R","Defend_R","Defend_R","Defend_R","Defend_R","Bash","Clumsy","Searing Blow+1","Shrug It Off","Bandage Up","Entrench"],"relics":["Burning Blood","Shovel","Sundial","Calipers"],"potions_floor_usage":[12],"damage_taken":[{"damage":4,"enemies":"2 Louse","floor":1,"turns":4},{"damage":15,"enemies":"Cultist","floor":5,"turns":4},{"damage":47,"enemies":"3 Sentries","floor":6,"turns":15},{"damage":14,"enemies":"Jaw Worm","floor":8,"turns":4},{"damage":48,"enemies":"Gremlin Nob","floor":12,"turns":4}],"seed_played":"-7751927787260503300","potions_obtained":[{"floor":1,"key":"Weak Potion"},{"floor":5,"key":"SkillPotion"},{"floor":6,"key":"SneckoOil"}],"is_trial":false,"path_per_floor":["M","$","?","?","M","E","R","M","T","R","$","E"],"character_chosen":"IRONCLAD","items_purchased":["Searing Blow","Bandage Up","Entrench"],"campfire_rested":1,"item_purchase_floors":[2,11,11],"current_hp_per_floor":[80,80,69,69,60,19,19,11,11,35,35,0],"gold":46,"neow_bonus":"ONE_RARE_RELIC","is_prod":false,"is_daily":false,"chose_seed":false,"campfire_upgraded":1,"win_rate":0,"timestamp":1563494474,"path_taken":["M","$","?","?","M","E","R","M","T","R","$","E"],"build_version":"2019-07-17","purchased_purges":0,"victory":false,"max_hp_per_floor":[80,80,80,80,80,80,80,80,80,80,80,80],"card_choices":[{"not_picked":["Rage","Intimidate","Iron Wave"],"picked":"SKIP","floor":1},{"not_picked":["Heavy Blade","Anger"],"picked":"Shrug It Off","floor":5},{"not_picked":["Clothesline","Clash","Sever Soul"],"picked":"SKIP","floor":6},{"not_picked":["Searing Blow","Wild Strike","Second Wind"],"picked":"SKIP","floor":8}],"player_experience":447456,"relics_obtained":[{"floor":6,"key":"Calipers"}],"event_choices":[{"damage_healed":0,"gold_gain":75,"player_choice":"Gather Gold","damage_taken":11,"max_hp_gain":0,"max_hp_loss":0,"event_name":"World of Goop","floor":3,"gold_loss":0},{"damage_healed":0,"gold_gain":0,"player_choice":"Gave Potion","damage_taken":0,"relics_obtained":["Sundial"],"max_hp_gain":0,"max_hp_loss":0,"event_name":"WeMeetAgain","floor":4,"gold_loss":0}],"is_beta":false,"boss_relics":[],"items_purged_floors":[],"is_endless":false,"potions_floor_spawned":[1,5,6],"killed_by":"Gremlin Nob","ascension_level":0}