{"gold_per_floor":[118,193,48,67,67,67,101,113,150,162,174,202,37,48,48,125,125,136,136,151,151,161,161,180,180,180,109,109,109],"floor_reached":29,"playtime":4443,"items_purged":["Strike_G","Strike_G"],"score":365,"play_id":"a5bc232f-ec77-47fe-bf8b-a6ca6a932d34","local_time":"20190911225457","is_ascension_mode":true,"campfire_choices":[{"data":"PiercingWail","floor":6.0,"key":"SMITH"},{"floor":10.0,"key":"REST"},{"floor":15.0,"key":"REST"},{"data":"Bouncing Flask","floor":23.0,"key":"SMITH"},{"data":"Corpse Explosion","floor":25.0,"key":"SMITH"}],"neow_cost":"NONE","seed_source_timestamp":0,"circlet_count":0,"master_deck":["AscendersBane","Strike_G+1","Strike_G+1","Strike_G+1","Defend_G+1","Defend_G+1","Defend_G+1","Defend_G+1","Defend_G+1","Survivor","Neutralize","PiercingWail+1","Grand Finale","Blade Dance","Night Terror","Bouncing Flask+1","Venomology","Adrenaline","Footwork","Infinite Blades+1","Corpse Explosion+1","Noxious Fumes"],"special_seed":0,"relics":["Ring of the Snake","MawBank","Juzu Bracelet","Ancient Tea Set","Coffee Dripper","MutagenicStrength","Meat on the Bone"],"potions_floor_usage":[29],"damage_taken":[{"damage":0.0,"enemies":"Cultist","floor":1.0,"turns":4.0},{"damage":0.0,"enemies":"2 Louse","floor":4.0,"turns":4.0},{"damage":50.0,"enemies":"Gremlin Nob","floor":7.0,"turns":6.0},{"damage":2.0,"enemies":"Jaw Worm","floor":12.0,"turns":8.0},{"damage":1.0,"enemies":"Exordium Wildlife","floor":14.0,"turns":3.0},{"damage":54.0,"enemies":"Slime Boss","floor":16.0,"turns":22.0},{"damage":0.0,"enemies":"Chosen","floor":18.0,"turns":6.0},{"damage":3.0,"enemies":"Spheric Guardian","floor":20.0,"turns":4.0},{"damage":24.0,"enemies":"Centurion and Healer","floor":22.0,"turns":13.0},{"damage":9.0,"enemies":"Shelled Parasite and Fungi","floor":24.0,"turns":7.0},{"damage":33,"enemies":"Slavers","floor":29,"turns":3}],"seed_played":"2919236379676413291","potions_obtained":[{"floor":12.0,"key":"PowerPotion"},{"floor":22.0,"key":"Explosive Potion"},{"floor":24.0,"key":"Dexterity Potion"}],"is_trial":false,"path_per_floor":["M","?","$","M","?","R","E","?","T","R","?","M","$","M","R","B",null,"M","?","M","?","M","R","M","R","T","$","?","E"],"character_chosen":"THE_SILENT","items_purchased":["Grand Finale","Venomology","Noxious Fumes"],"campfire_rested":2,"item_purchase_floors":[3,13,27],"current_hp_per_floor":[70,59,59,59,59,59,9,34,34,57,50,48,48,47,70,31,66,66,66,63,63,39,39,30,30,30,30,30,0],"gold":109,"neow_bonus":"TEN_PERCENT_HP_BONUS","is_prod":false,"is_daily":false,"chose_seed":false,"campfire_upgraded":3,"win_rate":0,"timestamp":1568235297,"path_taken":["M","?","$","M","?","R","E","?","T","R","?","M","$","M","R","BOSS","M","?","M","?","M","R","M","R","T","$","?","E"],"build_version":"2019-07-17","purchased_purges":2,"victory":false,"max_hp_per_floor":[77,77,77,77,77,77,77,77,77,77,77,77,77,77,77,77,77,77,77,77,77,77,77,77,77,77,77,77,77],"card_choices":[{"not_picked":["Dagger Spray","Quick Slash"],"picked":"PiercingWail","floor":1.0},{"not_picked":["Bane","Riddle With Holes"],"picked":"Blade Dance","floor":4.0},{"not_picked":["Grand Finale","Backflip"],"picked":"Night Terror","floor":7.0},{"not_picked":["Backflip","Cloak And Dagger"],"picked":"Bouncing Flask","floor":12.0},{"not_picked":["Slice","Backflip","Dagger Throw"],"picked":"SKIP","floor":14.0},{"not_picked":["Phantasmal Killer","Tools of the Trade"],"picked":"Adrenaline","floor":16.0},{"not_picked":["All Out Attack+1","Caltrops","Deadly Poison"],"picked":"SKIP","floor":18.0},{"not_picked":["PiercingWail+1","Prepared"],"picked":"Footwork","floor":20.0},{"not_picked":["Outmaneuver","Flying Knee"],"picked":"Infinite Blades+1","floor":22.0},{"not_picked":["Masterful Stab","Prepared"],"picked":"Corpse Explosion","floor":24.0}],"player_experience":262771,"relics_obtained":[{"floor":7.0,"key":"MawBank"},{"floor":9.0,"key":"Juzu Bracelet"},{"floor":26.0,"key":"Meat on the Bone"}],"event_choices":[{"damage_healed":0.0,"max_hp_gain":0.0,"max_hp_loss":0.0,"gold_gain":75.0,"event_name":"World of Goop","player_choice":"Gather Gold","floor":2.0,"gold_loss":0.0,"damage_taken":11.0},{"damage_healed":0.0,"max_hp_gain":0.0,"max_hp_loss":0.0,"gold_gain":0.0,"event_name":"Liars Game","player_choice":"Ignored","floor":5.0,"gold_loss":0.0,"damage_taken":0.0},{"damage_healed":25.0,"max_hp_gain":0.0,"max_hp_loss":0.0,"gold_gain":0.0,"event_name":"Big Fish","player_choice":"Banana","floor":8.0,"gold_loss":0.0,"damage_taken":0.0},{"damage_healed":0.0,"max_hp_gain":0.0,"max_hp_loss":0.0,"gold_gain":0.0,"event_name":"Scrap Ooze","player_choice":"Success","floor":11.0,"gold_loss":0.0,"damage_taken":7.0,"relics_obtained":["Ancient Tea Set"]},{"damage_healed":0.0,"max_hp_gain":0.0,"max_hp_loss":0.0,"gold_gain":0.0,"event_name":"Drug Dealer","player_choice":"Inject Mutagens","floor":19.0,"gold_loss":0.0,"damage_taken":0.0,"relics_obtained":["MutagenicStrength"]},{"damage_healed":0.0,"max_hp_gain":0.0,"max_hp_loss":0.0,"gold_gain":0.0,"event_name":"Back to Basics","player_choice":"Simplicity","floor":21.0,"gold_loss":0.0,"damage_taken":0.0,"cards_upgraded":["Strike_G","Strike_G","Strike_G","Defend_G","Defend_G","Defend_G","Defend_G","Defend_G"]},{"damage_healed":0.0,"max_hp_gain":0.0,"max_hp_loss":0.0,"gold_gain":0.0,"event_name":"Beggar","player_choice":"Ignored","floor":28.0,"gold_loss":0.0,"damage_taken":0.0}],"is_beta":false,"boss_relics":[{"not_picked":["Pandora\u0027s Box","Runic Pyramid"],"picked":"Coffee Dripper"}],"items_purged_floors":[3,13],"is_endless":false,"potions_floor_spawned":[12,14,22,24],"killed_by":"Slavers","ascension_level":13}