{"gold_per_floor":[111,121,121,135,33,59,78,90,90,90],"floor_reached":10,"playtime":629,"items_purged":[],"score":70,"play_id":"5cf38cc3-e3d6-4b23-bab4-d8207c8a96b3","local_time":"20190812175430","is_ascension_mode":false,"campfire_choices":[],"neow_cost":"NONE","seed_source_timestamp":265001216355500,"circlet_count":0,"master_deck":["Strike_R","Strike_R","Strike_R","Strike_R","Strike_R","Defend_R","Defend_R","Defend_R","Defend_R","Bash","Anger","Infernal Blade","Pummel","Writhe","Flash of Steel","Iron Wave","Metallicize","Twin Strike","Dual Wield","Disarm","Flex"],"relics":["Burning Blood","Ice Cream","Matryoshka"],"potions_floor_usage":[10,10,10],"damage_taken":[{"damage":0,"enemies":"Small Slimes","floor":1,"turns":3},{"damage":6,"enemies":"Cultist","floor":2,"turns":3},{"damage":11,"enemies":"Jaw Worm","floor":4,"turns":2},{"damage":32,"enemies":"3 Sentries","floor":6,"turns":8},{"damage":19,"enemies":"Blue Slaver","floor":7,"turns":3},{"damage":20,"enemies":"Exordium Thugs","floor":8,"turns":5},{"damage":25,"enemies":"Gremlin Nob","floor":10,"turns":3}],"seed_played":"-2765618017364790416","potions_obtained":[{"floor":2,"key":"Explosive Potion"},{"floor":7,"key":"SpeedPotion"},{"floor":8,"key":"Swift Potion"}],"is_trial":false,"path_per_floor":["M","M","?","M","$","E","M","M","T","E"],"character_chosen":"IRONCLAD","items_purchased":["Metallicize","Twin Strike"],"campfire_rested":0,"item_purchase_floors":[5,5],"current_hp_per_floor":[80,80,80,75,75,49,36,22,22,0],"gold":90,"neow_bonus":"THREE_CARDS","is_prod":false,"is_daily":false,"chose_seed":false,"campfire_upgraded":0,"win_rate":0.0,"timestamp":1565625270,"path_taken":["M","M","?","M","$","E","M","M","T","E"],"build_version":"2019-07-17","purchased_purges":0,"victory":false,"max_hp_per_floor":[80,80,80,80,80,80,80,80,80,80],"card_choices":[{"not_picked":["Iron Wave","Blood for Blood"],"picked":"Anger","floor":0},{"not_picked":["Thunderclap","Intimidate"],"picked":"Infernal Blade","floor":1},{"not_picked":["Blood for Blood","Body Slam"],"picked":"Pummel","floor":2},{"not_picked":["Power Through","Clash"],"picked":"Iron Wave","floor":4},{"not_picked":["Clothesline","Flame Barrier"],"picked":"Dual Wield","floor":6},{"not_picked":["Warcry","Dual Wield"],"picked":"Disarm","floor":7},{"not_picked":["Pommel Strike","Sword Boomerang"],"picked":"Flex","floor":8}],"player_experience":14690,"relics_obtained":[{"floor":6,"key":"Ice Cream"},{"floor":9,"key":"Matryoshka"}],"event_choices":[{"damage_healed":0,"gold_gain":0,"player_choice":"2 cards matched","damage_taken":0,"max_hp_gain":0,"max_hp_loss":0,"event_name":"Match and Keep!","floor":3,"gold_loss":0,"cards_obtained":["Writhe","Flash of Steel"]},{"damage_healed":0,"gold_gain":0,"player_choice":"2 cards matched","damage_taken":0,"max_hp_gain":0,"max_hp_loss":0,"event_name":"Match and Keep!","floor":3,"gold_loss":0,"cards_obtained":["Writhe","Flash of Steel"]}],"is_beta":false,"boss_relics":[],"items_purged_floors":[],"is_endless":false,"potions_floor_spawned":[2,7,8],"killed_by":"Gremlin Nob","ascension_level":0}