{"gold_per_floor":[113,113,38,51,69,80,80,80,80,92,103,103,128,147,147,249,249,260,260,275,275,302,302,302],"floor_reached":24,"playtime":998,"items_purged":["Strike_R"],"score":198,"play_id":"b9c9ad3f-e683-495a-9781-52a57896232f","local_time":"20190911192512","is_ascension_mode":false,"campfire_choices":[{"data":"Dropkick","floor":12,"key":"SMITH"},{"data":"Shrug It Off","floor":15,"key":"SMITH"},{"floor":23,"key":"REST"}],"neow_cost":"NONE","seed_source_timestamp":517471710170200,"circlet_count":0,"master_deck":["Strike_R","Strike_R","Strike_R","Defend_R","Defend_R","Defend_R","Bash+1","Shrug It Off+1","Dropkick+1","Infernal Blade"],"relics":["Burning Blood","Omamori","Letter Opener","Empty Cage","Bag of Marbles"],"potions_floor_usage":[5,13,16,18,24,24],"damage_taken":[{"damage":8,"enemies":"Small Slimes","floor":1,"turns":4},{"damage":6,"enemies":"Cultist","floor":4,"turns":4},{"damage":0,"enemies":"2 Louse","floor":5,"turns":1},{"damage":11,"enemies":"Blue Slaver","floor":6,"turns":3},{"damage":7,"enemies":"3 Louse","floor":10,"turns":5},{"damage":9,"enemies":"Gremlin Gang","floor":11,"turns":7},{"damage":14,"enemies":"Gremlin Nob","floor":13,"turns":3},{"damage":7,"enemies":"Blue Slaver","floor":14,"turns":4},{"damage":46,"enemies":"The Guardian","floor":16,"turns":14},{"damage":28,"enemies":"Shell Parasite","floor":18,"turns":9},{"damage":54,"enemies":"Spheric Guardian","floor":20,"turns":8},{"damage":37,"enemies":"Book of Stabbing","floor":24,"turns":6}],"seed_played":"2034664235312678903","potions_obtained":[{"floor":1,"key":"Weak Potion"},{"floor":2,"key":"Explosive Potion"},{"floor":2,"key":"Ancient Potion"},{"floor":11,"key":"FearPotion"},{"floor":13,"key":"Dexterity Potion"},{"floor":20,"key":"Poison Potion"}],"is_trial":false,"path_per_floor":["M","?","$","M","M","M","$","?","T","M","M","R","E","M","R","B",null,"M","?","M","?","T","R","E"],"character_chosen":"IRONCLAD","items_purchased":[],"campfire_rested":1,"item_purchase_floors":[],"current_hp_per_floor":[78,78,78,78,80,75,75,75,75,74,71,71,63,62,62,22,80,58,58,10,10,10,34,0],"gold":302,"neow_bonus":"UPGRADE_CARD","is_prod":false,"is_daily":false,"chose_seed":false,"campfire_upgraded":2,"win_rate":0,"timestamp":1568255112,"path_taken":["M","?","$","M","?","M","?","?","T","?","?","R","E","M","R","BOSS","M","?","M","?","?","R","E"],"build_version":"2019-07-17","purchased_purges":1,"victory":false,"max_hp_per_floor":[80,80,80,80,80,80,80,80,80,80,80,80,80,80,80,80,80,80,80,80,80,80,80,80],"card_choices":[{"not_picked":["Metallicize","Clothesline","Flex"],"picked":"SKIP","floor":1},{"not_picked":["Sword Boomerang","Warcry"],"picked":"Shrug It Off","floor":4},{"not_picked":["Iron Wave","Perfected Strike","Headbutt"],"picked":"SKIP","floor":5},{"not_picked":["Body Slam","Anger"],"picked":"Dropkick","floor":6},{"not_picked":["Bludgeon","Clash","Wild Strike"],"picked":"SKIP","floor":10},{"not_picked":["Flame Barrier","Anger","Metallicize"],"picked":"SKIP","floor":11},{"not_picked":["Double Tap","Disarm","Rupture"],"picked":"SKIP","floor":13},{"not_picked":["Pommel Strike","Wild Strike","True Grit"],"picked":"SKIP","floor":14},{"not_picked":["Iron Wave","Second Wind","Rampage"],"picked":"SKIP","floor":18},{"not_picked":["Second Wind","Cleave","True Grit+1"],"picked":"SKIP","floor":20}],"player_experience":925841,"relics_obtained":[{"floor":9,"key":"Omamori"},{"floor":13,"key":"Letter Opener"},{"floor":22,"key":"Bag of Marbles"}],"event_choices":[{"damage_healed":0,"gold_gain":0,"player_choice":"Got Potions","damage_taken":0,"max_hp_gain":0,"max_hp_loss":0,"event_name":"Lab","floor":2,"gold_loss":0},{"damage_healed":0,"gold_gain":0,"player_choice":"Bought 0 Potions","damage_taken":0,"max_hp_gain":0,"max_hp_loss":0,"event_name":"The Woman in Blue","floor":8,"gold_loss":0},{"damage_healed":0,"gold_gain":0,"player_choice":"Ignored","damage_taken":0,"max_hp_gain":0,"max_hp_loss":0,"event_name":"Vampires","floor":19,"gold_loss":0},{"damage_healed":0,"gold_gain":0,"player_choice":"Read","damage_taken":0,"max_hp_gain":0,"max_hp_loss":0,"event_name":"The Library","floor":21,"gold_loss":0,"cards_obtained":["Infernal Blade"]}],"is_beta":false,"boss_relics":[{"not_picked":["Runic Dome","Velvet Choker"],"picked":"Empty Cage"}],"items_purged_floors":[3],"is_endless":false,"potions_floor_spawned":[1,4,11,13,20],"killed_by":"Book of Stabbing","ascension_level":0}