{"gold_per_floor":[115,115,290,310,36,69,79,137,162,182,217,231,250,265,265,362,662,680,142,168,168,185,215,215],"floor_reached":24,"playtime":1283,"items_purged":["Doubt","Regret"],"score":289,"play_id":"6612ce3e-2ea5-41bc-bce6-5033eae77ddc","local_time":"20190824012020","is_ascension_mode":true,"campfire_choices":[{"floor":15.0,"key":"REST"}],"neow_cost":"NONE","seed_source_timestamp":736503132022600,"circlet_count":0,"master_deck":["Strike_G","Strike_G","Strike_G","Strike_G","Defend_G","Defend_G","Defend_G+1","Defend_G","Defend_G+1","Survivor","Neutralize","Poisoned Stab","Dagger Spray","Skewer","Quick Slash","Envenom","Caltrops","Malaise","Blade Dance","Cloak And Dagger","Burst","Parasite","Outmaneuver","Infinite Blades","The Bomb","Slice+1","Escape Plan","Dash"],"special_seed":0,"relics":["Ring of the Snake","NeowsBlessing","OrangePellets","War Paint","Tiny Chest","Lantern","Gambling Chip","Calling Bell","Smiling Mask","Matryoshka","Old Coin","Mercury Hourglass","Red Mask","Mummified Hand"],"potions_floor_usage":[24],"damage_taken":[{"damage":0.0,"enemies":"Small Slimes","floor":1.0,"turns":1.0},{"damage":0.0,"enemies":"Jaw Worm","floor":4.0,"turns":1.0},{"damage":0.0,"enemies":"3 Sentries","floor":6.0,"turns":1.0},{"damage":0.0,"enemies":"Cultist","floor":7.0,"turns":3.0},{"damage":23.0,"enemies":"Lagavulin","floor":8.0,"turns":6.0},{"damage":4.0,"enemies":"Exordium Thugs","floor":10.0,"turns":4.0},{"damage":24.0,"enemies":"Gremlin Nob","floor":11.0,"turns":4.0},{"damage":1.0,"enemies":"Blue Slaver","floor":12.0,"turns":3.0},{"damage":6.0,"enemies":"3 Louse","floor":13.0,"turns":2.0},{"damage":2.0,"enemies":"Red Slaver","floor":14.0,"turns":5.0},{"damage":10.0,"enemies":"Hexaghost","floor":16.0,"turns":9.0},{"damage":27.0,"enemies":"Chosen","floor":18.0,"turns":7.0},{"damage":31.0,"enemies":"Masked Bandits","floor":20.0,"turns":3.0},{"damage":7.0,"enemies":"Spheric Guardian","floor":22.0,"turns":4.0},{"damage":3.0,"enemies":"Book of Stabbing","floor":23.0,"turns":7.0},{"damage":2,"enemies":"Shelled Parasite and Fungi","floor":24,"turns":2}],"seed_played":"2734257641944731470","potions_obtained":[{"floor":1.0,"key":"Fire Potion"},{"floor":4.0,"key":"GhostInAJar"},{"floor":8.0,"key":"EssenceOfSteel"},{"floor":11.0,"key":"Block Potion"},{"floor":23.0,"key":"LiquidBronze"}],"is_trial":false,"path_per_floor":["M","?","?","M","$","E","M","E","T","M","E","M","M","M","R","B",null,"M","$","?","?","M","E","M"],"character_chosen":"THE_SILENT","items_purchased":["OrangePellets","Infinite Blades","The Bomb","Mercury Hourglass"],"campfire_rested":1,"item_purchase_floors":[5,19,19,19],"current_hp_per_floor":[70,63,63,63,63,63,63,40,40,36,12,11,5,3,24,14,70,43,43,12,12,5,2,0],"gold":215,"neow_bonus":"THREE_ENEMY_KILL","is_prod":false,"is_daily":false,"chose_seed":false,"campfire_upgraded":0,"win_rate":0,"timestamp":1566602420,"path_taken":["M","?","?","M","$","E","M","E","T","M","E","M","M","?","R","BOSS","M","$","?","?","?","E","M"],"build_version":"2019-07-17","purchased_purges":2,"victory":false,"max_hp_per_floor":[70,70,70,70,70,70,70,70,70,70,70,70,70,70,70,70,70,70,70,70,70,70,70,70],"card_choices":[{"not_picked":["Predator","Prepared"],"picked":"Poisoned Stab","floor":1.0},{"not_picked":["Flechettes","Poisoned Stab"],"picked":"Dagger Spray","floor":4.0},{"not_picked":["Cloak And Dagger","Prepared"],"picked":"Skewer","floor":6.0},{"not_picked":["Eviscerate","Bouncing Flask"],"picked":"Quick Slash","floor":7.0},{"not_picked":["Reflex","Concentrate"],"picked":"Envenom","floor":8.0},{"not_picked":["Outmaneuver","Flying Knee"],"picked":"Caltrops","floor":10.0},{"not_picked":["Slice","Flying Knee"],"picked":"Malaise","floor":11.0},{"not_picked":["Quick Slash","Reflex"],"picked":"Blade Dance","floor":12.0},{"not_picked":["Expertise","Underhanded Strike","Slice"],"picked":"SKIP","floor":13.0},{"not_picked":["Endless Agony","PiercingWail"],"picked":"Cloak And Dagger","floor":14.0},{"not_picked":["Storm of Steel","Night Terror"],"picked":"Burst","floor":16.0},{"not_picked":["Blade Dance","Expertise"],"picked":"Outmaneuver","floor":18.0},{"not_picked":["Deflect","Acrobatics"],"picked":"Slice+1","floor":20.0},{"not_picked":["Cloak And Dagger","Underhanded Strike"],"picked":"Escape Plan","floor":22.0},{"not_picked":["Backflip","Bouncing Flask"],"picked":"Dash","floor":23.0}],"player_experience":176598,"relics_obtained":[{"floor":6.0,"key":"War Paint"},{"floor":8.0,"key":"Tiny Chest"},{"floor":9.0,"key":"Lantern"},{"floor":11.0,"key":"Gambling Chip"},{"floor":17.0,"key":"Smiling Mask"},{"floor":17.0,"key":"Matryoshka"},{"floor":17.0,"key":"Old Coin"},{"floor":20.0,"key":"Red Mask"},{"floor":23.0,"key":"Mummified Hand"}],"event_choices":[{"cards_removed":["Strike_G"],"damage_healed":0.0,"max_hp_gain":0.0,"max_hp_loss":0.0,"gold_gain":0.0,"event_name":"Golden Wing","player_choice":"Card Removal","floor":2.0,"gold_loss":0.0,"damage_taken":7.0},{"damage_healed":0.0,"max_hp_gain":0.0,"max_hp_loss":0.0,"gold_gain":175.0,"event_name":"Liars Game","player_choice":"AGREE","floor":3.0,"gold_loss":0.0,"damage_taken":0.0,"cards_obtained":["Doubt"]},{"damage_healed":0.0,"max_hp_gain":0.0,"max_hp_loss":0.0,"gold_gain":0.0,"event_name":"Masked Bandits","player_choice":"Fought Bandits","floor":20.0,"gold_loss":0.0,"damage_taken":0.0},{"cards_removed":["Clumsy"],"damage_healed":0.0,"max_hp_gain":0.0,"max_hp_loss":0.0,"gold_gain":0.0,"event_name":"Wheel of Change","player_choice":"Card Removal","floor":21.0,"gold_loss":0.0,"damage_taken":0.0}],"is_beta":false,"boss_relics":[{"not_picked":["Empty Cage","Orrery"],"picked":"Calling Bell"}],"items_purged_floors":[5,19],"is_endless":false,"potions_floor_spawned":[1,4,8,11,23],"killed_by":"Shelled Parasite and Fungi","ascension_level":2}