{"gold_per_floor":[144,189,189,234,234,234,279,279,279,279,279,279,324,447,447,747,747,792,837,213,213,213,213,163,163,163,163,163,163,163,208,208,508,508,553,553,553,598,643,643,688,733,733,733,733],"floor_reached":46,"playtime":2990,"items_purged":["Normality"],"score":806,"play_id":"b42e9d9c-0526-48ad-bed5-ca234f0fba47","local_time":"20180805123101","daily_mods":["Specialized","Cursed Run","Midas"],"is_ascension_mode":false,"campfire_choices":[{"floor":6,"key":"REST"},{"floor":8,"key":"REST"},{"floor":10,"key":"REST"},{"floor":12,"key":"REST"},{"floor":15,"key":"REST"},{"floor":23,"key":"REST"},{"floor":25,"key":"REST"},{"floor":30,"key":"REST"},{"floor":32,"key":"REST"},{"floor":40,"key":"REST"}],"neow_cost":"","seed_source_timestamp":0,"circlet_count":0,"master_deck":["Strike_B+1","Strike_B+1","Strike_B+1","Strike_B+1","Defend_B+1","Defend_B+1","Defend_B+1","Defend_B+1","Zap+1","Dualcast+1","Thunder Strike+1","Thunder Strike+1","Thunder Strike+1","Thunder Strike+1","Thunder Strike+1","Go for the Eyes+1","Rebound+1","Regret","Leap+1","Defragment+1","Clumsy","Skim+1","Gash+1","Seek+1","Injury","Writhe","Clumsy","Go for the Eyes+1","Glacier+1","Turbo+1","Writhe","RitualDagger+1","Decay","Normality","Stack+1","Decay","Meteor Strike+1","BootSequence+1","Flash of Steel","Conserve Battery","Tempest+1","Sunder+1","Injury","Clumsy"],"special_seed":17748,"relics":["Cursed Key","Darkstone Periapt","Du-Vu Doll","Emotion Chip","Anchor","Thread and Needle","Blue Candle","Calling Bell","Lantern","Meat on the Bone","Nunchaku","Blood Vial","HandDrill","Bag of Preparation","Bag of Marbles","Gremlin Horn","Nilry\u0027s Codex","Torii","Eternal Feather","Mark of the Bloom","Ornamental Fan"],"potions_floor_usage":[16,18,31,33,39,45,45],"damage_taken":[{"damage":0,"enemies":"2 Louse","floor":1,"turns":3},{"damage":11,"enemies":"Jaw Worm","floor":2,"turns":3},{"damage":8,"enemies":"Cultist","floor":4,"turns":4},{"damage":22,"enemies":"Large Slime","floor":7,"turns":6},{"damage":2,"enemies":"2 Fungi Beasts","floor":13,"turns":4},{"damage":8,"enemies":"3 Sentries","floor":14,"turns":7},{"damage":57,"enemies":"Slime Boss","floor":16,"turns":11},{"damage":3,"enemies":"Chosen","floor":18,"turns":4},{"damage":3,"enemies":"3 Byrds","floor":19,"turns":5},{"damage":4,"enemies":"Centurion and Healer","floor":31,"turns":5},{"damage":69,"enemies":"Collector","floor":33,"turns":9},{"damage":5,"enemies":"Flame Bruiser 1 Orb","floor":35,"turns":4},{"damage":19,"enemies":"3 Shapes","floor":38,"turns":3},{"damage":7,"enemies":"Transient","floor":39,"turns":5},{"damage":1,"enemies":"Flame Bruiser 2 Orb","floor":41,"turns":2},{"damage":0,"enemies":"Sphere and 2 Shapes","floor":42,"turns":3},{"damage":73,"enemies":"Donu and Deca","floor":45,"turns":6}],"seed_played":"5740276892654429722","potions_obtained":[{"floor":1,"key":"SteroidPotion"},{"floor":14,"key":"FearPotion"},{"floor":19,"key":"SkillPotion"},{"floor":31,"key":"LiquidBronze"},{"floor":38,"key":"Explosive Potion"},{"floor":41,"key":"PowerPotion"},{"floor":42,"key":"SkillPotion"}],"is_trial":false,"path_per_floor":["M","M","?","M","?","R","M","R","T","R","?","R","M","?","R","B",null,"M","M","$","?","?","R","?","R","T","?","T","?","R","M","R","B",null,"M","?","?","M","M","R","M","M","T","?","B"],"character_chosen":"DEFECT","items_purchased":["Blood Vial","HandDrill","Bag of Preparation","Turbo"],"campfire_rested":10,"item_purchase_floors":[20,20,20,20],"current_hp_per_floor":[75,64,70,62,62,81,59,81,87,87,80,87,85,77,87,36,111,108,105,105,111,105,117,117,117,123,107,113,113,129,125,129,78,135,130,130,130,111,104,104,103,103,103,103,30],"gold":733,"neow_bonus":"","is_prod":false,"is_daily":true,"chose_seed":false,"campfire_upgraded":0,"win_rate":0,"timestamp":1533443461,"path_taken":["M","M","?","M","?","R","M","R","T","R","?","R","M","?","R","BOSS","M","M","$","?","?","R","?","R","T","?","?","?","R","?","R","BOSS","M","?","?","M","M","R","M","M","T","?","BOSS"],"build_version":"2018-08-02","purchased_purges":1,"victory":true,"max_hp_per_floor":[75,75,81,81,81,81,81,81,87,87,87,87,87,87,87,93,111,111,111,111,117,117,117,117,117,123,123,129,129,129,129,129,135,135,135,135,135,135,135,135,135,135,141,141,147],"card_choices":[{"not_picked":["Compile Driver","Cold Snap"],"picked":"Go for the Eyes","floor":1},{"not_picked":["Steam","Stack"],"picked":"Rebound","floor":2},{"not_picked":["Creative AI","Redo"],"picked":"Leap","floor":4},{"not_picked":["Stack","Storm"],"picked":"Defragment","floor":7},{"not_picked":["Reprogram","Hologram"],"picked":"Skim","floor":13},{"not_picked":["Coolheaded","Barrage"],"picked":"Gash","floor":14},{"not_picked":["Hyperbeam","Buffer"],"picked":"Seek","floor":16},{"not_picked":["Auto Shields","Loop+1"],"picked":"Go for the Eyes","floor":18},{"not_picked":["Sweeping Beam","FTL"],"picked":"Glacier","floor":19},{"not_picked":["Redo","Hologram"],"picked":"Stack+1","floor":31},{"not_picked":["Core Surge","Buffer"],"picked":"Meteor Strike","floor":33},{"not_picked":["Rebound","Turbo+1"],"picked":"BootSequence+1","floor":35},{"not_picked":["Finesse","Swift Strike"],"picked":"Flash of Steel","floor":37},{"not_picked":["Stack","Rip and Tear"],"picked":"Conserve Battery","floor":38},{"not_picked":["Compile Driver+1","Reprogram"],"picked":"Tempest+1","floor":39},{"not_picked":["Ball Lightning","Cold Snap+1"],"picked":"Sunder+1","floor":41},{"not_picked":["Auto Shields","Compile Driver","Barrage"],"picked":"SKIP","floor":42}],"player_experience":859593,"relics_obtained":[{"floor":9,"key":"Anchor"},{"floor":14,"key":"Blue Candle"},{"floor":17,"key":"Lantern"},{"floor":17,"key":"Meat on the Bone"},{"floor":17,"key":"Nunchaku"},{"floor":26,"key":"Gremlin Horn"},{"floor":27,"key":"Nilry\u0027s Codex"},{"floor":28,"key":"Torii"},{"floor":43,"key":"Ornamental Fan"}],"event_choices":[{"event_name":"Big Fish","player_choice":"Box","floor":3,"damage_taken":0},{"event_name":"Living Wall","player_choice":"Grow","floor":5,"damage_taken":0},{"event_name":"Scrap Ooze","player_choice":"success","floor":11,"damage_taken":7},{"event_name":"Dead Adventurer","player_choice":"Searched \u00271\u0027 times","floor":14,"damage_taken":0},{"event_name":"The Mausoleum","player_choice":"Yes","floor":21,"damage_taken":0},{"event_name":"Nest","player_choice":"Joined the Cult","floor":22,"damage_taken":0},{"event_name":"The Joust","player_choice":"Bet on Murderer","floor":24,"damage_taken":0},{"event_name":"Cursed Tome","player_choice":"Obtained Book","floor":27,"damage_taken":0},{"event_name":"Ghosts","player_choice":"Ignored","floor":29,"damage_taken":0},{"event_name":"MindBloom","player_choice":"Upgrade","floor":36,"damage_taken":0},{"event_name":"SensoryStone","player_choice":"Memory 1","floor":37,"damage_taken":0},{"event_name":"SecretPortal","player_choice":"Took Portal.","floor":44,"damage_taken":0}],"is_beta":false,"boss_relics":[{"not_picked":["Inserter","Busted Crown"],"picked":"Calling Bell"},{"not_picked":["Snecko Eye","Philosopher\u0027s Stone"],"picked":"Eternal Feather"}],"items_purged_floors":[20],"is_endless":false,"potions_floor_spawned":[1,14,19,31,38,41,42],"ascension_level":0}