{"gold_per_floor":[145,145,145,28,28,59,79,100,100,115,139,172,191,204,204,297,297,321,321,86,109,109,109,152,152,225,259,274,25,25,45,45,45],"floor_reached":33,"playtime":1847,"items_purged":["Injury"],"score":624,"play_id":"bef48e65-11c3-48b7-9535-bcf6cf74ac6e","local_time":"20190905144519","is_ascension_mode":true,"campfire_choices":[{"data":"True Grit","floor":15.0,"key":"SMITH"},{"data":"Apotheosis","floor":23.0,"key":"SMITH"},{"floor":25.0,"key":"REST"},{"data":"Uppercut","floor":32,"key":"SMITH"}],"neow_cost":"NONE","seed_source_timestamp":67565854881000,"circlet_count":0,"master_deck":["AscendersBane","Strike_R+1","Defend_R","Defend_R","Defend_R+1","Bash+1","Twin Strike","Shockwave","Uppercut+1","Thunderclap","True Grit+1","Immolate","Heavy Blade","Flex","Fiend Fire","Offering+1","Bludgeon+1","Barricade+1","Shrug It Off","Apotheosis+1","Battle Trance","Immolate","Whirlwind","Second Wind"],"special_seed":0,"relics":["Burning Blood","Tiny Chest","Golden Idol","Bottled Flame","Red Skull","Orichalcum","Bag of Marbles","Astrolabe","Happy Flower","Blue Candle","Boot","Blood Vial"],"potions_floor_usage":[27,33,33],"damage_taken":[{"damage":2.0,"enemies":"2 Louse","floor":1.0,"turns":4.0},{"damage":35.0,"enemies":"Gremlin Nob","floor":6.0,"turns":5.0},{"damage":1.0,"enemies":"Small Slimes","floor":7.0,"turns":4.0},{"damage":4.0,"enemies":"Jaw Worm","floor":8.0,"turns":3.0},{"damage":4.0,"enemies":"Blue Slaver","floor":10.0,"turns":4.0},{"damage":9.0,"enemies":"Lagavulin","floor":12.0,"turns":5.0},{"damage":0.0,"enemies":"Large Slime","floor":13.0,"turns":3.0},{"damage":1.0,"enemies":"Exordium Thugs","floor":14.0,"turns":2.0},{"damage":17.0,"enemies":"Hexaghost","floor":16.0,"turns":9.0},{"damage":5.0,"enemies":"Spheric Guardian","floor":18.0,"turns":3.0},{"damage":21.0,"enemies":"Shell Parasite","floor":21.0,"turns":3.0},{"damage":30.0,"enemies":"Gremlin Leader","floor":24.0,"turns":6.0},{"damage":6,"enemies":"Book of Stabbing","floor":27,"turns":3},{"damage":22,"enemies":"Cultist and Chosen","floor":28,"turns":6},{"damage":4,"enemies":"Centurion and Healer","floor":31,"turns":3},{"damage":66,"enemies":"Collector","floor":33,"turns":6}],"seed_played":"3516433109553936715","potions_obtained":[{"floor":1.0,"key":"Weak Potion"},{"floor":8.0,"key":"EssenceOfSteel"},{"floor":12.0,"key":"AttackPotion"},{"floor":16.0,"key":"Block Potion"},{"floor":24.0,"key":"EssenceOfSteel"},{"floor":27,"key":"Poison Potion"},{"floor":31,"key":"BloodPotion"}],"is_trial":false,"path_per_floor":["M","?","?","$","?","E","M","M","T","M","T","E","M","M","R","B",null,"M","?","$","M","?","R","E","R","T","E","M","$","?","M","R","B"],"character_chosen":"IRONCLAD","items_purchased":["Shockwave","Apotheosis","Strength Potion","Blood Vial","Whirlwind"],"campfire_rested":1,"item_purchase_floors":[4,20,20,29,29],"current_hp_per_floor":[72,49,49,49,49,20,25,27,27,29,29,26,32,37,37,26,63,64,64,64,49,49,49,25,47,47,47,31,31,31,35,35,0],"gold":45,"neow_bonus":"RANDOM_COMMON_RELIC","is_prod":false,"is_daily":false,"chose_seed":false,"campfire_upgraded":3,"win_rate":0,"timestamp":1567719919,"path_taken":["M","?","?","$","?","E","M","M","T","M","?","E","?","M","R","BOSS","M","?","$","M","?","R","E","R","T","E","?","$","?","M","R","BOSS"],"build_version":"2019-07-17","purchased_purges":1,"victory":false,"max_hp_per_floor":[75,75,75,75,75,75,75,75,75,75,75,75,75,75,75,75,75,75,75,75,75,75,75,75,75,75,75,75,75,75,75,75,75],"card_choices":[{"not_picked":["Warcry","Feel No Pain"],"picked":"Twin Strike","floor":1.0},{"not_picked":["True Grit","Iron Wave"],"picked":"Uppercut","floor":6.0},{"not_picked":["Rage","Burning Pact"],"picked":"Thunderclap","floor":7.0},{"not_picked":["Power Through","Carnage"],"picked":"True Grit","floor":8.0},{"not_picked":["Clash","Body Slam","Clothesline"],"picked":"SKIP","floor":10.0},{"not_picked":["Headbutt","Iron Wave"],"picked":"Immolate","floor":12.0},{"not_picked":["Pommel Strike","Havoc"],"picked":"Heavy Blade","floor":13.0},{"not_picked":["Twin Strike","Heavy Blade"],"picked":"Flex","floor":14.0},{"not_picked":["Impervious","Juggernaut"],"picked":"Fiend Fire","floor":16.0},{"not_picked":["Iron Wave","Anger"],"picked":"Shrug It Off","floor":18.0},{"not_picked":["Armaments","Twin Strike","Flex"],"picked":"SKIP","floor":21.0},{"not_picked":["Perfected Strike","Hemokinesis"],"picked":"Battle Trance","floor":24.0},{"not_picked":["Armaments+1","Thunderclap"],"picked":"Immolate","floor":27},{"not_picked":["Havoc","True Grit","Sword Boomerang"],"picked":"SKIP","floor":28},{"not_picked":["Dual Wield","Armaments"],"picked":"Second Wind","floor":31}],"player_experience":826563,"relics_obtained":[{"floor":6.0,"key":"Bottled Flame"},{"floor":9.0,"key":"Red Skull"},{"floor":11.0,"key":"Orichalcum"},{"floor":12.0,"key":"Bag of Marbles"},{"floor":24.0,"key":"Happy Flower"},{"floor":26.0,"key":"Blue Candle"},{"floor":27,"key":"Boot"}],"event_choices":[{"damage_healed":0.0,"max_hp_gain":0.0,"max_hp_loss":0.0,"gold_gain":0.0,"event_name":"Shining Light","player_choice":"Entered Light","floor":2.0,"gold_loss":0.0,"damage_taken":23.0,"cards_upgraded":["Defend_R","Strike_R"]},{"damage_healed":0.0,"max_hp_gain":0.0,"max_hp_loss":0.0,"gold_gain":0.0,"event_name":"Golden Idol","player_choice":"Take Wound","floor":3.0,"gold_loss":0.0,"damage_taken":0.0,"relics_obtained":["Golden Idol"],"cards_obtained":["Injury"]},{"damage_healed":0.0,"max_hp_gain":0.0,"max_hp_loss":0.0,"gold_gain":0.0,"event_name":"Living Wall","player_choice":"Grow","floor":5.0,"gold_loss":0.0,"damage_taken":0.0,"cards_upgraded":["Bash"]},{"damage_healed":0.0,"max_hp_gain":0.0,"max_hp_loss":0.0,"gold_gain":0.0,"event_name":"Vampires","player_choice":"Ignored","floor":19.0,"gold_loss":0.0,"damage_taken":0.0},{"cards_removed":["Strike_R"],"damage_healed":0.0,"max_hp_gain":0.0,"max_hp_loss":0.0,"gold_gain":0.0,"event_name":"Purifier","player_choice":"Purged","floor":22.0,"gold_loss":0.0,"damage_taken":0.0},{"cards_removed":["Defend_R"],"damage_healed":0,"gold_gain":0,"player_choice":"Elegance","damage_taken":0,"max_hp_gain":0,"max_hp_loss":0,"event_name":"Back to Basics","floor":30,"gold_loss":0}],"is_beta":false,"boss_relics":[{"not_picked":["Eternal Feather","Lizard Tail"],"picked":"Astrolabe"}],"items_purged_floors":[4],"is_endless":false,"potions_floor_spawned":[1,8,12,16,21,24,27,31],"killed_by":"Collector","ascension_level":19}