{"gold_per_floor":[117,192,36,311,326,356,356,367,367,385,412,432,447,464,464,569,569,586,586,685,697,612,612,624,76,76,76,76,76],"floor_reached":29,"playtime":1887,"items_purged":["Regret"],"score":284,"play_id":"4c67c5ea-5324-445c-8df2-b1609fc26674","local_time":"20190823130049","is_ascension_mode":true,"campfire_choices":[{"floor":7,"key":"REST"},{"floor":15,"key":"REST"},{"data":"Barricade","floor":23,"key":"SMITH"},{"data":"Entrench","floor":27,"key":"SMITH"}],"neow_cost":"NONE","seed_source_timestamp":691783538024600,"circlet_count":0,"master_deck":["Defend_R","Defend_R","Defend_R","Defend_R","Bash","Second Wind","Twin Strike","Spot Weakness","Entrench+1","Havoc","Pommel Strike","Armaments","Heavy Blade","Flame Barrier","Barricade+1","Shrug It Off","Bite","Bite","Bite","Bite","Bite","Twin Strike","Feel No Pain","Writhe"],"relics":["Burning Blood","Happy Flower","Boot","Paper Frog","Dodecahedron","Art of War","Runic Cube","Lantern","Self Forming Clay","Juzu Bracelet","Orichalcum","Dream Catcher"],"potions_floor_usage":[11,11,18,29,29],"damage_taken":[{"damage":8,"enemies":"2 Louse","floor":1,"turns":3},{"damage":9,"enemies":"Jaw Worm","floor":5,"turns":3},{"damage":49,"enemies":"3 Sentries","floor":6,"turns":12},{"damage":3,"enemies":"Cultist","floor":8,"turns":2},{"damage":14,"enemies":"3 Louse","floor":10,"turns":4},{"damage":33,"enemies":"Lagavulin","floor":11,"turns":6},{"damage":0,"enemies":"Exordium Wildlife","floor":12,"turns":3},{"damage":2,"enemies":"2 Fungi Beasts","floor":13,"turns":4},{"damage":10,"enemies":"3 Louse","floor":14,"turns":4},{"damage":32,"enemies":"Hexaghost","floor":16,"turns":9},{"damage":46,"enemies":"3 Byrds","floor":18,"turns":6},{"damage":21,"enemies":"Spheric Guardian","floor":21,"turns":5},{"damage":23,"enemies":"Centurion and Healer","floor":24,"turns":23},{"damage":65,"enemies":"Masked Bandits","floor":29,"turns":5}],"seed_played":"2770928443224904263","potions_obtained":[{"floor":1,"key":"GamblersBrew"},{"floor":5,"key":"SkillPotion"},{"floor":8,"key":"PowerPotion"},{"floor":12,"key":"Swift Potion"},{"floor":18,"key":"Dexterity Potion"}],"is_trial":false,"path_per_floor":["M","?","$","?","M","E","R","M","T","M","E","M","M","M","R","B",null,"M","?","?","M","?","R","M","$","T","R","?","?"],"character_chosen":"IRONCLAD","items_purchased":["Boot","Self Forming Clay","Feel No Pain","Juzu Bracelet"],"campfire_rested":2,"item_purchase_floors":[3,25,25,25],"current_hp_per_floor":[78,67,67,67,64,21,45,48,48,40,13,19,23,19,43,17,80,40,40,40,33,33,33,51,51,51,51,51,0],"gold":76,"neow_bonus":"RANDOM_COMMON_RELIC","is_prod":false,"is_daily":false,"chose_seed":false,"campfire_upgraded":2,"win_rate":0,"timestamp":1566558049,"path_taken":["M","?","$","?","M","E","R","M","T","M","E","M","?","M","R","BOSS","M","?","?","M","?","R","M","$","T","R","?","?"],"build_version":"2019-07-17","purchased_purges":1,"victory":false,"max_hp_per_floor":[80,80,80,80,80,80,80,80,80,80,80,80,80,80,80,80,80,80,56,56,56,56,56,56,56,56,56,56,56],"card_choices":[{"not_picked":["Hemokinesis","Flex"],"picked":"Second Wind","floor":1},{"not_picked":["Perfected Strike","Second Wind"],"picked":"Twin Strike","floor":5},{"not_picked":["Cleave","Warcry"],"picked":"Spot Weakness","floor":6},{"not_picked":["Shockwave","Blood for Blood"],"picked":"Entrench","floor":8},{"not_picked":["Second Wind","Cleave"],"picked":"Havoc","floor":10},{"not_picked":["Flex","Twin Strike"],"picked":"Pommel Strike","floor":11},{"not_picked":["True Grit","Perfected Strike"],"picked":"Armaments","floor":12},{"not_picked":["Perfected Strike","Ghostly Armor"],"picked":"Heavy Blade","floor":13},{"not_picked":["Second Wind","Spot Weakness"],"picked":"Flame Barrier","floor":14},{"not_picked":["Fiend Fire","Berserk"],"picked":"Barricade","floor":16},{"not_picked":["Twin Strike","Carnage"],"picked":"Shrug It Off","floor":18},{"not_picked":["Reckless Charge","Clothesline"],"picked":"Twin Strike","floor":21},{"not_picked":["Dropkick","Wild Strike","Heavy Blade"],"picked":"SKIP","floor":24}],"player_experience":152352,"relics_obtained":[{"floor":6,"key":"Paper Frog"},{"floor":9,"key":"Dodecahedron"},{"floor":11,"key":"Art of War"},{"floor":26,"key":"Orichalcum"}],"event_choices":[{"damage_healed":0,"gold_gain":75,"player_choice":"Gather Gold","damage_taken":11,"max_hp_gain":0,"max_hp_loss":0,"event_name":"World of Goop","floor":2,"gold_loss":0},{"damage_healed":0,"gold_gain":275,"player_choice":"Desecrate","damage_taken":0,"max_hp_gain":0,"max_hp_loss":0,"event_name":"Golden Shrine","floor":4,"gold_loss":0,"cards_obtained":["Regret"]},{"damage_healed":0,"gold_gain":0,"player_choice":"Became a vampire","damage_taken":0,"max_hp_gain":0,"max_hp_loss":24,"event_name":"Vampires","floor":19,"gold_loss":0,"cards_obtained":["Bite","Bite","Bite","Bite","Bite"]},{"damage_healed":0,"gold_gain":99,"player_choice":"Stole From Cult","damage_taken":0,"max_hp_gain":0,"max_hp_loss":0,"event_name":"Nest","floor":20,"gold_loss":0},{"damage_healed":0,"gold_gain":0,"player_choice":"Obtained Relic","damage_taken":0,"relics_obtained":["Lantern"],"max_hp_gain":0,"max_hp_loss":0,"event_name":"Addict","floor":22,"gold_loss":85},{"damage_healed":0,"gold_gain":0,"player_choice":"Opened","damage_taken":0,"relics_obtained":["Dream Catcher"],"max_hp_gain":0,"max_hp_loss":0,"event_name":"The Mausoleum","floor":28,"gold_loss":0,"cards_obtained":["Writhe"]},{"damage_healed":0,"gold_gain":0,"player_choice":"Fought Bandits","damage_taken":0,"max_hp_gain":0,"max_hp_loss":0,"event_name":"Masked Bandits","floor":29,"gold_loss":0}],"is_beta":false,"boss_relics":[{"not_picked":["Black Star","Astrolabe"],"picked":"Runic Cube"}],"items_purged_floors":[25],"is_endless":false,"potions_floor_spawned":[1,5,8,12,18],"killed_by":"Masked Bandits","ascension_level":2}