{"gold_per_floor":[211,28,28,48,63,63,78,78,131,31,57,8,34,34,34,130,130,142,65,14,14,25,36,36,36,61,81,81,96,107,117,117,117],"floor_reached":33,"playtime":1266,"items_purged":[],"score":257,"play_id":"64e13f9a-6a88-41c8-bb72-d1df2bda9af4","local_time":"20180818232509","is_ascension_mode":false,"campfire_choices":[{"data":"All Out Attack","floor":6,"key":"SMITH"},{"data":"Flying Knee","floor":8,"key":"SMITH"},{"floor":15,"key":"REST"},{"floor":24,"key":"REST"},{"floor":32,"key":"REST"}],"neow_cost":"NONE","seed_source_timestamp":342148971652183,"circlet_count":0,"master_deck":["Defend_G","Defend_G","Defend_G","Defend_G","Defend_G","Strike_G","Strike_G","Strike_G","Strike_G","Strike_G","Survivor","Neutralize","Dagger Spray","All Out Attack+1","Flying Knee+1","Quick Slash","Backstab","Dagger Spray","Footwork","Outmaneuver","Backflip","Flying Knee","Corpse Explosion","Cloak And Dagger","J.A.X.","Bane","Slice+1","Die Die Die","Caltrops+1","Blade Dance","Slice","Accuracy+1","Outmaneuver","Accuracy"],"special_seed":0,"relics":["Ring of the Snake","Bronze Scales","Girya","Tiny Chest","Dream Catcher","Orichalcum","WristBlade","Pen Nib","Snake Skull"],"potions_floor_usage":[13,16,29,33,33,33],"damage_taken":[{"damage":0.0,"enemies":"Cultist","floor":1.0,"turns":4.0},{"damage":1,"enemies":"Jaw Worm","floor":4,"turns":3},{"damage":2,"enemies":"Small Slimes","floor":5,"turns":2},{"damage":0,"enemies":"3 Louse","floor":7,"turns":2},{"damage":4,"enemies":"Gremlin Nob","floor":11,"turns":3},{"damage":11,"enemies":"3 Sentries","floor":13,"turns":3},{"damage":59,"enemies":"The Guardian","floor":16,"turns":12},{"damage":4,"enemies":"Chosen","floor":18,"turns":5},{"damage":12,"enemies":"2 Thieves","floor":22,"turns":3},{"damage":19,"enemies":"Centurion and Healer","floor":23,"turns":5},{"damage":25,"enemies":"Shelled Parasite and Fungi","floor":27,"turns":5},{"damage":8,"enemies":"Snecko","floor":29,"turns":3},{"damage":7,"enemies":"Cultist and Chosen","floor":30,"turns":5},{"damage":13,"enemies":"Shelled Parasite and Fungi","floor":31,"turns":2},{"damage":49,"enemies":"Collector","floor":33,"turns":6}],"seed_played":"-8341878055894122952","potions_obtained":[{"floor":4,"key":"Strength Potion"},{"floor":7,"key":"Explosive Potion"},{"floor":13,"key":"Regen Potion"},{"floor":16,"key":"LiquidBronze"},{"floor":23,"key":"AttackPotion"},{"floor":28,"key":"SkillPotion"},{"floor":30,"key":"PowerPotion"}],"is_trial":false,"path_per_floor":["M","$","T","M","M","R","M","R","T","$","E","$","E","$","R","B",null,"M","?","$","?","M","M","R","?","T","M","?","M","M","M","R"],"character_chosen":"THE_SILENT","items_purchased":["Bronze Scales","All Out Attack","Backstab","Dagger Spray","Outmaneuver","Bane"],"campfire_rested":3,"item_purchase_floors":[2,2,10,10,12,20],"current_hp_per_floor":[70,70,70,69,67,67,67,67,67,67,63,63,52,52,70,25,70,66,66,66,66,54,35,56,56,56,31,31,23,16,3,24,0],"gold":117,"neow_bonus":"HUNDRED_GOLD","is_prod":false,"is_daily":false,"chose_seed":false,"campfire_upgraded":2,"win_rate":0.0,"timestamp":1534649109,"path_taken":["M","$","?","M","?","R","M","R","T","?","E","$","E","$","R","BOSS","M","?","$","?","M","M","R","?","T","M","?","M","M","M","R","BOSS"],"build_version":"2018-08-16","purchased_purges":0,"victory":false,"max_hp_per_floor":[70,70,70,70,70,70,70,70,70,70,70,70,70,70,70,70,70,70,70,70,70,70,70,70,70,70,70,70,70,70,70,70,70],"card_choices":[{"not_picked":["PiercingWail","Terror"],"picked":"Dagger Spray","floor":1.0},{"not_picked":["Setup","Cloak And Dagger"],"picked":"Flying Knee","floor":4},{"not_picked":["Terror","Quick Slash","PiercingWail"],"picked":"SKIP","floor":5},{"not_picked":["Noxious Fumes","Deadly Poison"],"picked":"Quick Slash","floor":7},{"not_picked":["Skewer","Noxious Fumes"],"picked":"Footwork","floor":11},{"not_picked":["Finisher","Deflect"],"picked":"Backflip","floor":13},{"not_picked":["Well Laid Plans","Heel Hook"],"picked":"Flying Knee","floor":15},{"not_picked":["A Thousand Cuts","Glass Knife"],"picked":"Corpse Explosion","floor":16},{"not_picked":["Tactician","Reflex"],"picked":"Cloak And Dagger","floor":18},{"not_picked":["Prepared+1","Terror"],"picked":"Slice+1","floor":22},{"not_picked":["Escape Plan","Prepared"],"picked":"Die Die Die","floor":23},{"not_picked":["Dodge and Roll","Riddle With Holes"],"picked":"Caltrops+1","floor":24},{"not_picked":["Quick Slash","Prepared"],"picked":"Blade Dance","floor":27},{"not_picked":["Deadly Poison+1","Dodge and Roll"],"picked":"Slice","floor":29},{"not_picked":["Deadly Poison","Infinite Blades"],"picked":"Accuracy+1","floor":30},{"not_picked":["Quick Slash","Deadly Poison"],"picked":"Outmaneuver","floor":31},{"not_picked":["Masterful Stab","Sucker Punch"],"picked":"Accuracy","floor":32}],"player_experience":161626,"relics_obtained":[{"floor":3.0,"key":"Girya"},{"floor":9,"key":"Tiny Chest"},{"floor":11,"key":"Dream Catcher"},{"floor":13,"key":"Orichalcum"},{"floor":26,"key":"Snake Skull"}],"event_choices":[{"event_name":"Drug Dealer","player_choice":"Got JAXXED","floor":19,"damage_taken":0},{"event_name":"The Mausoleum","player_choice":"Yes","floor":21,"damage_taken":0},{"event_name":"Vampires","player_choice":"Ignored","floor":25,"damage_taken":0},{"event_name":"The Lab","player_choice":"Got Potions","floor":28,"damage_taken":0}],"is_beta":false,"boss_relics":[{"not_picked":["White Beast Statue","Cursed Key"],"picked":"WristBlade"}],"items_purged_floors":[],"is_endless":false,"potions_floor_spawned":[4,7,13,16,23,27,30,31],"killed_by":"Collector","ascension_level":0}