{"gold_per_floor":[363,438,513,524,108,108,137,147,147,164,190,203,203,103,103,198,198,212,222,137,137,150,150,160,180,180,180,194,247,264,22,22,124,124,136,0,17,37,49,49,77,77,100,110,110,110,110,127,127,127],"floor_reached":51,"playtime":1775,"items_purged":["Normality","Strike_R"],"score":716,"play_id":"2d09627f-acb3-455f-89ea-7d4ec2dcb1f5","local_time":"20180814224554","is_ascension_mode":false,"campfire_choices":[{"data":"Perfected Strike","floor":6.0,"key":"SMITH"},{"data":"1","floor":13.0,"key":"LIFT"},{"floor":15.0,"key":"REST"},{"data":"2","floor":23,"key":"LIFT"},{"data":"Bludgeon","floor":32,"key":"SMITH"},{"data":"3","floor":40,"key":"LIFT"},{"floor":42,"key":"REST"},{"floor":46,"key":"DIG"},{"floor":49,"key":"DIG"}],"neow_cost":"CURSE","seed_source_timestamp":698173340265601,"circlet_count":0,"master_deck":["Strike_R","Strike_R","Strike_R","Defend_R","Defend_R","Defend_R","Defend_R","Bash","Dropkick","Perfected Strike+1","Twin Strike","Thunderclap","Ghostly Armor","Bludgeon+1","Perfected Strike","Whirlwind","Immolate","Flex","Double Tap","Bandage Up","Limit Break","Anger+1","Heavy Blade+1","Heavy Blade","Writhe","Disarm+1"],"special_seed":0,"relics":["Burning Blood","Kunai","Nunchaku","Meat on the Bone","Girya","Velvet Choker","Shovel","Blue Candle","Bronze Scales","Fusion Hammer","Red Mask","Gambling Chip","Happy Flower","Boot","Self Forming Clay"],"potions_floor_usage":[50,50,50],"damage_taken":[{"damage":8.0,"enemies":"Jaw Worm","floor":1.0,"turns":4.0},{"damage":1.0,"enemies":"Cultist","floor":4.0,"turns":3.0},{"damage":44.0,"enemies":"3 Sentries","floor":7.0,"turns":8.0},{"damage":0.0,"enemies":"Small Slimes","floor":8.0,"turns":2.0},{"damage":5.0,"enemies":"Exordium Thugs","floor":10.0,"turns":4.0},{"damage":6.0,"enemies":"Gremlin Nob","floor":11.0,"turns":3.0},{"damage":9.0,"enemies":"2 Fungi Beasts","floor":12.0,"turns":2.0},{"damage":54.0,"enemies":"Hexaghost","floor":16.0,"turns":9.0},{"damage":0.0,"enemies":"Chosen","floor":18.0,"turns":4.0},{"damage":10,"enemies":"Spheric Guardian","floor":19,"turns":3},{"damage":14,"enemies":"Chosen and Byrds","floor":22,"turns":4},{"damage":15,"enemies":"Snecko","floor":24,"turns":3},{"damage":18,"enemies":"Snake Plant","floor":25,"turns":3},{"damage":0,"enemies":"3 Cultists","floor":28,"turns":2},{"damage":8,"enemies":"Centurion and Healer","floor":30,"turns":5},{"damage":40,"enemies":"Collector","floor":33,"turns":6},{"damage":7,"enemies":"Orb Walker","floor":35,"turns":3},{"damage":20,"enemies":"3 Shapes","floor":37,"turns":2},{"damage":9,"enemies":"Maw","floor":38,"turns":7},{"damage":0,"enemies":"Flame Bruiser 2 Orb","floor":39,"turns":3},{"damage":52,"enemies":"Nemesis","floor":41,"turns":5},{"damage":0,"enemies":"Sphere and 2 Shapes","floor":44,"turns":2},{"damage":0,"enemies":"Transient","floor":48,"turns":5},{"damage":62,"enemies":"Time Eater","floor":50,"turns":8}],"seed_played":"2530918166579765728","potions_obtained":[{"floor":8.0,"key":"Weak Potion"},{"floor":10.0,"key":"Strength Potion"},{"floor":16.0,"key":"GamblersBrew"},{"floor":18.0,"key":"Block Potion"},{"floor":19,"key":"Strength Potion"}],"is_trial":false,"path_per_floor":["M","?","?","M","$","R","E","M","T","M","E","M","R","$","R","B",null,"M","M","?","?","M","R","M","M","T","?","M","T","M","$","R","B",null,"M","?","M","M","M","R","E","R","T","M","?","R","$","M","R","B"],"character_chosen":"IRONCLAD","items_purchased":["Kunai","Dropkick","Perfected Strike","Double Tap","Bandage Up"],"campfire_rested":2,"item_purchase_floors":[5,5,5,31,31],"current_hp_per_floor":[78,67,59,64,64,64,26,32,32,45,57,54,54,54,78,42,80,80,76,76,76,68,68,59,47,47,73,79,79,77,77,77,58,80,79,79,65,66,76,76,46,70,70,76,80,80,80,80,80,40],"gold":127,"neow_bonus":"TWO_FIFTY_GOLD","is_prod":false,"is_daily":false,"chose_seed":false,"campfire_upgraded":2,"win_rate":0,"timestamp":1534301154,"path_taken":["M","?","?","M","$","R","E","?","T","M","E","M","R","$","R","BOSS","M","M","?","?","M","R","M","M","T","?","M","?","M","?","R","BOSS","M","?","M","M","M","R","E","R","T","M","?","R","?","?","R","BOSS"],"build_version":"2018-08-09","purchased_purges":2,"victory":true,"max_hp_per_floor":[80,80,80,80,80,80,80,80,80,80,80,80,80,80,80,80,80,80,80,80,80,80,80,80,80,80,80,80,80,80,80,80,80,80,80,80,80,80,80,80,80,80,80,80,80,80,80,80,80,80],"card_choices":[{"not_picked":["Blood for Blood","Iron Wave","Wild Strike"],"picked":"SKIP","floor":1.0},{"not_picked":["Havoc","Armaments","Wild Strike"],"picked":"SKIP","floor":4.0},{"not_picked":["Metallicize","Fire Breathing","Sentinel"],"picked":"SKIP","floor":7.0},{"not_picked":["Sever Soul","Corruption","Fire Breathing"],"picked":"SKIP","floor":8.0},{"not_picked":["Power Through","Body Slam"],"picked":"Twin Strike","floor":10.0},{"not_picked":["Sword Boomerang","Iron Wave"],"picked":"Thunderclap","floor":11.0},{"not_picked":["Sentinel","Shrug It Off"],"picked":"Ghostly Armor","floor":12.0},{"not_picked":["Immolate","Demon Form"],"picked":"Bludgeon","floor":16.0},{"not_picked":["Pummel+1","Clothesline"],"picked":"Perfected Strike","floor":18.0},{"not_picked":["Wild Strike","Havoc"],"picked":"Whirlwind","floor":19},{"not_picked":["Reckless Charge","Iron Wave","Sword Boomerang"],"picked":"SKIP","floor":22},{"not_picked":["Wild Strike","Battle Trance","Twin Strike"],"picked":"SKIP","floor":24},{"not_picked":["Headbutt+1","Carnage"],"picked":"Immolate","floor":25},{"not_picked":["Combust+1","Armaments","Thunderclap"],"picked":"SKIP","floor":28},{"not_picked":["Flame Barrier","Pommel Strike"],"picked":"Flex","floor":30},{"not_picked":["Immolate","Barricade"],"picked":"Limit Break","floor":33},{"not_picked":["Clothesline+1","Armaments+1","Iron Wave"],"picked":"SKIP","floor":35},{"not_picked":["Uppercut+1","Intimidate"],"picked":"Anger+1","floor":37},{"not_picked":["Infernal Blade","Hemokinesis","Warcry+1"],"picked":"SKIP","floor":38},{"not_picked":["Infernal Blade","Hemokinesis","Warcry+1"],"picked":"SKIP","floor":38},{"not_picked":["Warcry","Sword Boomerang+1"],"picked":"Heavy Blade+1","floor":39},{"not_picked":["Wild Strike+1","Metallicize+1","Hemokinesis+1"],"picked":"SKIP","floor":41},{"not_picked":["Havoc+1","Dropkick"],"picked":"Heavy Blade","floor":44},{"not_picked":["True Grit","Rupture+1"],"picked":"Disarm+1","floor":48}],"player_experience":131099,"relics_obtained":[{"floor":7.0,"key":"Nunchaku"},{"floor":9.0,"key":"Meat on the Bone"},{"floor":11.0,"key":"Girya"},{"floor":26,"key":"Blue Candle"},{"floor":29,"key":"Bronze Scales"},{"floor":41,"key":"Gambling Chip"},{"floor":43,"key":"Happy Flower"},{"floor":46,"key":"Boot"},{"floor":49,"key":"Self Forming Clay"}],"event_choices":[{"event_name":"World of Goop","player_choice":"Gather Gold","floor":2.0,"damage_taken":0.0},{"event_name":"FaceTrader","player_choice":"Touch","floor":3.0,"damage_taken":0.0},{"event_name":"Addict","player_choice":"Obtained Relic","floor":20,"damage_taken":0},{"event_name":"Back to Basics","player_choice":"Elegance","floor":21,"damage_taken":0},{"event_name":"The Library","player_choice":"Heal","floor":27,"damage_taken":0},{"event_name":"Tomb of Lord Red Mask","player_choice":"Paid","floor":36,"damage_taken":0},{"event_name":"Winding Halls","player_choice":"Writhe","floor":45,"damage_taken":0}],"is_beta":false,"boss_relics":[{"not_picked":["Snecko Eye","Lizard Tail"],"picked":"Velvet Choker"},{"not_picked":["Runic Cube","Black Star"],"picked":"Fusion Hammer"}],"items_purged_floors":[5,14],"is_endless":false,"potions_floor_spawned":[8,10,16,18,19,28,33,37,38],"ascension_level":0}