{"gold_per_floor":[116,191,9,9,22,51,3,3,3,3,253,60,10,26,26,121,121,137,151,151,3,21,21,35,35,35,134,148,148,158,171,171,272,272,282,300,300,319,331,331,12,12,12,12,27,27,40,54,54,54],"floor_reached":51,"playtime":11484,"items_purged":[],"score":764,"play_id":"bcbd7fd9-b634-4acc-a029-c46fb9f09ede","local_time":"20180728000557","is_ascension_mode":true,"campfire_choices":[{"floor":8,"key":"REST"},{"floor":10,"key":"REST"},{"data":"Zap","floor":15,"key":"SMITH"},{"floor":23,"key":"REST"},{"floor":25,"key":"REST"},{"floor":32,"key":"REST"},{"floor":40,"key":"REST"},{"data":"Dualcast","floor":42,"key":"SMITH"},{"data":"Buffer","floor":49,"key":"SMITH"}],"neow_cost":"FIFTY_PERCENT_DAMAGE","seed_source_timestamp":465179819125064,"circlet_count":0,"master_deck":["Strike_B","Strike_B","Strike_B","Strike_B","Defend_B","Defend_B","Defend_B","Defend_B","Zap+1","Dualcast+1","Leap","Static Discharge","Glacier","Blizzard","Reboot","Streamline+1","Skim","Turbo+1","Leap+1","Echo Form","Go for the Eyes","Defragment+1","Buffer+1","Injury","Clumsy","Pain","Sweeping Beam+1","Go for the Eyes","Beam Cell+1","Panache","Secret Technique","Flash of Steel","Turbo+1","Aggregate","Conserve Battery","Self Repair","Chill+1","Sweeping Beam+1","Redo+1","Coolheaded+1","Cold Snap+1","Self Repair+1","Redo+1","Beam Cell+1"],"relics":["Cracked Core","MawBank","Anchor","Darkstone Periapt","ClockworkSouvenir","Sozu","Enchiridion","Centennial Puzzle","Kunai","Calling Bell","Bag of Marbles","Cables","Prayer Wheel","Toxic Egg 2","Symbiotic Virus","Emotion Chip"],"potions_floor_usage":[16,16,18],"damage_taken":[{"damage":0,"enemies":"Small Slimes","floor":1,"turns":2},{"damage":7,"enemies":"2 Louse","floor":5,"turns":3},{"damage":23,"enemies":"3 Sentries","floor":6,"turns":9},{"damage":2,"enemies":"Jaw Worm","floor":14,"turns":4},{"damage":65,"enemies":"Hexaghost","floor":16,"turns":15},{"damage":7,"enemies":"Shell Parasite","floor":18,"turns":7},{"damage":16,"enemies":"Spheric Guardian","floor":19,"turns":5},{"damage":45,"enemies":"Centurion and Healer","floor":22,"turns":11},{"damage":8,"enemies":"Snake Plant","floor":24,"turns":4},{"damage":11,"enemies":"3 Cultists","floor":28,"turns":6},{"damage":8,"enemies":"Snecko","floor":30,"turns":5},{"damage":4,"enemies":"Snake Plant","floor":31,"turns":3},{"damage":23,"enemies":"Collector","floor":33,"turns":13},{"damage":7,"enemies":"Orb Walker","floor":35,"turns":3},{"damage":3,"enemies":"3 Shapes","floor":36,"turns":3},{"damage":28,"enemies":"Maw","floor":38,"turns":6},{"damage":5,"enemies":"Spire Growth","floor":39,"turns":7},{"damage":34,"floor":44,"turns":6},{"damage":5,"enemies":"3 Darklings","floor":45,"turns":5},{"damage":0,"enemies":"Sphere and 2 Shapes","floor":47,"turns":6},{"damage":12,"enemies":"Transient","floor":48,"turns":5},{"damage":38,"enemies":"Awakened One","floor":50,"turns":15}],"seed_played":"-809453556678001142","potions_obtained":[{"floor":14,"key":"SpeedPotion"},{"floor":16,"key":"Poison Potion"}],"is_trial":false,"path_per_floor":["M","?","$","?","M","E","$","R","T","R","?","$","?","M","R","B",null,"M","M","?","$","M","R","M","R","T","?","M","?","M","M","R","B",null,"M","M","?","M","M","R","$","R","T","?","M","?","M","M","R","B"],"character_chosen":"DEFECT","items_purchased":["MawBank","Static Discharge","Explosive Potion","ClockworkSouvenir","Centennial Puzzle","Toxic Egg 2","Chill+1"],"campfire_rested":6,"item_purchase_floors":[3,3,7,12,21,41,41],"current_hp_per_floor":[45,34,34,63,56,33,33,59,59,85,91,91,91,89,89,24,95,88,72,56,56,11,39,31,59,59,59,48,29,21,17,47,24,118,111,108,98,70,65,100,100,100,100,87,89,89,96,111,111,90],"gold":54,"neow_bonus":"TWENTY_PERCENT_HP_BONUS","is_prod":false,"is_daily":false,"chose_seed":false,"campfire_upgraded":3,"win_rate":0,"timestamp":1532707557,"path_taken":["M","?","$","?","?","E","?","R","T","R","?","$","?","M","R","BOSS","M","M","?","$","M","R","M","R","T","?","M","?","M","M","R","BOSS","M","M","?","M","M","R","$","R","T","?","?","?","M","M","R","BOSS"],"build_version":"2018-07-26","purchased_purges":0,"victory":true,"max_hp_per_floor":[89,89,89,89,89,89,89,89,89,89,95,95,95,95,95,95,95,95,95,95,95,95,95,95,95,95,95,95,100,100,100,100,100,118,118,118,118,118,118,118,118,118,118,118,118,118,118,118,118,118],"card_choices":[{"not_picked":["Barrage","Cold Snap"],"picked":"Leap","floor":1},{"not_picked":["Turbo","Steam"],"picked":"Glacier","floor":5},{"not_picked":["Scrape","Hologram"],"picked":"Blizzard","floor":6},{"not_picked":["Darkness","Cold Snap","Ball Lightning"],"picked":"SKIP","floor":14},{"not_picked":["Rainbow","Amplify"],"picked":"Reboot","floor":16},{"not_picked":["Gash+1","Coolheaded"],"picked":"Streamline+1","floor":18},{"not_picked":["Lockon","Compile Driver"],"picked":"Skim","floor":19},{"not_picked":["Heatsinks","Scrape+1"],"picked":"Turbo+1","floor":22},{"not_picked":["Rebound","Hello World+1"],"picked":"Leap+1","floor":24},{"not_picked":["Beam Cell","Stack+1"],"picked":"Echo Form","floor":28},{"not_picked":["Barrage","Hologram"],"picked":"Go for the Eyes","floor":30},{"not_picked":["Glacier","Streamline"],"picked":"Defragment+1","floor":31},{"not_picked":["Biased Cognition","Hyperbeam"],"picked":"Buffer","floor":33},{"not_picked":["Sunder+1","Ball Lightning"],"picked":"Sweeping Beam+1","floor":35},{"not_picked":["Doom and Gloom+1","Leap+1","Conserve Battery+1"],"picked":"SKIP","floor":35},{"not_picked":["Melter","BootSequence+1"],"picked":"Go for the Eyes","floor":36},{"not_picked":["Undo+1","Sweeping Beam"],"picked":"Beam Cell+1","floor":36},{"not_picked":["Sadistic Nature","Magnetism"],"picked":"Panache","floor":37},{"not_picked":["Magnetism","Sadistic Nature"],"picked":"Secret Technique","floor":37},{"not_picked":["Transmutation","Deep Breath"],"picked":"Flash of Steel","floor":37},{"not_picked":["Ball Lightning+1","Barrage+1"],"picked":"Turbo+1","floor":38},{"not_picked":["Skim+1","Scrape"],"picked":"Aggregate","floor":38},{"not_picked":["Blizzard","Undo+1"],"picked":"Conserve Battery","floor":39},{"not_picked":["Redo+1","Rip and Tear"],"picked":"Self Repair","floor":39},{"not_picked":["Gash","Coolheaded+1"],"picked":"Sweeping Beam+1","floor":44},{"not_picked":["Stack+1","Beam Cell+1"],"picked":"Redo+1","floor":45},{"not_picked":["Cold Snap","Compile Driver"],"picked":"Coolheaded+1","floor":45},{"not_picked":["FTL","Blizzard"],"picked":"Cold Snap+1","floor":47},{"not_picked":["Leap+1","Conserve Battery+1"],"picked":"Self Repair+1","floor":47},{"not_picked":["Streamline+1","Undo+1"],"picked":"Redo+1","floor":48},{"not_picked":["Barrage+1","Rebound"],"picked":"Beam Cell+1","floor":48}],"player_experience":844206,"relics_obtained":[{"floor":6,"key":"Anchor"},{"floor":9,"key":"Darkstone Periapt"},{"floor":20,"key":"Enchiridion"},{"floor":26,"key":"Kunai"},{"floor":34,"key":"Bag of Marbles"},{"floor":34,"key":"Cables"},{"floor":34,"key":"Prayer Wheel"},{"floor":43,"key":"Symbiotic Virus"},{"floor":44,"key":"Emotion Chip"}],"event_choices":[{"event_name":"World of Goop","player_choice":"Gather Gold","floor":2,"damage_taken":0},{"event_name":"Big Fish","player_choice":"Banana","floor":4,"damage_taken":0},{"event_name":"Golden Shrine","player_choice":"Desecrate","floor":11,"damage_taken":0},{"event_name":"The Cleric","player_choice":"Card Removal","floor":13,"damage_taken":0},{"event_name":"Cursed Tome","player_choice":"Obtained Book","floor":20,"damage_taken":0},{"event_name":"Nest","player_choice":"Stole From Cult","floor":27,"damage_taken":0},{"event_name":"Forgotten Altar","player_choice":"Shed Blood","floor":29,"damage_taken":0},{"event_name":"SensoryStone","player_choice":"Memory 3","floor":37,"damage_taken":0},{"event_name":"MindBloom","player_choice":"Fight","floor":44,"damage_taken":0},{"event_name":"Accursed Blacksmith","player_choice":"Ignore","floor":46,"damage_taken":0}],"is_beta":false,"boss_relics":[{"not_picked":["Eternal Feather","Pandora\u0027s Box"],"picked":"Sozu"},{"not_picked":["Nuclear Battery","White Beast Statue"],"picked":"Calling Bell"}],"items_purged_floors":[],"is_endless":false,"potions_floor_spawned":[14,16,18,24,30,38,39,45,47],"ascension_level":3}