{"gold_per_floor":[118,138,138,152,182,212,212,230,253,253,282,282,282,307,307,409,409,426,449,449,459,472,472,9,25,25,50,50,61,61,61,61,166,166,179,126,126,126,177,177,177,207,258,258,286,44,77,88,88,88],"floor_reached":51,"playtime":4261,"items_purged":["Defend_R"],"score":852,"play_id":"1ce2209a-cc9c-4875-89fa-a1ff83c6f946","local_time":"20180829225204","is_ascension_mode":true,"campfire_choices":[{"data":"Feed","floor":7.0,"key":"SMITH"},{"data":"Anger","floor":13.0,"key":"SMITH"},{"data":"Inflame","floor":15.0,"key":"SMITH"},{"floor":23.0,"key":"REST"},{"floor":28.0,"key":"REST"},{"floor":30.0,"key":"REST"},{"data":"Bludgeon","floor":32.0,"key":"SMITH"},{"floor":40.0,"key":"REST"},{"floor":44.0,"key":"REST"},{"floor":49.0,"key":"REST"}],"neow_cost":"","seed_source_timestamp":11751118436775,"circlet_count":0,"master_deck":["Strike_R","Strike_R","Strike_R","Strike_R","Strike_R","Defend_R","Bash","Seeing Red","Cleave","Feed+1","Inflame+1","Anger+1","Bludgeon+1","Pummel","Clash","Anger+1","Flex","Apotheosis+1","Clash","Dropkick+1","Whirlwind+1","Blood for Blood+1","Cleave","Bandage Up","Dark Shackles","Shrug It Off+1","Madness+1","Madness+1","Pommel Strike","Cleave+1","Heavy Blade+1","Thunderclap+1","Twin Strike"],"special_seed":0,"relics":["Burning Blood","Tiny Chest","Juzu Bracelet","Oddly Smooth Stone","Odd Mushroom","Red Skull","Runic Cube","Regal Pillow","Lantern","Bottled Tornado","Kunai","Black Star","Mango","Pen Nib","Blood Vial","Dream Catcher","Bag of Marbles","Centennial Puzzle","Mercury Hourglass","War Paint","Orichalcum"],"potions_floor_usage":[50,50],"damage_taken":[{"damage":13.0,"enemies":"Jaw Worm","floor":1.0,"turns":5.0},{"damage":8.0,"enemies":"Small Slimes","floor":2.0,"turns":5.0},{"damage":1.0,"enemies":"Cultist","floor":4.0,"turns":4.0},{"damage":26.0,"enemies":"Gremlin Nob","floor":6.0,"turns":4.0},{"damage":9.0,"enemies":"Blue Slaver","floor":8.0,"turns":4.0},{"damage":15.0,"enemies":"The Mushroom Lair","floor":11.0,"turns":4.0},{"damage":2.0,"enemies":"Slime Boss","floor":16.0,"turns":7.0},{"damage":27.0,"enemies":"2 Thieves","floor":18.0,"turns":4.0},{"damage":14.0,"enemies":"Chosen","floor":21.0,"turns":6.0},{"damage":38.0,"enemies":"Snecko","floor":22.0,"turns":5.0},{"damage":49.0,"enemies":"Shelled Parasite and Fungi","floor":25.0,"turns":5.0},{"damage":35.0,"enemies":"Book of Stabbing","floor":27.0,"turns":3.0},{"damage":21.0,"enemies":"Cultist and Chosen","floor":29.0,"turns":5.0},{"damage":76.0,"enemies":"Collector","floor":33.0,"turns":8.0},{"damage":11.0,"enemies":"Orb Walker","floor":35.0,"turns":2.0},{"damage":27.0,"enemies":"Mysterious Sphere","floor":39.0,"turns":4.0},{"damage":54.0,"enemies":"Giant Head","floor":42.0,"turns":6.0},{"damage":39.0,"enemies":"2 Orb Walkers","floor":45.0,"turns":3.0},{"damage":51.0,"enemies":"Giant Head","floor":47.0,"turns":6.0},{"damage":8.0,"enemies":"3 Shapes","floor":48.0,"turns":1.0},{"damage":103,"enemies":"Awakened One","floor":50,"turns":8}],"seed_played":"4846266672726425497","potions_obtained":[{"floor":2.0,"key":"Weak Potion"},{"floor":4.0,"key":"SteroidPotion"},{"floor":12.0,"key":"SteroidPotion"},{"floor":12.0,"key":"Strength Potion"},{"floor":16.0,"key":"Strength Potion"},{"floor":21.0,"key":"Poison Potion"},{"floor":22.0,"key":"Poison Potion"},{"floor":33.0,"key":"Swift Potion"},{"floor":39.0,"key":"Strength Potion"},{"floor":48.0,"key":"Ancient Potion"}],"is_trial":false,"path_per_floor":["M","M","?","M","?","E","R","M","T","?","?","?","R","T","R","B",null,"M","T","?","M","M","R","$","M","T","E","R","M","R","?","R","B",null,"M","$","?","?","?","R","?","E","T","R","E","$","E","M","R","B"],"character_chosen":"IRONCLAD","items_purchased":["Flex","Apotheosis","Lantern","Cleave","Mercury Hourglass"],"campfire_rested":6,"item_purchase_floors":[24,24,24,36,46],"current_hp_per_floor":[73,71,64,69,62,42,42,43,43,71,66,66,66,66,66,74,92,75,75,75,71,39,84,84,45,45,16,62,47,93,93,93,27,108,103,103,103,98,95,126,110,68,68,120,95,95,62,62,116,31],"gold":88,"neow_bonus":"","is_prod":false,"is_daily":false,"chose_seed":false,"campfire_upgraded":4,"win_rate":0,"timestamp":1535597524,"path_taken":["M","M","?","M","?","E","R","M","T","?","?","?","R","?","R","BOSS","M","?","?","M","M","R","$","M","T","E","R","M","R","?","R","BOSS","M","$","?","?","?","R","?","E","T","R","E","$","E","M","R","BOSS"],"build_version":"2018-08-23v2","purchased_purges":1,"victory":true,"max_hp_per_floor":[80,80,80,80,80,80,80,84,84,84,88,88,88,88,88,92,92,96,96,96,100,100,100,100,104,104,104,104,104,104,104,104,108,108,108,108,108,108,126,126,126,126,126,126,126,126,130,130,130,134],"card_choices":[{"not_picked":["Shrug It Off","Armaments","Heavy Blade"],"picked":"SKIP","floor":1.0},{"not_picked":["Warcry","Battle Trance"],"picked":"Seeing Red","floor":2.0},{"not_picked":["Headbutt","Thunderclap"],"picked":"Cleave","floor":4.0},{"not_picked":["Iron Wave","Clothesline"],"picked":"Feed","floor":6.0},{"not_picked":["Carnage","Iron Wave"],"picked":"Inflame","floor":8.0},{"not_picked":["Dual Wield","Clothesline"],"picked":"Anger","floor":11.0},{"not_picked":["Berserk","Barricade"],"picked":"Bludgeon","floor":16.0},{"not_picked":["Iron Wave","Corruption"],"picked":"Pummel","floor":18.0},{"not_picked":["Cleave","Uppercut+1"],"picked":"Clash","floor":21.0},{"not_picked":["Reckless Charge","Clothesline"],"picked":"Anger+1","floor":22.0},{"not_picked":["Cleave","Offering"],"picked":"Clash","floor":25.0},{"not_picked":["Rage","Ghostly Armor"],"picked":"Dropkick+1","floor":27.0},{"not_picked":["Wild Strike+1","Iron Wave+1"],"picked":"Whirlwind+1","floor":29.0},{"not_picked":["Cleave","Perfected Strike"],"picked":"Blood for Blood+1","floor":35.0},{"not_picked":["Jack Of All Trades","Thinking Ahead"],"picked":"Bandage Up","floor":38.0},{"not_picked":["Panacea","Mind Blast"],"picked":"Dark Shackles","floor":38.0},{"not_picked":["Hemokinesis+1","Carnage+1"],"picked":"Shrug It Off+1","floor":39.0},{"not_picked":["Flame Barrier+1","Body Slam"],"picked":"Pommel Strike","floor":42.0},{"not_picked":["Ghostly Armor+1","Corruption"],"picked":"Cleave+1","floor":45.0},{"not_picked":["Battle Trance","Sword Boomerang"],"picked":"Heavy Blade+1","floor":47.0},{"not_picked":["Blood for Blood+1","Dual Wield+1"],"picked":"Thunderclap+1","floor":48.0},{"not_picked":["True Grit+1","Havoc+1"],"picked":"Twin Strike","floor":49.0}],"player_experience":192939,"relics_obtained":[{"floor":6.0,"key":"Juzu Bracelet"},{"floor":9.0,"key":"Oddly Smooth Stone"},{"floor":11.0,"key":"Odd Mushroom"},{"floor":14.0,"key":"Red Skull"},{"floor":19.0,"key":"Regal Pillow"},{"floor":26.0,"key":"Bottled Tornado"},{"floor":27.0,"key":"Kunai"},{"floor":39.0,"key":"Mango"},{"floor":42.0,"key":"Pen Nib"},{"floor":42.0,"key":"Blood Vial"},{"floor":43.0,"key":"Dream Catcher"},{"floor":45.0,"key":"Bag of Marbles"},{"floor":45.0,"key":"Centennial Puzzle"},{"floor":47.0,"key":"War Paint"},{"floor":47.0,"key":"Orichalcum"}],"event_choices":[{"event_name":"Golden Wing","player_choice":"Card Removal","floor":3.0,"damage_taken":0.0},{"event_name":"Scrap Ooze","player_choice":"success","floor":5.0,"damage_taken":7.0},{"event_name":"Big Fish","player_choice":"Banana","floor":10.0,"damage_taken":0.0},{"event_name":"Mushrooms","player_choice":"Fought Mushrooms","floor":11.0,"damage_taken":0.0},{"event_name":"The Lab","player_choice":"Got Potions","floor":12.0,"damage_taken":0.0},{"event_name":"Vampires","player_choice":"Ignored","floor":20.0,"damage_taken":0.0},{"event_name":"Upgrade Shrine","player_choice":"Upgraded","floor":31.0,"damage_taken":0.0},{"event_name":"Falling","player_choice":"Removed Skill","floor":37.0,"damage_taken":0.0},{"event_name":"SensoryStone","player_choice":"Memory 2","floor":38.0,"damage_taken":0.0},{"event_name":"Mysterious Sphere","player_choice":"Fight","floor":39.0,"damage_taken":0.0},{"event_name":"Winding Halls","player_choice":"Embrace Madness","floor":41.0,"damage_taken":0.0}],"is_beta":false,"boss_relics":[{"not_picked":["Snecko Eye","Calling Bell"],"picked":"Runic Cube"},{"not_picked":["Astrolabe","Pandora\u0027s Box"],"picked":"Black Star"}],"items_purged_floors":[24],"is_endless":false,"potions_floor_spawned":[2,4,16,21,22,33,39,45,48],"ascension_level":3}