{"gold_per_floor":[117,117,97,107,127,153,153,187,187,204,226,185,185],"floor_reached":13,"playtime":716,"items_purged":[],"score":121,"play_id":"f40c0de1-ffdb-48b8-98ec-6d2304dc9e72","local_time":"20190513201321","is_ascension_mode":true,"campfire_choices":[{"floor":7.0,"key":"REST"}],"neow_cost":"NONE","seed_source_timestamp":88680924953156,"circlet_count":0,"master_deck":["Strike_R","Strike_R","Strike_R","Strike_R","Defend_R","Defend_R","Defend_R","Defend_R","Bash","Battle Trance","Shrug It Off","Shockwave","Searing Blow","Demon Form","Armaments"],"special_seed":0,"relics":["Burning Blood","Du-Vu Doll","Sundial","Ornamental Fan","Odd Mushroom"],"potions_floor_usage":[8,8,8],"damage_taken":[{"damage":10.0,"enemies":"Small Slimes","floor":1.0,"turns":4.0},{"damage":16.0,"enemies":"Jaw Worm","floor":4.0,"turns":4.0},{"damage":9.0,"enemies":"Cultist","floor":5.0,"turns":5.0},{"damage":34.0,"enemies":"Gremlin Nob","floor":6.0,"turns":5.0},{"damage":29,"enemies":"3 Sentries","floor":8,"turns":9},{"damage":6,"enemies":"Blue Slaver","floor":10,"turns":5},{"damage":24,"enemies":"The Mushroom Lair","floor":11,"turns":4},{"damage":35,"enemies":"Gremlin Nob","floor":13,"turns":4}],"seed_played":"3828589404738926564","potions_obtained":[{"floor":3.0,"key":"Poison Potion"},{"floor":4.0,"key":"Energy Potion"},{"floor":6.0,"key":"Regen Potion"}],"is_trial":false,"path_per_floor":["M","?","?","M","M","E","R","E","T","M","?","?","E"],"character_chosen":"IRONCLAD","items_purchased":[],"campfire_rested":1,"item_purchase_floors":[],"current_hp_per_floor":[76,69,69,59,56,28,54,46,46,46,28,28,0],"gold":185,"neow_bonus":"TEN_PERCENT_HP_BONUS","is_prod":false,"is_daily":false,"chose_seed":false,"campfire_upgraded":0,"win_rate":0,"timestamp":1557792801,"path_taken":["M","?","?","M","?","E","R","E","T","M","?","?","E"],"build_version":"2019-01-23","purchased_purges":0,"victory":false,"max_hp_per_floor":[88,88,88,88,88,88,88,88,88,88,88,88,88],"card_choices":[{"not_picked":["Clothesline","Entrench"],"picked":"Battle Trance","floor":1.0},{"not_picked":["Anger","Havoc"],"picked":"Shrug It Off","floor":4.0},{"not_picked":["Shrug It Off","Sever Soul"],"picked":"Shockwave","floor":5.0},{"not_picked":["Blood for Blood","Hemokinesis"],"picked":"Searing Blow","floor":6.0},{"not_picked":["Perfected Strike","Hemokinesis"],"picked":"Demon Form","floor":8},{"not_picked":["Feel No Pain","Whirlwind","Searing Blow"],"picked":"SKIP","floor":10},{"not_picked":["Shrug It Off","Pommel Strike"],"picked":"Armaments","floor":11}],"player_experience":240476,"relics_obtained":[{"floor":6.0,"key":"Du-Vu Doll"},{"floor":8,"key":"Sundial"},{"floor":9,"key":"Ornamental Fan"},{"floor":11,"key":"Odd Mushroom"}],"event_choices":[{"cards_removed":["Strike_R"],"damage_healed":0.0,"max_hp_gain":0.0,"max_hp_loss":0.0,"gold_gain":0.0,"event_name":"Golden Wing","player_choice":"Card Removal","floor":2.0,"gold_loss":0.0,"damage_taken":7.0},{"damage_healed":0.0,"max_hp_gain":0.0,"max_hp_loss":0.0,"gold_gain":0.0,"event_name":"The Woman in Blue","player_choice":"Bought 1 Potion","floor":3.0,"gold_loss":0.0,"damage_taken":0.0},{"damage_healed":0,"gold_gain":0,"player_choice":"Fought Mushrooms","damage_taken":0,"max_hp_gain":0,"max_hp_loss":0,"event_name":"Mushrooms","floor":11,"gold_loss":0},{"damage_healed":0,"gold_gain":0,"player_choice":"Left Gold","damage_taken":0,"max_hp_gain":0,"max_hp_loss":0,"event_name":"World of Goop","floor":12,"gold_loss":41}],"is_beta":false,"boss_relics":[],"items_purged_floors":[],"is_endless":false,"potions_floor_spawned":[4,6],"killed_by":"Gremlin Nob","ascension_level":6}