{"gold_per_floor":[112,125,143,163,180,180,206,206,230,230,230,249,249,14,14,110,110,122,132,132,14,32,32,32],"floor_reached":24,"playtime":2037,"items_purged":[],"score":223,"play_id":"9f257cf1-175a-49c7-b4f1-9ecde349ecd6","local_time":"20190813202309","is_ascension_mode":false,"campfire_choices":[{"floor":6,"key":"REST"},{"floor":11,"key":"REST"},{"data":"Creative AI","floor":15,"key":"SMITH"},{"floor":23,"key":"REST"}],"neow_cost":"NONE","seed_source_timestamp":358909900577300,"circlet_count":0,"master_deck":["Strike_B","Strike_B","Strike_B","Strike_B","Defend_B","Defend_B","Defend_B","Defend_B","Zap","Dualcast","Amplify","Capacitor","Conserve Battery","Streamline","Tempest","Creative AI+1","FTL","Barrage","Hello World","Reboot","Force Field","Genetic Algorithm","Ghostly","Ghostly","Ghostly","Ghostly","Ghostly","Stack","Flash of Steel","Rebound"],"relics":["Cracked Core","Gremlin Horn","Happy Flower","Toy Ornithopter","Philosopher\u0027s Stone"],"potions_floor_usage":[16,16,19],"damage_taken":[{"damage":0,"enemies":"Cultist","floor":1,"turns":3},{"damage":18,"enemies":"Jaw Worm","floor":2,"turns":5},{"damage":0,"enemies":"2 Louse","floor":3,"turns":3},{"damage":28,"enemies":"Exordium Wildlife","floor":4,"turns":6},{"damage":1,"enemies":"2 Fungi Beasts","floor":5,"turns":4},{"damage":43,"enemies":"Lagavulin","floor":7,"turns":7},{"damage":5,"enemies":"Exordium Thugs","floor":12,"turns":3},{"damage":52,"enemies":"Hexaghost","floor":16,"turns":10},{"damage":32,"enemies":"Shell Parasite","floor":18,"turns":7},{"damage":45,"enemies":"2 Thieves","floor":19,"turns":4},{"damage":4,"enemies":"Chosen and Byrds","floor":22,"turns":8},{"damage":16,"enemies":"Slavers","floor":24,"turns":2}],"seed_played":"-1589832027263689185","potions_obtained":[{"floor":1,"key":"Poison Potion"},{"floor":5,"key":"PowerPotion"},{"floor":12,"key":"Dexterity Potion"},{"floor":22,"key":"PowerPotion"}],"is_trial":false,"path_per_floor":["M","M","M","M","M","R","E","?","T","?","R","M","?","$","R","B",null,"M","M","?","$","M","R","E"],"character_chosen":"DEFECT","items_purchased":["Toy Ornithopter","Hello World","Stack","Flash of Steel"],"campfire_rested":3,"item_purchase_floors":[14,14,21,21],"current_hp_per_floor":[75,57,57,29,28,50,7,25,25,30,54,49,49,49,49,7,77,45,5,5,5,1,12,0],"gold":32,"neow_bonus":"ONE_RANDOM_RARE_CARD","is_prod":false,"is_daily":false,"chose_seed":false,"campfire_upgraded":1,"win_rate":0.0,"timestamp":1565720589,"path_taken":["M","M","M","M","M","R","E","?","T","?","R","M","?","$","R","BOSS","M","?","?","?","M","R","E"],"build_version":"2019-07-17","purchased_purges":0,"victory":false,"max_hp_per_floor":[75,75,75,75,75,75,75,75,75,80,80,80,77,77,77,77,77,77,77,38,38,38,38,38],"card_choices":[{"not_picked":["Go for the Eyes","Sweeping Beam"],"picked":"Capacitor","floor":1},{"not_picked":["Reprogram","Gash"],"picked":"Conserve Battery","floor":2},{"not_picked":["Rebound","Fusion"],"picked":"Streamline","floor":3},{"not_picked":["Streamline","Steam Power"],"picked":"Tempest","floor":4},{"not_picked":["Conserve Battery","Heatsinks"],"picked":"Creative AI","floor":5},{"not_picked":["Lockon","Redo"],"picked":"FTL","floor":7},{"not_picked":["Chaos","Chill"],"picked":"Barrage","floor":12},{"not_picked":["Creative AI","Multi-Cast"],"picked":"Reboot","floor":16},{"not_picked":["Barrage","Go for the Eyes"],"picked":"Force Field","floor":18},{"not_picked":["Barrage+1","Compile Driver"],"picked":"Genetic Algorithm","floor":19},{"not_picked":["Stack","Streamline"],"picked":"Rebound","floor":22}],"player_experience":54951,"relics_obtained":[{"floor":7,"key":"Gremlin Horn"},{"floor":9,"key":"Happy Flower"}],"event_choices":[{"damage_healed":18,"gold_gain":0,"player_choice":"Healed and dodged fight","damage_taken":0,"max_hp_gain":0,"max_hp_loss":0,"event_name":"Mushrooms","floor":8,"gold_loss":0,"cards_obtained":["Parasite"]},{"damage_healed":0,"gold_gain":0,"player_choice":"Donut","damage_taken":0,"max_hp_gain":5,"max_hp_loss":0,"event_name":"Big Fish","floor":10,"gold_loss":0},{"cards_removed":["Parasite"],"damage_healed":0,"gold_gain":0,"player_choice":"Card Removal","damage_taken":0,"max_hp_gain":0,"max_hp_loss":0,"event_name":"Wheel of Change","floor":13,"gold_loss":0},{"damage_healed":0,"gold_gain":0,"player_choice":"Became a Ghost","damage_taken":0,"max_hp_gain":0,"max_hp_loss":39,"event_name":"Ghosts","floor":20,"gold_loss":0,"cards_obtained":["Ghostly","Ghostly","Ghostly","Ghostly","Ghostly"]}],"is_beta":false,"boss_relics":[{"not_picked":["Runic Dome","Ectoplasm"],"picked":"Philosopher\u0027s Stone"}],"items_purged_floors":[],"is_endless":false,"potions_floor_spawned":[1,5,12,22],"killed_by":"Slavers","ascension_level":0}