{"path_per_floor":["M","M","M","$","?","R","?","R","T","?","M","E","?","M","R","B",null,"M","$","?","M","$","R","M","E","T","M","M","R","M","M","R","B",null,"M","M","M","M","M","R","M","R","T","M","M","$","M","?","R","B"],"character_chosen":"IRONCLAD","items_purchased":["Battle Trance","War Paint","Sundial","Bag of Preparation"],"gold_per_floor":[112,123,133,22,22,22,80,80,80,80,93,119,149,165,165,267,267,234,82,82,98,98,98,108,139,220,231,249,249,259,270,270,368,368,381,391,401,412,424,424,437,437,437,455,475,17,31,0,0,0],"floor_reached":51,"campfire_rested":3,"playtime":8137,"current_hp_per_floor":[80,80,71,71,55,55,32,32,39,36,35,21,27,26,52,33,87,68,68,90,90,90,90,88,48,48,67,71,71,81,84,84,59,102,96,101,81,57,70,105,105,105,105,99,82,82,84,84,121,58],"items_purged":["Strike_R"],"gold":0,"score":527,"play_id":"a6143452-d13e-4eb1-aaeb-cbb407fee9ea","is_prod":false,"is_daily":false,"is_ascension_mode":false,"campfire_upgraded":6,"path_taken":["M","M","M","$","?","R","?","R","T","?","M","E","?","M","R","BOSS","M","$","?","M","$","R","M","E","T","M","?","R","M","M","R","BOSS","M","M","M","M","M","R","M","R","T","?","M","$","M","?","R","BOSS"],"build_version":"2018-02-08-PROD1","purchased_purges":1,"victory":true,"master_deck":["Strike_R+1","Defend_R+1","Defend_R","Defend_R+1","Defend_R+1","Bash","Shrug It Off+1","Cleave+1","Battle Trance","Pommel Strike+1","Warcry+1","Flex","Iron Wave+1","Feed+1","Impervious+1","Demon Form+1","Shockwave+1","Intimidate+1","Shrug It Off+1","Metallicize+1","Bloodletting+1","Whirlwind+1","Juggernaut+1","Barricade+1","Inflame+1","Sentinel+1","Dual Wield+1"],"max_hp_per_floor":[80,80,80,80,80,80,80,80,87,87,87,87,87,87,87,87,87,90,90,90,90,90,90,94,98,98,98,98,98,102,102,102,102,102,106,110,110,114,118,118,118,118,118,118,122,122,126,126,126,130],"relics":["Burning Blood","Frozen Egg 2","Strawberry","Bronze Scales","Centennial Puzzle","Odd Mushroom","Astrolabe","War Paint","Gremlin Horn","Darkstone Periapt","Lizard Tail","Champion Belt","Sundial","Bag of Preparation","Red Mask"],"card_choices":[{"not_picked":["Twin Strike","Cleave"],"picked":"Shrug It Off"},{"not_picked":["Perfected Strike","Rage"],"picked":"Cleave"},{"not_picked":["Twin Strike","Uppercut"],"picked":"Pommel Strike"},{"not_picked":["Clash","Pummel"],"picked":"Warcry"},{"not_picked":["Body Slam","Warcry"],"picked":"Flex"},{"not_picked":["Shrug It Off","Dropkick"],"picked":"Iron Wave"},{"not_picked":["Impervious","Fiend Fire"],"picked":"Feed"},{"not_picked":["Armaments","True Grit"],"picked":"Intimidate"},{"not_picked":["Rage","Wild Strike"],"picked":"Shrug It Off"},{"not_picked":["Infernal Blade","Reckless Charge"],"picked":"Metallicize"},{"not_picked":["Anger","Perfected Strike"],"picked":"Bloodletting"},{"not_picked":["Warcry","Clash"],"picked":"Whirlwind"},{"not_picked":["Heavy Blade","Havoc"],"picked":"Juggernaut"},{"not_picked":["Reaper","Impervious"],"picked":"Barricade"},{"not_picked":["Perfected Strike","Warcry"],"picked":"Inflame"},{"not_picked":["Iron Wave","Headbutt"],"picked":"Sentinel"},{"not_picked":["Shrug It Off","Iron Wave"],"picked":"Dual Wield"}],"player_experience":249042,"potions_floor_usage":[13,16,16,16,24,27,30,33,33,35,39,44,44,47,50],"damage_taken":[{"damage":0.0,"enemies":"Small Slimes","floor":1.0,"turns":4.0},{"damage":2.0,"enemies":"Cultist","floor":2.0,"turns":6.0},{"damage":15,"enemies":"Exordium Wildlife","floor":3,"turns":7},{"damage":29,"enemies":"Gremlin Nob","floor":7,"turns":5},{"damage":7,"enemies":"3 Louse","floor":11,"turns":3},{"damage":20,"enemies":"Gremlin Nob","floor":12,"turns":4},{"damage":0,"enemies":"The Mushroom Lair","floor":13,"turns":3},{"damage":7,"enemies":"2 Fungi Beasts","floor":14,"turns":2},{"damage":25,"enemies":"Slime Boss","floor":16,"turns":11},{"damage":28,"enemies":"2 Thieves","floor":18,"turns":5},{"damage":6,"enemies":"Shell Parasite","floor":21,"turns":9},{"damage":12,"enemies":"3 Cultists","floor":24,"turns":4},{"damage":50,"enemies":"Slavers","floor":25,"turns":6},{"damage":2,"enemies":"Centurion and Healer","floor":27,"turns":7},{"damage":2,"enemies":"Snecko","floor":28,"turns":6},{"damage":0,"enemies":"Snake Plant","floor":30,"turns":5},{"damage":3,"enemies":"Centurion and Healer","floor":31,"turns":11},{"damage":31,"enemies":"Collector","floor":33,"turns":9},{"damage":16,"enemies":"3 Darklings","floor":35,"turns":6},{"damage":5,"enemies":"3 Shapes","floor":36,"turns":4},{"damage":26,"enemies":"3 Darklings","floor":37,"turns":6},{"damage":34,"enemies":"Sphere and 2 Shapes","floor":38,"turns":6},{"damage":12,"enemies":"4 Shapes","floor":39,"turns":9},{"damage":6,"enemies":"Maw","floor":41,"turns":8},{"damage":24,"enemies":"3 Darklings","floor":44,"turns":6},{"damage":27,"enemies":"4 Shapes","floor":45,"turns":7},{"damage":8,"enemies":"Maw","floor":47,"turns":10},{"damage":73,"enemies":"Time Eater","floor":50,"turns":17}],"event_choices":[{"event_name":"Shining Light","player_choice":"Entered Light","floor":5,"damage_taken":0},{"event_name":"Dead Adventurer","player_choice":"Searched \u00272\u0027 times","floor":7,"damage_taken":0},{"event_name":"Scrap Ooze","player_choice":"success","floor":10,"damage_taken":3},{"event_name":"Mushrooms","player_choice":"Fought Mushrooms","floor":13,"damage_taken":0},{"event_name":"Wheel of Change","player_choice":"Full Heal","floor":20,"damage_taken":0},{"event_name":"Tomb of Lord Red Mask","player_choice":"Paid","floor":48,"damage_taken":0}],"boss_relics":[{"not_picked":["Tiny House","White Beast Statue"],"picked":"Astrolabe"},{"not_picked":["Snecko Eye","Sozu"],"picked":"Lizard Tail"}],"potions_floor_spawned":[7,12,13,14,21,25,27,28,31,33,38,39,41,44,47],"seed_played":"-4112980038343964837","ascension_level":0,"is_trial":false}