{"gold_per_floor":[110,120,70,70,84,84,102,102,102,102,114,114,37,55,55,55],"floor_reached":16,"playtime":813,"items_purged":[],"score":168,"play_id":"20d24756-c1d0-4acb-b1b5-83314612396a","local_time":"20190608205156","is_ascension_mode":true,"campfire_choices":[{"data":"Flame Barrier","floor":8.0,"key":"SMITH"},{"floor":10.0,"key":"REST"},{"data":"Metallicize","floor":15.0,"key":"SMITH"}],"neow_cost":"CURSE","seed_source_timestamp":17486194701516,"circlet_count":0,"master_deck":["AscendersBane","Strike_R","Strike_R","Strike_R","Strike_R","Defend_R","Defend_R","Defend_R","Defend_R","Bash","Flame Barrier+1","Seeing Red","Metallicize+1"],"special_seed":0,"relics":["Burning Blood","Dodecahedron"],"potions_floor_usage":[16],"damage_taken":[{"damage":1.0,"enemies":"2 Louse","floor":1.0,"turns":4.0},{"damage":14.0,"enemies":"Small Slimes","floor":2.0,"turns":4.0},{"damage":3.0,"enemies":"Cultist","floor":5.0,"turns":5.0},{"damage":28.0,"enemies":"Exordium Wildlife","floor":7.0,"turns":6.0},{"damage":26.0,"enemies":"Exordium Thugs","floor":11.0,"turns":6.0},{"damage":20.0,"enemies":"Red Slaver","floor":14.0,"turns":6.0},{"damage":65,"enemies":"The Guardian","floor":16,"turns":14}],"seed_played":"-1517828265507049708","potions_obtained":[{"floor":2.0,"key":"Energy Potion"},{"floor":5.0,"key":"Weak Potion"},{"floor":7.0,"key":"AttackPotion"}],"is_trial":false,"path_per_floor":["M","M","?","$","M","?","M","R","T","R","M","?","$","M","R","B"],"character_chosen":"IRONCLAD","items_purchased":["Metallicize"],"campfire_rested":1,"item_purchase_floors":[13],"current_hp_per_floor":[93,85,85,85,88,96,74,74,74,96,76,76,76,62,62,0],"gold":55,"neow_bonus":"TWENTY_PERCENT_HP_BONUS","is_prod":false,"is_daily":false,"chose_seed":false,"campfire_upgraded":2,"win_rate":0,"timestamp":1560041516,"path_taken":["M","M","?","$","M","?","?","R","T","R","M","?","?","M","R","BOSS"],"build_version":"2019-01-23","purchased_purges":0,"victory":false,"max_hp_per_floor":[96,96,96,96,96,96,96,96,96,96,96,96,96,96,96,96],"card_choices":[{"not_picked":["Pommel Strike","Disarm","True Grit"],"picked":"SKIP","floor":1.0},{"not_picked":["True Grit","Searing Blow"],"picked":"Flame Barrier","floor":2.0},{"not_picked":["Evolve","Fire Breathing","Thunderclap"],"picked":"SKIP","floor":5.0},{"not_picked":["True Grit","Thunderclap","Warcry"],"picked":"SKIP","floor":7.0},{"not_picked":["Clothesline","Armaments"],"picked":"Seeing Red","floor":11.0},{"not_picked":["Entrench","Limit Break","Flex"],"picked":"SKIP","floor":14.0}],"player_experience":337006,"relics_obtained":[{"floor":9.0,"key":"Dodecahedron"}],"event_choices":[{"cards_removed":["Writhe"],"damage_healed":0.0,"max_hp_gain":0.0,"max_hp_loss":0.0,"gold_gain":0.0,"event_name":"The Cleric","player_choice":"Card Removal","floor":3.0,"gold_loss":50.0,"damage_taken":0.0},{"damage_healed":8.0,"max_hp_gain":0.0,"max_hp_loss":0.0,"gold_gain":0.0,"event_name":"Wheel of Change","player_choice":"Full Heal","floor":6.0,"gold_loss":0.0,"damage_taken":0.0},{"cards_removed":["Strike_R"],"damage_healed":0.0,"max_hp_gain":0.0,"max_hp_loss":0.0,"gold_gain":0.0,"event_name":"Bonfire Elementals","player_choice":"Offered Basic","floor":12.0,"gold_loss":0.0,"damage_taken":0.0}],"is_beta":false,"boss_relics":[],"items_purged_floors":[],"is_endless":false,"potions_floor_spawned":[2,5,7],"killed_by":"The Guardian","ascension_level":11}