{"gold_per_floor":[116,132,145,145,145,145,164,164,187,187,219,233,248,48,48,150,150,166,23,23,23,23,23,0,0],"floor_reached":25,"playtime":1238,"items_purged":["Defend_G+1"],"score":199,"play_id":"7e1f56b7-22f2-4958-8748-6abb85752e67","local_time":"20180801213054","is_ascension_mode":false,"campfire_choices":[{"data":"Neutralize","floor":6,"key":"SMITH"},{"data":"Dagger Throw","floor":8,"key":"SMITH"},{"data":"Survivor","floor":10,"key":"SMITH"},{"floor":15,"key":"REST"},{"data":"Dagger Spray","floor":23,"key":"SMITH"}],"neow_cost":"NONE","seed_source_timestamp":613224322100516,"circlet_count":0,"master_deck":["Defend_G","Defend_G","Defend_G","Defend_G","Strike_G","Strike_G","Strike_G","Strike_G","Survivor+1","Neutralize+1","Dagger Throw+1","Accuracy+1","Dagger Throw+1","Predator","Flying Knee","Leg Sweep","Accuracy","Underhanded Strike","Storm of Steel","Dagger Spray+1","Flying Knee","Accuracy","Endless Agony"],"relics":["Ring of the Snake","Juzu Bracelet","Omamori","Orrery","Happy Flower"],"potions_floor_usage":[11,16,16],"damage_taken":[{"damage":0,"enemies":"Cultist","floor":1,"turns":4},{"damage":1,"enemies":"2 Louse","floor":2,"turns":3},{"damage":0,"enemies":"Small Slimes","floor":3,"turns":4},{"damage":2,"enemies":"Looter","floor":7,"turns":3},{"damage":19,"enemies":"Lagavulin","floor":11,"turns":7},{"damage":2,"enemies":"Red Slaver","floor":12,"turns":3},{"damage":3,"enemies":"Lots of Slimes","floor":13,"turns":4},{"damage":40,"enemies":"Hexaghost","floor":16,"turns":11},{"damage":23,"enemies":"Shell Parasite","floor":18,"turns":9},{"damage":73,"enemies":"Gremlin Leader","floor":25,"turns":6}],"seed_played":"5383062257794607732","potions_obtained":[{"floor":1,"key":"PowerPotion"},{"floor":7,"key":"Fire Potion"},{"floor":12,"key":"Energy Potion"}],"is_trial":false,"path_per_floor":["M","M","M","?","?","R","M","R","T","R","E","M","M","$","R","B",null,"M","$","?","?","$","R","?"],"character_chosen":"THE_SILENT","items_purchased":["Accuracy","Underhanded Strike","Happy Flower"],"campfire_rested":1,"item_purchase_floors":[14,14,19],"current_hp_per_floor":[70,69,69,69,55,55,53,53,53,53,34,32,29,29,50,10,70,47,47,70,70,70,70,70,0],"gold":0,"neow_bonus":"REMOVE_CARD","is_prod":false,"is_daily":false,"chose_seed":false,"campfire_upgraded":4,"win_rate":0.0,"timestamp":1533173454,"path_taken":["M","M","M","?","?","R","M","R","T","R","E","M","M","$","R","BOSS","M","?","?","?","?","R","?","E"],"build_version":"2018-07-26","purchased_purges":1,"victory":false,"max_hp_per_floor":[70,70,70,70,70,70,70,70,70,70,70,70,70,70,70,70,70,70,70,70,70,70,70,70,70],"card_choices":[{"not_picked":["Expertise","All Out Attack"],"picked":"Dagger Throw","floor":1},{"not_picked":["Prepared","Riddle With Holes","Bouncing Flask"],"picked":"SKIP","floor":2},{"not_picked":["Underhanded Strike","All Out Attack"],"picked":"Accuracy","floor":3},{"not_picked":["Sucker Punch","Prepared"],"picked":"Dagger Throw","floor":7},{"not_picked":["Outmaneuver","Prepared"],"picked":"Predator","floor":11},{"not_picked":["Prepared","Dash"],"picked":"Flying Knee","floor":12},{"not_picked":["Quick Slash","Reflex"],"picked":"Leg Sweep","floor":13},{"not_picked":["Night Terror","Phantasmal Killer"],"picked":"Storm of Steel","floor":16},{"not_picked":["Dodge and Roll","Flying Knee"],"picked":"Dagger Spray","floor":17},{"not_picked":["PiercingWail","Bouncing Flask"],"picked":"Flying Knee","floor":17},{"not_picked":["Prepared","Poisoned Stab"],"picked":"Accuracy","floor":17},{"not_picked":["Deadly Poison","Deflect"],"picked":"Finisher","floor":17},{"not_picked":["Deflect","Slice"],"picked":"Endless Agony","floor":17},{"not_picked":["Dodge and Roll+1","Bane+1","Prepared"],"picked":"SKIP","floor":18}],"player_experience":87856,"relics_obtained":[{"floor":9,"key":"Juzu Bracelet"},{"floor":11,"key":"Omamori"}],"event_choices":[{"event_name":"Upgrade Shrine","player_choice":"Upgraded","floor":4,"damage_taken":0},{"event_name":"Shining Light","player_choice":"Entered Light","floor":5,"damage_taken":0},{"event_name":"The Library","player_choice":"Heal","floor":20,"damage_taken":0},{"event_name":"Bonfire Elementals","player_choice":"UNCOMMON","floor":21,"damage_taken":0},{"event_name":"Masked Bandits","player_choice":"Paid Bandits 23 gold","floor":24,"damage_taken":0}],"is_beta":false,"boss_relics":[{"not_picked":["Snecko Eye","Ring of the Serpent"],"picked":"Orrery"}],"items_purged_floors":[14],"is_endless":false,"potions_floor_spawned":[1,7,12],"killed_by":"Gremlin Leader","ascension_level":0}