{"path_per_floor":["M","?","?","M","M","R","E","M","T","M","M","?","R","M","R","B",null,"M","?","M","$","M","R","?","R","T","R","?","M","$","M","R"],"character_chosen":"THE_SILENT","items_purchased":["Regal Pillow","Well Laid Plans","Ancient Tea Set","Leg Sweep"],"gold_per_floor":[114,114,114,129,144,144,174,189,269,284,299,299,299,314,314,414,414,429,429,444,34,49,49,49,49,124,124,39,54,16,31,31,31],"floor_reached":33,"campfire_rested":0,"playtime":2649,"current_hp_per_floor":[68,67,66,65,64,63,35,22,28,32,36,58,58,64,64,60,70,68,56,57,57,55,55,47,46,51,50,49,45,45,46,45,0],"items_purged":["Decay"],"gold":31,"score":275,"play_id":"0ec526b0-6b45-44d3-a5c3-5b779cae95be","local_time":"20180404133051","daily_mods":["Allstar","Cursed Run","Terminal"],"is_prod":false,"is_daily":true,"is_ascension_mode":false,"campfire_upgraded":7,"timestamp":1522819851,"path_taken":["M","?","?","?","M","R","E","M","T","M","M","?","R","M","R","BOSS","M","?","M","$","M","R","?","R","T","R","?","?","?","M","R","BOSS"],"build_version":"2018-03-29v2","purchased_purges":1,"victory":false,"master_deck":["Survivor","Neutralize+1","Bandage Up+1","Panache+1","Masterful Stab+1","Night Terror+1","Dash","Clumsy","Backstab+1","Caltrops","Parasite","Flying Knee","Bullet Time+1","Backflip","Prepared","Footwork","Cloak And Dagger","Poisoned Stab","Blur","Prepared","Backflip","Bane","Well Laid Plans","Quick Slash+1","Bite","Bite","Bite","Bite","Bite","Clumsy","Outmaneuver+1","Leg Sweep","Poisoned Stab+1"],"max_hp_per_floor":[68,67,66,65,64,63,62,61,66,65,64,69,68,67,66,71,70,69,73,72,71,70,69,47,46,51,50,49,48,47,46,45,45],"relics":["Cursed Key","Darkstone Periapt","Du-Vu Doll","Bottled Lightning","Tiny Chest","Pandora\u0027s Box","Regal Pillow","Ancient Tea Set","Paper Crane","Anchor"],"card_choices":[{"not_picked":["Slice","Deadly Poison"],"picked":"Masterful Stab","floor":1},{"not_picked":["Escape Plan","Poisoned Stab"],"picked":"Dash","floor":7},{"not_picked":["All Out Attack","Slice"],"picked":"Backstab","floor":10},{"not_picked":["Underhanded Strike","Escape Plan"],"picked":"Caltrops","floor":11},{"not_picked":["Flechettes","Accuracy"],"picked":"Flying Knee","floor":14},{"not_picked":["Phantasmal Killer","Tactician"],"picked":"Bullet Time","floor":16},{"not_picked":["Endless Agony","Riddle With Holes"],"picked":"Quick Slash","floor":22},{"not_picked":["Slice","Dagger Spray"],"picked":"Outmaneuver","floor":29},{"not_picked":["Deflect","Eviscerate"],"picked":"Poisoned Stab","floor":31}],"player_experience":449352,"potions_floor_usage":[4,7,7,16,16,22,33],"damage_taken":[{"damage":0,"enemies":"Small Slimes","floor":1,"turns":4},{"damage":0,"enemies":"Cultist","floor":4,"turns":2},{"damage":0,"enemies":"2 Louse","floor":5,"turns":4},{"damage":37,"enemies":"Gremlin Nob","floor":7,"turns":6},{"damage":17,"enemies":"Exordium Thugs","floor":8,"turns":8},{"damage":0,"enemies":"Red Slaver","floor":10,"turns":3},{"damage":0,"enemies":"Looter","floor":11,"turns":3},{"damage":0,"enemies":"Blue Slaver","floor":14,"turns":1},{"damage":16,"enemies":"Hexaghost","floor":16,"turns":8},{"damage":2,"enemies":"Chosen","floor":18,"turns":4},{"damage":5,"enemies":"Shell Parasite","floor":20,"turns":4},{"damage":8,"enemies":"Cultist and Chosen","floor":22,"turns":5},{"damage":14,"enemies":"Slaver and Parasite","floor":29,"turns":5},{"damage":0,"enemies":"Centurion and Healer","floor":31,"turns":5},{"damage":73,"enemies":"Collector","floor":33,"turns":6}],"event_choices":[{"event_name":"The Lab","player_choice":"Got Potions","floor":2,"damage_taken":0},{"event_name":"Transmorgrifier","player_choice":"Transform","floor":3,"damage_taken":0},{"event_name":"Mushrooms","player_choice":"Healed and dodged fight","floor":12,"damage_taken":0},{"event_name":"Forgotten Altar","player_choice":"Shed Blood","floor":19,"damage_taken":0},{"event_name":"Vampires","player_choice":"Became a vampire","floor":24,"damage_taken":0},{"event_name":"Addict","player_choice":"Obtained Relic","floor":28,"damage_taken":0}],"boss_relics":[{"not_picked":["Sozu","Velvet Choker"],"picked":"Pandora\u0027s Box"}],"potions_floor_spawned":[7,10,14,20,29,31],"seed_played":"770442836024540376","killed_by":"Collector","ascension_level":0,"is_trial":false}