{"gold_per_floor":[112,37,37,112,131,141,141,156,156,156,156,156,172,172,172,270,270,285,285,305,317,331,331,365,365,391,116,116,35,46,73,73,175,175,186,186,186,6,23,53,53,65,114,134,134,134,134,39,39,39],"floor_reached":50,"playtime":5324,"items_purged":["Parasite","Skim"],"score":548,"play_id":"34f7814b-d96c-43d9-ae03-32c1c7556836","local_time":"20180916125527","is_ascension_mode":false,"campfire_choices":[{"data":"Dualcast","floor":7,"key":"SMITH"},{"data":"Cold Snap","floor":10,"key":"SMITH"},{"floor":12,"key":"REST"},{"data":"Blind","floor":15,"key":"SMITH"},{"floor":23,"key":"REST"},{"floor":25,"key":"REST"},{"floor":28,"key":"REST"},{"floor":32,"key":"REST"},{"floor":41,"key":"REST"},{"data":"White Noise","floor":45,"key":"SMITH"},{"data":"White Noise","floor":47,"key":"SMITH"},{"floor":49,"key":"REST"}],"neow_cost":"CURSE","seed_source_timestamp":227181738561416,"circlet_count":0,"master_deck":["Strike_B","Strike_B","Strike_B","Strike_B","Defend_B","Defend_B","Defend_B","Defend_B","Zap","Dualcast+1","Cold Snap+1","Blind+1","White Noise+1","Sweeping Beam","Ball Lightning","All For One","Cold Snap+1","J.A.X.","Darkness+1","Sweeping Beam+1","BootSequence+1","Cold Snap+1","Aggregate","Stack","Discovery","Lockon","Sweeping Beam","White Noise+1","Ball Lightning+1","Rainbow","Hologram+1","Blizzard","Heatsinks+1","White Noise+1","Steam","Gash","Compile Driver","Conserve Battery+1","Dramatic Entrance"],"relics":["Cracked Core","Bottled Flame","GremlinMask","Runic Pyramid","Shuriken","Bronze Scales","Mummified Hand","Busted Crown","Pear","Potion Belt"],"potions_floor_usage":[16,21,22,24,33,42,50],"damage_taken":[{"damage":1,"enemies":"Jaw Worm","floor":1,"turns":3},{"damage":4,"enemies":"Cultist","floor":5,"turns":3},{"damage":1,"enemies":"Small Slimes","floor":6,"turns":4},{"damage":11,"enemies":"Gremlin Gang","floor":8,"turns":4},{"damage":14,"enemies":"Exordium Thugs","floor":13,"turns":4},{"damage":18,"enemies":"Slime Boss","floor":16,"turns":8},{"damage":20,"enemies":"Spheric Guardian","floor":18,"turns":5},{"damage":14,"enemies":"Chosen","floor":20,"turns":5},{"damage":24,"enemies":"Sentry and Sphere","floor":21,"turns":5},{"damage":7,"enemies":"Shelled Parasite and Fungi","floor":22,"turns":5},{"damage":41,"enemies":"Slavers","floor":24,"turns":5},{"damage":4,"enemies":"3 Cultists","floor":30,"turns":4},{"damage":27,"enemies":"Book of Stabbing","floor":31,"turns":5},{"damage":22,"enemies":"Champ","floor":33,"turns":10},{"damage":5,"enemies":"3 Shapes","floor":35,"turns":4},{"damage":8,"enemies":"Orb Walker","floor":39,"turns":3},{"damage":38,"enemies":"2 Orb Walkers","floor":40,"turns":5},{"damage":3,"enemies":"Transient","floor":42,"turns":5},{"damage":19,"enemies":"4 Shapes","floor":44,"turns":5},{"damage":104,"enemies":"Time Eater","floor":50,"turns":10}],"seed_played":"2955892313860427673","potions_obtained":[{"floor":5,"key":"Explosive Potion"},{"floor":6,"key":"FearPotion"},{"floor":16,"key":"LiquidBronze"},{"floor":21,"key":"FocusPotion"},{"floor":31,"key":"Fire Potion"},{"floor":33,"key":"Regen Potion"},{"floor":44,"key":"EssenceOfSteel"}],"is_trial":false,"path_per_floor":["M","$","?","?","M","M","R","M","T","R","?","R","M","?","R","B",null,"M","?","M","M","M","R","E","R","T","$","R","$","M","E","R","B",null,"M","?","?","$","M","E","R","M","T","M","R","?","R","$","R"],"character_chosen":"DEFECT","items_purchased":["Aggregate","Stack","Discovery","Lockon","Sweeping Beam","Blizzard","Heatsinks","White Noise","Dramatic Entrance"],"campfire_rested":7,"item_purchase_floors":[27,27,27,29,29,38,38,38,48],"current_hp_per_floor":[88,86,86,75,71,70,70,59,59,59,59,84,77,77,77,59,86,66,66,52,28,21,46,5,30,30,30,55,55,51,24,49,27,86,81,73,73,73,65,37,65,77,77,65,65,65,65,65,93,0],"gold":39,"neow_bonus":"TWENTY_PERCENT_HP_BONUS","is_prod":false,"is_daily":false,"chose_seed":false,"campfire_upgraded":5,"win_rate":0.0,"timestamp":1537095327,"path_taken":["M","$","?","?","?","M","R","M","T","R","?","R","M","?","R","BOSS","M","?","M","M","M","R","E","R","T","$","R","$","M","E","R","BOSS","M","?","?","$","?","E","R","M","T","M","R","?","R","$","R","BOSS"],"build_version":"2018-09-06","purchased_purges":2,"victory":false,"max_hp_per_floor":[89,86,86,86,86,86,86,86,86,86,86,86,86,86,86,86,86,86,86,86,86,86,86,86,86,86,86,86,86,86,86,86,86,86,86,86,86,86,86,96,96,96,96,96,96,96,96,96,96,96],"card_choices":[{"not_picked":["Stack","Ball Lightning"],"picked":"Cold Snap","floor":1},{"not_picked":["Beam Cell","Darkness"],"picked":"Sweeping Beam","floor":5},{"not_picked":["Reinforced Body","Hologram"],"picked":"Skim","floor":6},{"not_picked":["Streamline","Leap"],"picked":"Ball Lightning","floor":8},{"not_picked":["Conserve Battery","Aggregate"],"picked":"Consume","floor":13},{"not_picked":["Buffer","Biased Cognition"],"picked":"All For One","floor":16},{"not_picked":["Lockon","Stack"],"picked":"Cold Snap+1","floor":18},{"not_picked":["Go for the Eyes","Coolheaded"],"picked":"Darkness+1","floor":20},{"not_picked":["Coolheaded+1","Auto Shields"],"picked":"Sweeping Beam+1","floor":21},{"not_picked":["Streamline","Conserve Battery"],"picked":"BootSequence+1","floor":22},{"not_picked":["Glacier+1","Multi-Cast"],"picked":"Cold Snap+1","floor":24},{"not_picked":["Chaos","Ball Lightning+1"],"picked":"White Noise+1","floor":30},{"not_picked":["Glacier","Streamline+1"],"picked":"Ball Lightning+1","floor":31},{"not_picked":["Creative AI","Electrodynamics"],"picked":"Rainbow","floor":33},{"not_picked":[],"picked":"Hologram+1","floor":35},{"not_picked":[],"picked":"Steam","floor":39},{"not_picked":[],"picked":"Gash","floor":40},{"not_picked":[],"picked":"Compile Driver","floor":42},{"not_picked":[],"picked":"Conserve Battery+1","floor":44}],"player_experience":29851,"relics_obtained":[{"floor":9,"key":"Bottled Flame"},{"floor":24,"key":"Shuriken"},{"floor":26,"key":"Bronze Scales"},{"floor":31,"key":"Mummified Hand"},{"floor":40,"key":"Pear"},{"floor":43,"key":"Potion Belt"}],"event_choices":[{"event_name":"Match and Keep!","player_choice":"3 cards matched","floor":3,"damage_taken":0},{"event_name":"World of Goop","player_choice":"Gather Gold","floor":4,"damage_taken":0},{"event_name":"FaceTrader","player_choice":"Trade","floor":11,"damage_taken":0},{"event_name":"Living Wall","player_choice":"Forget","floor":14,"damage_taken":0},{"event_name":"Drug Dealer","player_choice":"Got JAX","floor":19,"damage_taken":0},{"event_name":"Wheel of Change","player_choice":"Damage","floor":36,"damage_taken":0},{"event_name":"Falling","player_choice":"Removed Skill","floor":37,"damage_taken":0},{"event_name":"Upgrade Shrine","player_choice":"Upgraded","floor":46,"damage_taken":0}],"is_beta":false,"boss_relics":[{"not_picked":["Snecko Eye","Inserter"],"picked":"Runic Pyramid"},{"not_picked":["Calling Bell","Lizard Tail"],"picked":"Busted Crown"}],"items_purged_floors":[2,27],"is_endless":false,"potions_floor_spawned":[5,6,16,21,31,33,44],"killed_by":"Time Eater","ascension_level":0}