{"gold_per_floor":[113,126,126,142,142,142,67,67,93,93,106,181,225,225,225,356,356,379,45,69,94,114,114,29,64,64,64,64,64,64,83,83,212,212,230,248,248,269,87,87,122,122,122,166,291,116,116,139,139,139],"floor_reached":51,"playtime":3222,"items_purged":["Injury","Injury","Parasite"],"score":1299,"play_id":"bf3cfc8e-2884-4c5a-9995-468e0dba5f8b","local_time":"20190609232407","is_ascension_mode":true,"campfire_choices":[{"floor":6.0,"key":"REST"},{"data":"Inflame","floor":10.0,"key":"SMITH"},{"data":"Seeing Red","floor":15.0,"key":"SMITH"},{"floor":23,"key":"REST"},{"floor":27,"key":"REST"},{"floor":32,"key":"REST"},{"data":"Barricade","floor":40,"key":"SMITH"},{"data":"Carnage","floor":42,"key":"SMITH"},{"data":"Anger","floor":47,"key":"SMITH"},{"data":"Armaments","floor":49,"key":"SMITH"}],"neow_cost":"NONE","seed_source_timestamp":110802281909105,"circlet_count":0,"master_deck":["AscendersBane","Bash","Inflame+1","Impervious+1","Combust","Anger+1","Bloodletting+1","Barricade+1","Shrug It Off+1","Armaments+1","Cleave","Seeing Red+1","Impervious+1","Flex+1","Flex+1","Enlightenment+1","Shockwave+1","Whirlwind+1","Shrug It Off+1","Ghostly Armor+1","Reaper","Metallicize+1","Impatience+1","Carnage+1","True Grit+1","Flex+1","Rage+1"],"special_seed":0,"relics":["Pandora\u0027s Box","Golden Idol","Juzu Bracelet","Blood Vial","Toxic Egg 2","Cursed Key","Lantern","Bronze Scales","Red Skull","Bag of Marbles","Anchor","Enchiridion","Runic Dome","Charon\u0027s Ashes","Omamori","Sundial","Nunchaku"],"potions_floor_usage":[33],"damage_taken":[{"damage":6.0,"enemies":"2 Louse","floor":1.0,"turns":2.0},{"damage":0.0,"enemies":"Small Slimes","floor":2.0,"turns":5.0},{"damage":3.0,"enemies":"Cultist","floor":4.0,"turns":5.0},{"damage":2.0,"enemies":"Exordium Wildlife","floor":11.0,"turns":3.0},{"damage":0.0,"enemies":"Lagavulin","floor":13.0,"turns":8.0},{"damage":45.0,"enemies":"Slime Boss","floor":16.0,"turns":14.0},{"damage":26.0,"enemies":"Chosen","floor":18.0,"turns":7.0},{"damage":20.0,"enemies":"3 Byrds","floor":20.0,"turns":7.0},{"damage":23.0,"enemies":"Sentry and Sphere","floor":21.0,"turns":8.0},{"damage":10,"enemies":"Snake Plant","floor":22,"turns":3},{"damage":18,"enemies":"Book of Stabbing","floor":25,"turns":6},{"damage":0,"enemies":"3 Cultists","floor":31,"turns":3},{"damage":0,"enemies":"Champ","floor":33,"turns":14},{"damage":0,"enemies":"3 Shapes","floor":35,"turns":3},{"damage":0,"enemies":"3 Darklings","floor":36,"turns":6},{"damage":26,"enemies":"Transient","floor":38,"turns":5},{"damage":0,"enemies":"Giant Head","floor":41,"turns":9},{"damage":0,"enemies":"Nemesis","floor":44,"turns":9},{"damage":0,"enemies":"Mind Bloom Boss Battle","floor":45,"turns":3},{"damage":4,"enemies":"Sphere and 2 Shapes","floor":48,"turns":5},{"damage":27,"enemies":"Time Eater","floor":50,"turns":13}],"seed_played":"-1673869702561759809","potions_obtained":[{"floor":1.0,"key":"Poison Potion"},{"floor":2.0,"key":"Energy Potion"},{"floor":20.0,"key":"GamblersBrew"},{"floor":25,"key":"Weak Potion"},{"floor":44,"key":"BloodPotion"},{"floor":45,"key":"Regen Potion"},{"floor":48,"key":"Energy Potion"}],"is_trial":false,"path_per_floor":["M","M","?","M","?","R","$","?","T","R","M","?","E","T","R","B",null,"M","$","M","M","M","R","?","E","T","R","?","?","?","M","R","B",null,"M","M","?","M","$","R","E","R","T","E","?","$","R","M","R","B",null],"character_chosen":"IRONCLAD","items_purchased":["Lantern","Flex+1","Enlightenment+1","Regen Potion","Impatience+1","Flex+1"],"campfire_rested":4,"item_purchase_floors":[19,19,19,19,39,46],"current_hp_per_floor":[66,66,50,47,47,71,71,80,80,80,78,67,67,67,67,24,66,42,42,39,18,10,34,34,18,18,42,42,26,52,54,78,80,80,80,80,80,54,54,54,67,67,67,80,80,77,77,77,77,57],"gold":139,"neow_bonus":"BOSS_RELIC","is_prod":false,"is_daily":false,"chose_seed":false,"campfire_upgraded":6,"win_rate":0,"timestamp":1560137047,"path_taken":["M","M","?","M","?","R","$","?","T","R","M","?","E","?","R","BOSS","M","$","M","M","M","R","?","E","T","R","?","?","?","M","R","BOSS","M","M","?","M","$","R","E","R","T","E","?","$","R","M","R","BOSS"],"build_version":"2019-01-23","purchased_purges":3,"victory":true,"max_hp_per_floor":[80,80,80,80,80,80,80,80,80,80,80,80,80,80,80,80,80,80,80,80,80,80,80,80,80,80,80,80,80,80,80,80,80,80,80,80,80,80,80,80,80,80,80,80,80,77,77,77,77,77],"card_choices":[{"not_picked":["Cleave","Pommel Strike","Thunderclap"],"picked":"SKIP","floor":1.0},{"not_picked":["Iron Wave","Reckless Charge"],"picked":"Armaments","floor":2.0},{"not_picked":["Thunderclap","Second Wind"],"picked":"Cleave","floor":4.0},{"not_picked":["Pommel Strike","Havoc","Body Slam"],"picked":"SKIP","floor":11.0},{"not_picked":["Offering","True Grit"],"picked":"Seeing Red","floor":13.0},{"not_picked":["Feed","Offering+1"],"picked":"Impervious+1","floor":16.0},{"not_picked":["Evolve","Sword Boomerang"],"picked":"Flex+1","floor":18.0},{"not_picked":["Wild Strike","Clothesline+1"],"picked":"Shockwave+1","floor":20.0},{"not_picked":["Twin Strike","Clothesline"],"picked":"Whirlwind+1","floor":21.0},{"not_picked":["Pommel Strike","Inflame"],"picked":"Shrug It Off+1","floor":22},{"not_picked":["Thunderclap","Rupture"],"picked":"Ghostly Armor+1","floor":25},{"not_picked":["Rampage","Combust","Thunderclap"],"picked":"SKIP","floor":31},{"not_picked":["Immolate","Feed"],"picked":"Reaper","floor":33},{"not_picked":["Spot Weakness+1","True Grit+1","Clash+1"],"picked":"SKIP","floor":35},{"not_picked":["Twin Strike","Disarm+1","Wild Strike+1"],"picked":"SKIP","floor":36},{"not_picked":["Sever Soul","Twin Strike"],"picked":"Metallicize+1","floor":38},{"not_picked":["Twin Strike","Combust"],"picked":"Carnage","floor":41},{"not_picked":["Sever Soul","Power Through+1","Fiend Fire"],"picked":"SKIP","floor":44},{"not_picked":["Clothesline","Clash+1"],"picked":"True Grit+1","floor":45},{"not_picked":["Burning Pact+1","True Grit+1"],"picked":"Rage+1","floor":48}],"player_experience":348888,"relics_obtained":[{"floor":9.0,"key":"Juzu Bracelet"},{"floor":13.0,"key":"Blood Vial"},{"floor":14.0,"key":"Toxic Egg 2"},{"floor":25,"key":"Red Skull"},{"floor":26,"key":"Bag of Marbles"},{"floor":29,"key":"Enchiridion"},{"floor":41,"key":"Charon\u0027s Ashes"},{"floor":43,"key":"Omamori"},{"floor":44,"key":"Sundial"},{"floor":45,"key":"Nunchaku"}],"event_choices":[{"damage_healed":0.0,"max_hp_gain":0.0,"max_hp_loss":0.0,"gold_gain":0.0,"event_name":"Shining Light","player_choice":"Entered Light","floor":3.0,"gold_loss":0.0,"damage_taken":16.0,"cards_upgraded":["Shrug It Off","Bloodletting"]},{"damage_healed":0.0,"max_hp_gain":0.0,"max_hp_loss":0.0,"gold_gain":0.0,"event_name":"Golden Idol","player_choice":"Take Wound","floor":5.0,"gold_loss":0.0,"damage_taken":0.0,"relics_obtained":["Golden Idol"],"cards_obtained":["Injury"]},{"cards_removed":["Bloodletting"],"damage_healed":9.0,"max_hp_gain":0.0,"max_hp_loss":0.0,"gold_gain":0.0,"event_name":"Bonfire Elementals","player_choice":"Offered Uncommon","floor":8.0,"gold_loss":0.0,"damage_taken":0.0},{"damage_healed":0.0,"max_hp_gain":0.0,"max_hp_loss":0.0,"gold_gain":75.0,"event_name":"World of Goop","player_choice":"Gather Gold","floor":12.0,"gold_loss":0.0,"damage_taken":11.0},{"damage_healed":0,"gold_gain":0,"player_choice":"Obtained Relic","damage_taken":0,"relics_obtained":["Bronze Scales"],"max_hp_gain":0,"max_hp_loss":0,"event_name":"Addict","floor":24,"gold_loss":85},{"cards_removed":["Hemokinesis"],"damage_healed":0,"gold_gain":0,"player_choice":"Gave Card","damage_taken":0,"relics_obtained":["Anchor"],"max_hp_gain":0,"max_hp_loss":0,"event_name":"WeMeetAgain","floor":28,"gold_loss":0},{"damage_healed":0,"gold_gain":0,"player_choice":"Obtained Book","damage_taken":16,"max_hp_gain":0,"max_hp_loss":0,"event_name":"Cursed Tome","floor":29,"gold_loss":0},{"damage_healed":26,"gold_gain":0,"player_choice":"Heal","damage_taken":0,"max_hp_gain":0,"max_hp_loss":0,"event_name":"The Library","floor":30,"gold_loss":0},{"damage_healed":0,"gold_gain":0,"player_choice":"Forge","damage_taken":0,"max_hp_gain":0,"max_hp_loss":0,"event_name":"Accursed Blacksmith","floor":37,"gold_loss":0,"cards_upgraded":["Impervious"]},{"damage_healed":0,"gold_gain":0,"player_choice":"Fight","damage_taken":0,"max_hp_gain":0,"max_hp_loss":0,"event_name":"MindBloom","floor":45,"gold_loss":0}],"is_beta":false,"boss_relics":[{"not_picked":["White Beast Statue","Black Star"],"picked":"Cursed Key"},{"not_picked":["Fusion Hammer","Astrolabe"],"picked":"Runic Dome"}],"items_purged_floors":[7,39,46],"is_endless":false,"potions_floor_spawned":[1,2,20,25,44,45,48],"ascension_level":12}