{"gold_per_floor":[113,125,137,149,23,50,50,50,73,73,73,73,36,53,53,150,150,168,180,180,37,47,47,72,72],"floor_reached":25,"playtime":1010,"items_purged":["Eviscerate"],"score":221,"play_id":"6e12907c-d40e-423f-b26a-5ef5b1b4b5b2","local_time":"20190911005556","is_ascension_mode":false,"campfire_choices":[{"data":"Neutralize","floor":7,"key":"SMITH"},{"data":"Concentrate","floor":10,"key":"SMITH"},{"floor":12,"key":"REST"},{"data":"Catalyst","floor":15,"key":"SMITH"},{"data":"Cloak And Dagger","floor":23,"key":"SMITH"}],"neow_cost":"NONE","seed_source_timestamp":18651091873800,"circlet_count":0,"master_deck":["Strike_G","Strike_G","Strike_G","Defend_G","Defend_G","Defend_G","Defend_G","Survivor","Neutralize+1","Cloak And Dagger+1","Bouncing Flask","Slice","Concentrate+1","Well Laid Plans","Cloak And Dagger","Deadly Poison","Catalyst+1","Burst","Cloak And Dagger+1","Outmaneuver","Accuracy","Deadly Poison","Backflip"],"relics":["Ring of the Snake","NeowsBlessing","Bag of Preparation","Ancient Tea Set","Singing Bowl","WristBlade","Toy Ornithopter"],"potions_floor_usage":[18],"damage_taken":[{"damage":0,"enemies":"Cultist","floor":1,"turns":1},{"damage":0,"enemies":"Small Slimes","floor":2,"turns":1},{"damage":0,"enemies":"Jaw Worm","floor":3,"turns":1},{"damage":0,"enemies":"Red Slaver","floor":4,"turns":5},{"damage":31,"enemies":"3 Sentries","floor":6,"turns":10},{"damage":0,"enemies":"Blue Slaver","floor":14,"turns":3},{"damage":7,"enemies":"The Guardian","floor":16,"turns":7},{"damage":12,"enemies":"2 Thieves","floor":18,"turns":3},{"damage":6,"enemies":"3 Byrds","floor":19,"turns":5},{"damage":20,"enemies":"Snake Plant","floor":22,"turns":4},{"damage":31,"enemies":"Gremlin Leader","floor":24,"turns":4}],"seed_played":"-5383643493768720971","potions_obtained":[{"floor":6,"key":"EssenceOfSteel"},{"floor":16,"key":"Energy Potion"},{"floor":18,"key":"Ancient Potion"},{"floor":19,"key":"Explosive Potion"}],"is_trial":false,"path_per_floor":["M","M","M","M","$","E","R","?","T","R","T","R","$","M","R","B",null,"M","M","?","$","M","R","E","?"],"character_chosen":"THE_SILENT","items_purchased":["Well Laid Plans","Cloak And Dagger","Catalyst","Accuracy"],"campfire_rested":1,"item_purchase_floors":[5,5,13,21],"current_hp_per_floor":[70,70,70,70,70,39,39,32,32,32,32,53,53,55,55,48,72,62,56,56,56,36,36,5,5],"gold":72,"neow_bonus":"THREE_ENEMY_KILL","is_prod":false,"is_daily":false,"chose_seed":false,"campfire_upgraded":4,"win_rate":0,"timestamp":1568130956,"path_taken":["M","?","M","?","?","E","R","?","T","R","?","R","$","M","R","BOSS","M","M","?","$","M","R","E","?"],"build_version":"2019-09-09v2","purchased_purges":1,"victory":false,"max_hp_per_floor":[70,70,70,70,70,70,70,70,70,70,70,70,70,72,72,72,72,74,74,74,74,74,74,74,74],"card_choices":[{"not_picked":["Outmaneuver","Deflect"],"picked":"Cloak And Dagger","floor":1},{"not_picked":["Sucker Punch","Skewer"],"picked":"Bouncing Flask","floor":2},{"not_picked":["Calculated Gamble","Acrobatics"],"picked":"Slice","floor":3},{"not_picked":["Choke","PiercingWail"],"picked":"Concentrate","floor":4},{"not_picked":["Die Die Die","PiercingWail"],"picked":"Deadly Poison","floor":6},{"not_picked":["Outmaneuver","PiercingWail","Dagger Spray"],"picked":"Singing Bowl","floor":14},{"not_picked":["Doppelganger","Wraith Form v2"],"picked":"Burst","floor":16},{"not_picked":["Sucker Punch","Dagger Throw","Underhanded Strike"],"picked":"Singing Bowl","floor":18},{"not_picked":["Backflip","Prepared+1"],"picked":"Cloak And Dagger+1","floor":19},{"not_picked":["Flying Knee","Acrobatics"],"picked":"Deadly Poison","floor":22},{"not_picked":["Terror+1","Poisoned Stab"],"picked":"Backflip","floor":24}],"player_experience":413950,"relics_obtained":[{"floor":6,"key":"Bag of Preparation"},{"floor":9,"key":"Ancient Tea Set"},{"floor":11,"key":"Singing Bowl"},{"floor":24,"key":"Toy Ornithopter"}],"event_choices":[{"cards_removed":["Strike_G"],"damage_healed":0,"gold_gain":0,"player_choice":"Card Removal","damage_taken":7,"max_hp_gain":0,"max_hp_loss":0,"event_name":"Golden Wing","floor":8,"gold_loss":0},{"damage_healed":0,"gold_gain":0,"cards_transformed":["Strike_G","Defend_G"],"player_choice":"Became Test Subject","damage_taken":0,"max_hp_gain":0,"max_hp_loss":0,"event_name":"Drug Dealer","floor":20,"gold_loss":0,"cards_obtained":["Outmaneuver","Eviscerate"]}],"is_beta":true,"boss_relics":[{"not_picked":["Busted Crown","Fusion Hammer"],"picked":"WristBlade"}],"items_purged_floors":[21],"is_endless":false,"potions_floor_spawned":[6,16,18,19],"ascension_level":0}