{"gold_per_floor":[119,119,132,150,225,225,253,253,253,273,291,291,308,19,19,118,118,135,0,0,99,111,111,4,4,51,65,65,77,77,96,96,201,201,213,232,257,269,10,23,23,23,23,23,23,36,36,46,46,46],"floor_reached":51,"playtime":3180,"items_purged":[],"score":674,"play_id":"7db3a690-eeb9-4c44-b778-e0d2b645fd32","local_time":"20190908121330","is_ascension_mode":false,"campfire_choices":[{"data":"Setup","floor":6,"key":"SMITH"},{"floor":12,"key":"REST"},{"floor":15,"key":"REST"},{"floor":23,"key":"REST"},{"data":"Envenom","floor":28,"key":"SMITH"},{"data":"Infinite Blades","floor":30,"key":"SMITH"},{"floor":32,"key":"REST"},{"floor":41,"key":"REST"},{"data":"Well Laid Plans","floor":47,"key":"SMITH"},{"data":"Noxious Fumes","floor":49,"key":"SMITH"}],"neow_cost":"NONE","seed_source_timestamp":6615759996609,"circlet_count":0,"master_deck":["Defend_G","Defend_G","Defend_G+1","Defend_G","Defend_G","Survivor","Neutralize+1","Predator","Deadly Poison+1","Setup+1","All Out Attack","Catalyst+1","Slice","Reflex+1","Envenom+1","Cloak And Dagger+1","Blur+1","Infinite Blades+1","Catalyst+1","Envenom+1","Backflip+1","Bullet Time+1","Cloak And Dagger+1","Corpse Explosion+1","Corpse Explosion+1","Choke+1","Noxious Fumes+1","Blade Dance+1","PiercingWail+1","Escape Plan+1","Noxious Fumes+1","Well Laid Plans+1","Madness+1","Madness+1","Parasite","Well Laid Plans","Poisoned Stab+1"],"relics":["Ring of the Snake","FossilizedHelix","Gremlin Horn","Toxic Egg 2","Thread and Needle","WristBlade","War Paint","Astrolabe","Centennial Puzzle","Blood Vial","Blue Candle"],"potions_floor_usage":[16,18,31,33,33,40,46],"damage_taken":[{"damage":2,"enemies":"Jaw Worm","floor":1,"turns":8},{"damage":1,"enemies":"Cultist","floor":3,"turns":4},{"damage":0,"enemies":"2 Louse","floor":4,"turns":3},{"damage":42,"enemies":"3 Sentries","floor":7,"turns":13},{"damage":4,"enemies":"Exordium Wildlife","floor":10,"turns":4},{"damage":0,"enemies":"2 Fungi Beasts","floor":11,"turns":3},{"damage":0,"enemies":"Large Slime","floor":13,"turns":6},{"damage":3,"enemies":"The Guardian","floor":16,"turns":8},{"damage":26,"enemies":"Spheric Guardian","floor":18,"turns":6},{"damage":6,"enemies":"Shell Parasite","floor":22,"turns":6},{"damage":9,"enemies":"Snake Plant","floor":27,"turns":5},{"damage":0,"enemies":"Centurion and Healer","floor":29,"turns":7},{"damage":0,"enemies":"Cultist and Chosen","floor":31,"turns":7},{"damage":50,"enemies":"Champ","floor":33,"turns":10},{"damage":4,"enemies":"3 Darklings","floor":35,"turns":3},{"damage":7,"enemies":"3 Shapes","floor":36,"turns":4},{"damage":0,"enemies":"Maw","floor":38,"turns":5},{"damage":16,"enemies":"3 Darklings","floor":40,"turns":4},{"damage":3,"enemies":"Writhing Mass","floor":46,"turns":4},{"damage":0,"enemies":"4 Shapes","floor":48,"turns":6},{"damage":66,"enemies":"Donu and Deca","floor":50,"turns":6}],"seed_played":"-5165489191462799547","potions_obtained":[{"floor":1,"key":"Poison Potion"},{"floor":4,"key":"FairyPotion"},{"floor":11,"key":"SteroidPotion"},{"floor":16,"key":"Weak Potion"},{"floor":18,"key":"AttackPotion"},{"floor":22,"key":"Block Potion"},{"floor":31,"key":"Poison Potion"},{"floor":36,"key":"SkillPotion"},{"floor":38,"key":"SteroidPotion"},{"floor":40,"key":"Regen Potion"}],"is_trial":false,"path_per_floor":["M","?","M","M","?","R","E","T","T","M","M","R","M","$","R","B",null,"M","?","?","?","M","R","$","?","T","M","R","M","R","M","R","B",null,"M","M","T","M","$","M","R","?","T","?","?","M","R","M","R","B",null],"character_chosen":"THE_SILENT","items_purchased":["Thread and Needle","Infinite Blades","Catalyst+1","Escape Plan+1","Blood Vial","Noxious Fumes"],"campfire_rested":5,"item_purchase_floors":[14,24,24,39,39,39],"current_hp_per_floor":[68,68,67,67,56,56,14,14,14,10,10,31,31,31,52,49,70,44,44,44,44,38,59,59,59,59,50,50,50,50,50,70,20,70,66,59,59,59,59,45,66,66,66,57,57,69,69,70,70,4],"gold":46,"neow_bonus":"UPGRADE_CARD","is_prod":false,"is_daily":false,"chose_seed":false,"campfire_upgraded":5,"win_rate":0,"timestamp":1567916010,"path_taken":["M","?","M","M","?","R","E","?","T","M","M","R","?","$","R","BOSS","M","?","?","?","?","R","$","?","T","M","R","M","R","M","R","BOSS","M","M","?","?","$","M","R","?","T","?","?","M","R","M","R","BOSS"],"build_version":"2019-07-17","purchased_purges":0,"victory":true,"max_hp_per_floor":[70,70,70,70,70,70,70,70,70,70,70,70,70,70,70,70,70,70,70,70,70,70,70,70,70,70,70,70,70,70,70,70,70,70,70,70,70,70,70,70,70,70,70,70,70,70,70,70,70,70],"card_choices":[{"not_picked":["Concentrate","Cloak And Dagger"],"picked":"Predator","floor":1},{"not_picked":["Dagger Throw","Underhanded Strike"],"picked":"Deadly Poison","floor":3},{"not_picked":["PiercingWail","Blade Dance"],"picked":"Setup","floor":4},{"not_picked":["Flying Knee","Heel Hook"],"picked":"All Out Attack","floor":7},{"not_picked":["Footwork","Slice"],"picked":"Catalyst+1","floor":10},{"not_picked":["Sucker Punch","Masterful Stab"],"picked":"Slice","floor":11},{"not_picked":["Dagger Spray","Flechettes"],"picked":"Reflex+1","floor":13},{"not_picked":["Doppelganger+1","Tools of the Trade"],"picked":"Envenom","floor":16},{"not_picked":["Backflip+1","PiercingWail+1"],"picked":"Cloak And Dagger+1","floor":18},{"not_picked":["Dagger Throw","Eviscerate+1"],"picked":"Blur+1","floor":22},{"not_picked":["Distraction+1","Deadly Poison+1"],"picked":"Backflip+1","floor":27},{"not_picked":["Bouncing Flask+1","Slice"],"picked":"Bullet Time+1","floor":29},{"not_picked":["Calculated Gamble+1","Sucker Punch"],"picked":"Cloak And Dagger+1","floor":31},{"not_picked":["Doppelganger+1","Storm of Steel+1"],"picked":"Corpse Explosion+1","floor":33},{"not_picked":["Deadly Poison+1","Acrobatics+1"],"picked":"Blade Dance+1","floor":35},{"not_picked":["Dodge and Roll+1","Catalyst+1"],"picked":"PiercingWail+1","floor":36},{"not_picked":["Dagger Throw+1","Sucker Punch","Blade Dance+1"],"picked":"SKIP","floor":38},{"not_picked":["Quick Slash+1","Slice+1"],"picked":"Well Laid Plans","floor":40},{"not_picked":["Sucker Punch+1","PiercingWail+1"],"picked":"Well Laid Plans","floor":46},{"not_picked":["Slice","Bane"],"picked":"Poisoned Stab+1","floor":48}],"player_experience":321740,"relics_obtained":[{"floor":7,"key":"FossilizedHelix"},{"floor":8,"key":"Gremlin Horn"},{"floor":9,"key":"Toxic Egg 2"},{"floor":26,"key":"War Paint"},{"floor":37,"key":"Centennial Puzzle"},{"floor":43,"key":"Blue Candle"}],"event_choices":[{"damage_healed":0,"gold_gain":0,"player_choice":"Ignored","damage_taken":0,"max_hp_gain":0,"max_hp_loss":0,"event_name":"Liars Game","floor":2,"gold_loss":0},{"damage_healed":0,"gold_gain":75,"player_choice":"Gather Gold","damage_taken":11,"max_hp_gain":0,"max_hp_loss":0,"event_name":"World of Goop","floor":5,"gold_loss":0},{"damage_healed":0,"gold_gain":0,"player_choice":"Paid Fearfully","damage_taken":0,"max_hp_gain":0,"max_hp_loss":0,"event_name":"Masked Bandits","floor":19,"gold_loss":135},{"cards_removed":["Strike_G"],"damage_healed":0,"gold_gain":0,"player_choice":"Elegance","damage_taken":0,"max_hp_gain":0,"max_hp_loss":0,"event_name":"Back to Basics","floor":20,"gold_loss":0},{"damage_healed":0,"gold_gain":99,"player_choice":"Stole From Cult","damage_taken":0,"max_hp_gain":0,"max_hp_loss":0,"event_name":"Nest","floor":21,"gold_loss":0},{"damage_healed":0,"gold_gain":0,"cards_transformed":["Strike_G"],"player_choice":"Transformed","damage_taken":0,"max_hp_gain":0,"max_hp_loss":0,"event_name":"Transmorgrifier","floor":25,"gold_loss":0,"cards_obtained":["Envenom"]},{"damage_healed":0,"gold_gain":0,"player_choice":"Ignored","damage_taken":0,"max_hp_gain":0,"max_hp_loss":0,"event_name":"Mysterious Sphere","floor":42,"gold_loss":0},{"damage_healed":0,"gold_gain":0,"player_choice":"Embrace Madness","damage_taken":9,"max_hp_gain":0,"max_hp_loss":0,"event_name":"Winding Halls","floor":44,"gold_loss":0,"cards_obtained":["Madness","Madness"]},{"damage_healed":0,"gold_gain":0,"player_choice":"Forge","damage_taken":0,"max_hp_gain":0,"max_hp_loss":0,"event_name":"Accursed Blacksmith","floor":45,"gold_loss":0,"cards_upgraded":["Envenom"]}],"is_beta":false,"boss_relics":[{"not_picked":["Coffee Dripper","Calling Bell"],"picked":"WristBlade"},{"not_picked":["Snecko Eye","Pandora\u0027s Box"],"picked":"Astrolabe"}],"items_purged_floors":[],"is_endless":false,"potions_floor_spawned":[1,4,11,16,18,22,29,31,36,38,40],"ascension_level":0}