{"gold_per_floor":[115,65,65,79,79,79,114,0,27,37,37,70,146,164,164,259,259,272,522,522,445,445,473,488,488,570,193,193,228,228,241,241,344,374,390,442,442,452,467,494,494,494,520,520,531,541,553,553],"floor_reached":48,"playtime":5628,"items_purged":["Pride"],"score":606,"play_id":"742a6b25-a557-497c-9be4-9766fc628290","local_time":"20180629002210","is_ascension_mode":true,"campfire_choices":[{"data":"Dualcast","floor":6,"key":"SMITH"},{"floor":11,"key":"REST"},{"data":"Defragment","floor":15,"key":"SMITH"},{"floor":28,"key":"REST"},{"data":"Echo Form","floor":30,"key":"SMITH"},{"floor":32,"key":"REST"},{"floor":41,"key":"REST"},{"data":"Electrodynamics","floor":44,"key":"SMITH"}],"neow_cost":"NONE","seed_source_timestamp":438002977918391,"circlet_count":0,"master_deck":["Strike_B","Strike_B","Strike_B+1","Defend_B","Defend_B","Defend_B","Defend_B","Zap+1","Dualcast+1","Recycle+1","Sunder","Defragment+1","Melter+1","Glacier","Redo","Static Discharge","Meteor Strike","Regret","Writhe","Regret","Echo Form+1","BootSequence","Loop","Electrodynamics+1","BootSequence+1","Genetic Algorithm+1","Fusion+1","Creative AI","Streamline+1"],"relics":["Cracked Core","Gremlin Horn","Vajra","Centennial Puzzle","Darkstone Periapt","Calling Bell","Ancient Tea Set","Pear","Dead Branch","Shuriken","Thread and Needle","Pantograph","Blue Candle","Omamori","Tiny House","Girya","Happy Flower","Orichalcum"],"potions_floor_usage":[4,7,7,12,12,16,16,16,24,24,29,35,40,40,46],"damage_taken":[{"damage":10,"enemies":"Small Slimes","floor":1,"turns":3},{"damage":0,"enemies":"Jaw Worm","floor":4,"turns":3},{"damage":24,"enemies":"3 Sentries","floor":7,"turns":10},{"damage":0,"enemies":"2 Louse","floor":10,"turns":1},{"damage":3,"enemies":"Lagavulin","floor":12,"turns":5},{"damage":3,"enemies":"Red Slaver","floor":14,"turns":2},{"damage":28,"enemies":"Hexaghost","floor":16,"turns":10},{"damage":3,"enemies":"3 Byrds","floor":18,"turns":4},{"damage":46,"enemies":"Book of Stabbing","floor":23,"turns":5},{"damage":33,"enemies":"Chosen","floor":24,"turns":5},{"damage":15,"enemies":"Slavers","floor":29,"turns":6},{"damage":49,"enemies":"3 Cultists","floor":31,"turns":7},{"damage":31,"enemies":"Champ","floor":33,"turns":13},{"damage":41,"enemies":"3 Darklings","floor":35,"turns":6},{"damage":71,"floor":36,"turns":6},{"damage":39,"enemies":"Orb Walker","floor":38,"turns":3},{"damage":18,"enemies":"3 Darklings","floor":39,"turns":3},{"damage":22,"enemies":"Nemesis","floor":40,"turns":5},{"damage":3,"enemies":"4 Shapes","floor":45,"turns":5},{"damage":57,"enemies":"Maw","floor":46,"turns":8},{"damage":2,"enemies":"Sphere and 2 Shapes","floor":47,"turns":3},{"damage":47,"enemies":"Giant Head","floor":48,"turns":6}],"seed_played":"4486778105795990048","potions_obtained":[{"floor":3,"key":"Block Potion"},{"floor":3,"key":"FearPotion"},{"floor":3,"key":"Fruit Juice"},{"floor":4,"key":"PowerPotion"},{"floor":7,"key":"AttackPotion"},{"floor":10,"key":"Dexterity Potion"},{"floor":12,"key":"SteroidPotion"},{"floor":14,"key":"EssenceOfSteel"},{"floor":18,"key":"Dexterity Potion"},{"floor":23,"key":"LiquidBronze"},{"floor":34,"key":"AttackPotion"},{"floor":38,"key":"FocusPotion"},{"floor":39,"key":"Energy Potion"},{"floor":45,"key":"FocusPotion"}],"is_trial":false,"path_per_floor":["M","?","?","M","?","R","E","$","T","M","R","E","T","M","R","B",null,"M","?","?","?","?","E","M","?","T","$","R","E","R","M","R","B",null,"M","?","?","M","M","E","R","?","T","R","M","M","M"],"character_chosen":"DEFECT","items_purchased":["Defragment","Melter","Blue Candle","Energy Potion"],"campfire_rested":4,"item_purchase_floors":[8,8,27,27],"current_hp_per_floor":[65,65,65,70,54,54,37,37,37,37,61,58,58,55,55,27,108,105,111,111,111,111,65,32,32,32,32,66,51,51,2,36,30,119,78,7,104,65,47,39,70,104,104,104,104,47,45,0],"gold":553,"neow_bonus":"UPGRADE_CARD","is_prod":false,"is_daily":false,"chose_seed":false,"campfire_upgraded":4,"win_rate":0,"timestamp":1530202930,"path_taken":["M","?","?","M","?","R","E","$","T","M","R","E","?","?","R","BOSS","M","?","?","?","?","E","?","?","T","$","R","E","R","M","R","BOSS","M","?","?","M","M","E","R","?","T","R","M","?","M","E"],"build_version":"2018-06-21v2","purchased_purges":1,"victory":false,"max_hp_per_floor":[75,75,75,80,80,80,80,80,80,80,80,80,80,80,80,80,108,108,114,114,114,114,114,114,114,114,114,114,114,114,114,114,114,119,119,119,104,104,104,104,104,104,104,104,104,104,104,104],"card_choices":[{"not_picked":["Ball Lightning","Hologram","Tempest"],"picked":"SKIP","floor":1},{"not_picked":["Steam Power","Barrage"],"picked":"Recycle","floor":4},{"not_picked":["FTL","Leap"],"picked":"Sunder","floor":7},{"not_picked":["Stack","BootSequence"],"picked":"Glacier","floor":10},{"not_picked":["Chaos","Rebound"],"picked":"Redo","floor":12},{"not_picked":["Turbo","Undo"],"picked":"Static Discharge","floor":14},{"not_picked":["Core Surge","Multi-Cast"],"picked":"Meteor Strike","floor":16},{"not_picked":["Steam","Undo","Rebound"],"picked":"SKIP","floor":18},{"not_picked":["Leap+1","Beam Cell"],"picked":"BootSequence","floor":23},{"not_picked":["Turbo+1","FTL","Redo"],"picked":"SKIP","floor":24},{"not_picked":["Lockon+1","Chaos","Sweeping Beam"],"picked":"SKIP","floor":29},{"not_picked":["Steam","Compile Driver+1"],"picked":"Loop","floor":31},{"not_picked":["Meteor Strike","Rainbow"],"picked":"Electrodynamics","floor":33},{"not_picked":["Recycle","Coolheaded"],"picked":"BootSequence+1","floor":34},{"not_picked":["Barrage","Compile Driver+1","Conserve Battery"],"picked":"SKIP","floor":35},{"not_picked":["Stack","Cold Snap"],"picked":"Genetic Algorithm+1","floor":38},{"not_picked":["Rip and Tear","Beam Cell"],"picked":"Fusion+1","floor":39},{"not_picked":["Chill","Auto Shields+1","Redo"],"picked":"SKIP","floor":40},{"not_picked":["Barrage+1","Turbo","Tempest"],"picked":"SKIP","floor":45},{"not_picked":["Consume","Redo+1"],"picked":"Creative AI","floor":46},{"not_picked":["Ball Lightning+1","Auto Shields"],"picked":"Streamline+1","floor":47}],"player_experience":573030,"relics_obtained":[{"floor":7,"key":"Gremlin Horn"},{"floor":9,"key":"Vajra"},{"floor":12,"key":"Centennial Puzzle"},{"floor":13,"key":"Darkstone Periapt"},{"floor":17,"key":"Ancient Tea Set"},{"floor":17,"key":"Pear"},{"floor":17,"key":"Dead Branch"},{"floor":23,"key":"Shuriken"},{"floor":26,"key":"Pantograph"},{"floor":29,"key":"Omamori"},{"floor":36,"key":"Girya"},{"floor":40,"key":"Happy Flower"},{"floor":43,"key":"Orichalcum"}],"event_choices":[{"event_name":"The Cleric","player_choice":"Card Removal","floor":2,"damage_taken":0},{"event_name":"The Lab","player_choice":"Got Potions","floor":3,"damage_taken":0},{"event_name":"Shining Light","player_choice":"Entered Light","floor":5,"damage_taken":0},{"event_name":"Golden Shrine","player_choice":"Desecrate","floor":19,"damage_taken":0},{"event_name":"Match and Keep!","player_choice":"1 cards matched","floor":20,"damage_taken":0},{"event_name":"Drug Dealer","player_choice":"Got JAXXED","floor":21,"damage_taken":0},{"event_name":"Ghosts","player_choice":"Ignored","floor":22,"damage_taken":0},{"event_name":"Addict","player_choice":"Gave JAX","floor":25,"damage_taken":0},{"event_name":"Mysterious Sphere","player_choice":"Fight","floor":36,"damage_taken":0},{"event_name":"The Moai Head","player_choice":"Heal","floor":37,"damage_taken":0},{"event_name":"MindBloom","player_choice":"Heal","floor":42,"damage_taken":0}],"boss_relics":[{"not_picked":["Coffee Dripper","Cursed Key"],"picked":"Calling Bell"},{"not_picked":["Sozu","Snecko Eye"],"picked":"Tiny House"}],"items_purged_floors":[27],"is_endless":false,"potions_floor_spawned":[4,7,10,12,14,18,23,38,39,45],"killed_by":"Giant Head","ascension_level":1}