{"path_per_floor":["M","T","M","M","?","R","?","R","T","R","M","R","M","M","R","B",null,"M","$","?","M","?","R","E","M","T","M","R","M","R","M","R","B",null,"M","M","?","$"],"character_chosen":"IRONCLAD","items_purchased":["Oddly Smooth Stone","Good Instincts","Infernal Blade","Body Slam","Regal Pillow","Secret Technique"],"gold_per_floor":[118,118,130,142,142,142,206,206,206,206,224,224,244,263,263,364,364,383,51,51,61,61,61,94,111,191,206,206,219,219,235,235,337,337,357,371,351,23],"floor_reached":39,"campfire_rested":2,"playtime":5639,"current_hp_per_floor":[70,70,73,75,75,75,56,56,70,70,70,70,73,73,73,51,94,87,87,87,72,72,72,60,16,16,20,48,41,69,66,66,12,94,60,54,54,54],"items_purged":[],"gold":23,"play_id":"ae9650da-c1c8-48f0-b23c-6572f7901b33","is_prod":false,"is_daily":false,"is_ascension_mode":false,"campfire_upgraded":7,"path_taken":["M","?","M","M","?","R","?","R","T","R","M","R","M","M","R","BOSS","M","$","?","M","?","R","E","M","T","M","R","M","R","M","R","BOSS","M","M","?","$","M"],"build_version":"2018-01-25-PROD3","purchased_purges":0,"victory":false,"master_deck":["Strike_R+1","Strike_R+1","Strike_R+1","Strike_R+1","Defend_R+1","Defend_R+1","Defend_R+1","Defend_R+1","Bash","Clothesline","Spot Weakness+1","Anger+1","Hemokinesis+1","Shockwave+1","Metallicize+1","Inflame+1","Shrug It Off","Barricade+1","Body Slam","Good Instincts+1","Infernal Blade+1","Body Slam","Cleave","Bludgeon","True Grit+1","Feel No Pain","Headbutt","Dual Wield","Demon Form","Flex+1","Seeing Red","Secret Technique"],"max_hp_per_floor":[80,80,80,80,80,80,80,80,94,94,94,94,94,94,94,94,94,94,94,94,94,94,94,94,94,94,94,94,94,94,94,94,94,94,94,94,94,94],"relics":["Black Blood","Mercury Hourglass","Juzu Bracelet","Mango","Runic Pyramid","Oddly Smooth Stone","War Paint","Toolbox","Regal Pillow"],"card_choices":[{"not_picked":["Second Wind","Twin Strike"],"picked":"Clothesline"},{"not_picked":["Headbutt","Fire Breathing"],"picked":"Spot Weakness"},{"not_picked":["Disarm","Second Wind"],"picked":"Anger"},{"not_picked":["Blood for Blood","Thunderclap"],"picked":"Shockwave"},{"not_picked":["Shrug It Off","Iron Wave"],"picked":"Metallicize"},{"not_picked":["Rupture","Thunderclap"],"picked":"Inflame"},{"not_picked":["Thunderclap","Anger"],"picked":"Shrug It Off"},{"not_picked":["Reaper","Fiend Fire"],"picked":"Barricade"},{"not_picked":["True Grit","Headbutt"],"picked":"Body Slam"},{"not_picked":["Sword Boomerang","Clash"],"picked":"Cleave"},{"not_picked":["True Grit","Iron Wave"],"picked":"Bludgeon"},{"not_picked":["Hemokinesis","Reckless Charge"],"picked":"True Grit"},{"not_picked":["Flex","Body Slam"],"picked":"Feel No Pain"},{"not_picked":["Pummel","Shrug It Off"],"picked":"Headbutt"},{"not_picked":["Whirlwind","Headbutt"],"picked":"Dual Wield"},{"not_picked":["Limit Break","Bludgeon"],"picked":"Demon Form"},{"not_picked":["Pommel Strike","Second Wind"],"picked":"Flex"},{"not_picked":["Hemokinesis","Thunderclap"],"picked":"Seeing Red"}],"player_experience":36296,"potions_floor_usage":[13,18,21,24,24,25,33,39,39,39],"damage_taken":[{"damage":16,"enemies":"Blue Slaver","floor":1,"turns":6},{"damage":3,"enemies":"Jaw Worm","floor":3,"turns":3},{"damage":4,"enemies":"Cultist","floor":4,"turns":4},{"damage":25,"enemies":"Gremlin Nob","floor":7,"turns":4},{"damage":6,"enemies":"2 Fungi Beasts","floor":11,"turns":2},{"damage":3,"enemies":"3 Louse","floor":13,"turns":2},{"damage":6,"enemies":"Looter","floor":14,"turns":3},{"damage":28,"enemies":"Slime Boss","floor":16,"turns":8},{"damage":13,"enemies":"Chosen","floor":18,"turns":5},{"damage":21,"enemies":"Shell Parasite","floor":21,"turns":4},{"damage":18,"enemies":"Gremlin Leader","floor":24,"turns":7},{"damage":50,"enemies":"3 Cultists","floor":25,"turns":7},{"damage":2,"enemies":"Chosen and Byrds","floor":27,"turns":7},{"damage":13,"enemies":"Centurion and Healer","floor":29,"turns":6},{"damage":9,"enemies":"Snake Plant","floor":31,"turns":5},{"damage":60,"enemies":"Collector","floor":33,"turns":12},{"damage":44,"enemies":"3 Shapes","floor":35,"turns":4},{"damage":16,"enemies":"Orb Walker","floor":36,"turns":4},{"damage":63,"enemies":"Maw","floor":39,"turns":11}],"event_choices":[{"event_name":"Living Wall","player_choice":"Change","floor":5,"damage_taken":0},{"event_name":"Dead Adventurer","player_choice":"Searched \u00272\u0027 times","floor":7,"damage_taken":0},{"event_name":"Drug Dealer","player_choice":"Ignored","floor":20,"damage_taken":0},{"event_name":"Back to Basics","player_choice":"Simplicity","floor":22,"damage_taken":0},{"event_name":"The Woman in Blue","player_choice":"Bought 1 Potion","floor":37,"damage_taken":0}],"boss_relics":[{"not_picked":["Runic Dome","Calling Bell"],"picked":"Runic Pyramid"},{"not_picked":["Orrery","Sozu"],"picked":"Black Blood"}],"potions_floor_spawned":[4,7,11,16,18,21,27,35,36],"seed_played":"-1679185395011096617","killed_by":"Maw","ascension_level":0,"is_trial":false}