{"gold_per_floor":[366,377,14,32,52,85,85,85,112,169,169,169,169,180,180,279,279,296,296,221,221,232,263,263,293,293,324,53,53,53,72,72,167,167,180,180,200,200,219,253,253,177,177,177,177,193,222,234,234,234],"floor_reached":50,"playtime":1805,"items_purged":["Decay"],"score":631,"play_id":"cadd012e-4cbd-4bd3-9a43-96bb6f973bec","local_time":"20190804034910","is_ascension_mode":false,"campfire_choices":[{"data":"Whirlwind","floor":7.0,"key":"SMITH"},{"data":"Flame Barrier","floor":11.0,"key":"SMITH"},{"data":"Carnage","floor":13.0,"key":"SMITH"},{"data":"Flame Barrier","floor":15.0,"key":"SMITH"},{"floor":24.0,"key":"RECALL"},{"floor":32.0,"key":"REST"},{"floor":41.0,"key":"REST"},{"floor":45.0,"key":"REST"},{"floor":49.0,"key":"REST"}],"neow_cost":"CURSE","seed_source_timestamp":0,"circlet_count":0,"master_deck":["Strike_R","Strike_R","Strike_R+1","Defend_R+1","Defend_R+1","Defend_R","Bash+1","Whirlwind+1","Carnage+1","Spot Weakness","Flame Barrier+1","Flame Barrier+1","J.A.X.","Pummel+1","Heavy Blade+1","Whirlwind+1","Bludgeon+1","Armaments+1","Dropkick+1","Flex+1","Seeing Red"],"special_seed":0,"relics":["Burning Blood","Singing Bowl","Anchor","Orichalcum","Whetstone","Fusion Hammer","Pantograph","Molten Egg 2","Bird Faced Urn","Sling","Happy Flower","Empty Cage","Lantern","Bottled Lightning","Oddly Smooth Stone"],"potions_floor_usage":[],"damage_taken":[{"damage":2.0,"enemies":"Cultist","floor":1.0,"turns":5.0},{"damage":3.0,"enemies":"Jaw Worm","floor":2.0,"turns":3.0},{"damage":2.0,"enemies":"Small Slimes","floor":4.0,"turns":3.0},{"damage":13.0,"enemies":"Red Slaver","floor":5.0,"turns":3.0},{"damage":20.0,"enemies":"Gremlin Nob","floor":6.0,"turns":4.0},{"damage":10.0,"enemies":"3 Sentries","floor":10.0,"turns":5.0},{"damage":2.0,"enemies":"3 Louse","floor":14.0,"turns":3.0},{"damage":10.0,"enemies":"Slime Boss","floor":16.0,"turns":7.0},{"damage":0.0,"enemies":"3 Byrds","floor":18.0,"turns":4.0},{"damage":3.0,"enemies":"Chosen","floor":22.0,"turns":4.0},{"damage":3.0,"enemies":"Slavers","floor":23.0,"turns":2.0},{"damage":6.0,"enemies":"Gremlin Leader","floor":25.0,"turns":4.0},{"damage":29.0,"enemies":"Slavers","floor":27.0,"turns":4.0},{"damage":5.0,"enemies":"Snake Plant","floor":31.0,"turns":3.0},{"damage":30.0,"enemies":"Champ","floor":33.0,"turns":9.0},{"damage":9.0,"enemies":"3 Shapes","floor":35.0,"turns":4.0},{"damage":23.0,"enemies":"3 Darklings","floor":37.0,"turns":5.0},{"damage":27.0,"enemies":"4 Shapes","floor":39.0,"turns":6.0},{"damage":43.0,"enemies":"Nemesis","floor":40.0,"turns":7.0},{"damage":0.0,"enemies":"Jaw Worm Horde","floor":46.0,"turns":2.0},{"damage":32.0,"enemies":"Reptomancer","floor":47.0,"turns":5.0},{"damage":0.0,"enemies":"Transient","floor":48.0,"turns":5.0},{"damage":108,"enemies":"Donu and Deca","floor":50,"turns":9}],"seed_played":"941198344858652536","potions_obtained":[{"floor":1.0,"key":"Fire Potion"},{"floor":2.0,"key":"FearPotion"},{"floor":12.0,"key":"FairyPotion"},{"floor":12.0,"key":"SkillPotion"},{"floor":12.0,"key":"EssenceOfSteel"},{"floor":14.0,"key":"SkillPotion"},{"floor":18.0,"key":"Energy Potion"},{"floor":25.0,"key":"Swift Potion"},{"floor":33.0,"key":"Ancient Potion"},{"floor":39.0,"key":"Weak Potion"},{"floor":40.0,"key":"Ancient Potion"},{"floor":47.0,"key":"Block Potion"}],"is_trial":false,"path_per_floor":["M","M","$","M","M","E","R","?","T","?","R","?","R","M","R","B",null,"M","?","?","?","M","E","R","E","T","E","$","?","$","M","R","B",null,"M","?","M","?","M","E","R","$","T","$","R","M","E","M","R","B"],"character_chosen":"IRONCLAD","items_purchased":["Carnage","Singing Bowl","Sling","Whirlwind+1","Seeing Red"],"campfire_rested":4,"item_purchase_floors":[3,3,28,28,42],"current_hp_per_floor":[80,80,80,80,75,61,61,45,45,43,43,43,43,47,47,43,84,86,86,86,86,86,88,88,88,88,65,65,65,65,68,90,66,90,87,87,72,102,81,44,74,74,74,74,102,104,80,88,108,0],"gold":234,"neow_bonus":"TWO_FIFTY_GOLD","is_prod":false,"is_daily":false,"chose_seed":false,"campfire_upgraded":4,"win_rate":0,"timestamp":1564904950,"path_taken":["M","M","$","M","?","E","R","?","T","?","R","?","R","?","R","BOSS","M","?","?","?","M","E","R","E","T","E","$","?","?","M","R","BOSS","M","?","M","?","M","E","R","$","T","$","R","?","E","M","R","BOSS"],"build_version":"2019-07-17","purchased_purges":1,"victory":false,"max_hp_per_floor":[80,80,80,80,82,82,82,82,82,84,84,84,84,84,84,84,84,86,86,86,86,86,88,88,88,88,88,88,88,88,90,90,90,90,90,90,92,102,102,102,102,102,102,102,102,104,106,108,108,108],"card_choices":[{"not_picked":["Rampage","Clothesline"],"picked":"Whirlwind","floor":1.0},{"not_picked":["Combust","Heavy Blade","Clash"],"picked":"SKIP","floor":2.0},{"not_picked":["Headbutt","Anger"],"picked":"Spot Weakness","floor":4.0},{"not_picked":["Perfected Strike","Searing Blow","Havoc"],"picked":"Singing Bowl","floor":5.0},{"not_picked":["Rage","Blood for Blood"],"picked":"Flame Barrier","floor":6.0},{"not_picked":["Inflame","Headbutt","Reckless Charge"],"picked":"Singing Bowl","floor":10.0},{"not_picked":["Clothesline","Seeing Red"],"picked":"Flame Barrier","floor":14.0},{"not_picked":["Reaper","Berserk"],"picked":"Bludgeon","floor":16.0},{"not_picked":["True Grit","Clash","Hemokinesis+1"],"picked":"Singing Bowl","floor":18.0},{"not_picked":["Sever Soul","Rupture"],"picked":"Battle Trance+1","floor":22.0},{"not_picked":["Body Slam","Cleave","Bloodletting"],"picked":"Singing Bowl","floor":23.0},{"not_picked":["Iron Wave","Warcry"],"picked":"Pummel","floor":25.0},{"not_picked":["Iron Wave+1","Flame Barrier"],"picked":"Heavy Blade+1","floor":27.0},{"not_picked":["Rampage+1","Rupture","Iron Wave+1"],"picked":"Singing Bowl","floor":31.0},{"not_picked":["Exhume","Feed+1"],"picked":"Bludgeon+1","floor":33.0},{"not_picked":["Burning Pact","Pommel Strike+1"],"picked":"Armaments+1","floor":35.0},{"not_picked":["Whirlwind+1","Perfected Strike+1","Corruption+1"],"picked":"Singing Bowl","floor":37.0},{"not_picked":["Fire Breathing+1","Twin Strike+1"],"picked":"Dropkick+1","floor":39.0},{"not_picked":["Pommel Strike+1","Iron Wave+1"],"picked":"Flex+1","floor":40.0},{"not_picked":["Anger+1","Warcry","Clothesline+1"],"picked":"Singing Bowl","floor":46.0},{"not_picked":["Perfected Strike+1","Dark Embrace","Headbutt+1"],"picked":"Singing Bowl","floor":47.0},{"not_picked":["Carnage+1","Body Slam+1","Power Through+1"],"picked":"Singing Bowl","floor":48.0}],"player_experience":503991,"relics_obtained":[{"floor":6.0,"key":"Anchor"},{"floor":9.0,"key":"Orichalcum"},{"floor":10.0,"key":"Whetstone"},{"floor":23.0,"key":"Pantograph"},{"floor":25.0,"key":"Molten Egg 2"},{"floor":27.0,"key":"Bird Faced Urn"},{"floor":40.0,"key":"Lantern"},{"floor":43.0,"key":"Bottled Lightning"},{"floor":47.0,"key":"Oddly Smooth Stone"}],"event_choices":[{"damage_healed":0.0,"max_hp_gain":0.0,"max_hp_loss":0.0,"gold_gain":0.0,"event_name":"Shining Light","player_choice":"Entered Light","floor":8.0,"gold_loss":0.0,"damage_taken":16.0,"cards_upgraded":["Defend_R","Defend_R"]},{"damage_healed":0.0,"max_hp_gain":0.0,"max_hp_loss":0.0,"gold_gain":0.0,"event_name":"Dead Adventurer","player_choice":"Searched \u00271\u0027 times","floor":10.0,"gold_loss":0.0,"damage_taken":0.0},{"damage_healed":0.0,"max_hp_gain":0.0,"max_hp_loss":0.0,"gold_gain":0.0,"event_name":"Lab","player_choice":"Got Potions","floor":12.0,"gold_loss":0.0,"damage_taken":0.0},{"cards_removed":["Strike_R"],"damage_healed":0.0,"max_hp_gain":0.0,"max_hp_loss":0.0,"gold_gain":0.0,"event_name":"Back to Basics","player_choice":"Elegance","floor":19.0,"gold_loss":0.0,"damage_taken":0.0},{"cards_removed":["Defend_R"],"damage_healed":0.0,"max_hp_gain":0.0,"max_hp_loss":0.0,"gold_gain":0.0,"event_name":"Beggar","player_choice":"Gave Gold","floor":20.0,"gold_loss":75.0,"damage_taken":0.0},{"damage_healed":0.0,"max_hp_gain":0.0,"max_hp_loss":0.0,"gold_gain":0.0,"event_name":"Drug Dealer","player_choice":"Obtain J.A.X.","floor":21.0,"gold_loss":0.0,"damage_taken":0.0,"cards_obtained":["J.A.X."]},{"damage_healed":0.0,"max_hp_gain":0.0,"max_hp_loss":0.0,"gold_gain":0.0,"event_name":"Addict","player_choice":"Stole Relic","floor":29.0,"gold_loss":0.0,"damage_taken":0.0,"relics_obtained":["Happy Flower"],"cards_obtained":["Shame"]},{"cards_removed":["Battle Trance"],"damage_healed":0.0,"max_hp_gain":0.0,"max_hp_loss":0.0,"gold_gain":0.0,"event_name":"Falling","player_choice":"Removed Skill","floor":36.0,"gold_loss":0.0,"damage_taken":0.0},{"cards_removed":["Bludgeon"],"damage_healed":20.0,"max_hp_gain":10.0,"max_hp_loss":0.0,"gold_gain":0.0,"event_name":"Bonfire Elementals","player_choice":"Offered Rare","floor":38.0,"gold_loss":0.0,"damage_taken":0.0}],"is_beta":false,"boss_relics":[{"not_picked":["Astrolabe","Lizard Tail"],"picked":"Fusion Hammer"},{"not_picked":["Orrery","Runic Pyramid"],"picked":"Empty Cage"}],"items_purged_floors":[3],"is_endless":false,"potions_floor_spawned":[1,2,14,18,22,25,33,39,40,47],"killed_by":"Donu and Deca","ascension_level":0}