{"gold_per_floor":[113,123,123,123,134,134,134,146,173,173,200,200,210,21,21,118,118,136,136,153,185,185,185,202,202,226,242,242,261,181,197,197,296,296,316,365,18,32,49,49,77,77,77,77,103,103,21,21,21,21],"floor_reached":51,"playtime":1874,"items_purged":["Evolve"],"score":703,"play_id":"34b301b3-b20d-4258-8c0d-43cb48f9fb04","local_time":"20180802011600","is_ascension_mode":false,"campfire_choices":[{"data":"Anger","floor":6,"key":"SMITH"},{"data":"Sever Soul","floor":10,"key":"SMITH"},{"data":"Bash","floor":12,"key":"SMITH"},{"data":"Sword Boomerang","floor":15,"key":"SMITH"},{"data":"Whirlwind","floor":23,"key":"SMITH"},{"floor":25,"key":"REST"},{"floor":32,"key":"REST"},{"floor":40,"key":"REST"},{"floor":44,"key":"REST"},{"floor":49,"key":"REST"}],"neow_cost":"NONE","seed_source_timestamp":626078909025573,"circlet_count":0,"master_deck":["Strike_R","Strike_R","Strike_R","Defend_R","Defend_R","Defend_R","Bash+1","Anger+1","Carnage+1","Sever Soul+1","Intimidate","Headbutt","Bandage Up","Sword Boomerang+1","Demon Form","RitualDagger","Heavy Blade","Whirlwind+1","Shrug It Off+1","Iron Wave+1","Necronomicurse","Rage+1","Bludgeon","Shrug It Off","Clash","Flex","Carnage","Demon Form","Seeing Red+1","Shrug It Off","Entrench+1","Limit Break","Rage"],"relics":["Burning Blood","Mercury Hourglass","Art of War","Boot","Mark of Pain","Red Mask","Regal Pillow","Necronomicon","Runic Cube","Bird Faced Urn","Lantern","Red Skull","Shuriken","Orichalcum"],"potions_floor_usage":[16,16,36,38,38,39,41,41,41,45,45,50,50,50,50,50,50],"damage_taken":[{"damage":5,"enemies":"Small Slimes","floor":1,"turns":3},{"damage":0,"enemies":"Cultist","floor":2,"turns":2},{"damage":6,"enemies":"Jaw Worm","floor":5,"turns":2},{"damage":4,"enemies":"Gremlin Gang","floor":8,"turns":3},{"damage":12,"enemies":"3 Sentries","floor":11,"turns":5},{"damage":2,"enemies":"Blue Slaver","floor":13,"turns":2},{"damage":40,"enemies":"Hexaghost","floor":16,"turns":7},{"damage":10,"enemies":"Chosen","floor":18,"turns":2},{"damage":20,"enemies":"3 Byrds","floor":20,"turns":4},{"damage":6,"floor":21,"turns":3},{"damage":30,"enemies":"Sentry and Sphere","floor":24,"turns":4},{"damage":33,"enemies":"Centurion and Healer","floor":27,"turns":4},{"damage":1,"enemies":"3 Cultists","floor":29,"turns":3},{"damage":8,"enemies":"Snecko","floor":31,"turns":3},{"damage":8,"enemies":"Champ","floor":33,"turns":6},{"damage":36,"enemies":"3 Shapes","floor":35,"turns":4},{"damage":34,"floor":36,"turns":4},{"damage":0,"enemies":"Orb Walker","floor":38,"turns":1},{"damage":27,"enemies":"Flame Bruiser 2 Orb","floor":39,"turns":3},{"damage":48,"enemies":"Giant Head","floor":41,"turns":6},{"damage":10,"enemies":"2 Orb Walkers","floor":45,"turns":3},{"damage":79,"enemies":"Awakened One","floor":50,"turns":6}],"seed_played":"-6724957272264720985","potions_obtained":[{"floor":2,"key":"SkillPotion"},{"floor":5,"key":"Strength Potion"},{"floor":11,"key":"Regen Potion"},{"floor":16,"key":"SkillPotion"},{"floor":20,"key":"PowerPotion"},{"floor":38,"key":"EntropicBrew"},{"floor":41,"key":"Fruit Juice"},{"floor":46,"key":"Fruit Juice"},{"floor":46,"key":"EntropicBrew"},{"floor":46,"key":"FearPotion"}],"is_trial":false,"path_per_floor":["M","M","?","?","M","R","T","M","T","R","E","R","M","$","R","B",null,"M","?","M","?","?","R","M","R","T","M","?","M","$","M","R","B",null,"M","?","$","M","M","R","E","$","T","R","E","?","$","?","R","B"],"character_chosen":"IRONCLAD","items_purchased":["Bandage Up","Sword Boomerang","Bludgeon","Flex","Carnage","Lantern","Regen Potion","Limit Break"],"campfire_rested":5,"item_purchase_floors":[14,14,30,37,37,37,37,47],"current_hp_per_floor":[80,80,80,80,80,80,80,80,80,80,74,74,78,78,78,60,80,76,70,60,60,60,60,40,64,64,41,25,34,34,36,75,77,80,50,26,26,32,15,54,26,26,26,65,68,68,68,68,85,25],"gold":21,"neow_bonus":"REMOVE_CARD","is_prod":false,"is_daily":false,"chose_seed":false,"campfire_upgraded":5,"win_rate":0,"timestamp":1533186960,"path_taken":["M","M","?","?","M","R","?","M","T","R","E","R","M","$","R","BOSS","M","?","M","?","?","R","M","R","T","?","?","M","?","M","R","BOSS","M","?","$","M","M","R","E","$","T","R","E","?","$","?","R","BOSS"],"build_version":"2018-07-26","purchased_purges":1,"victory":true,"max_hp_per_floor":[80,80,80,80,80,80,80,80,80,80,80,80,80,80,80,80,80,80,80,80,80,80,80,80,80,80,80,80,80,80,80,80,80,80,80,80,80,80,80,80,80,80,80,80,85,85,85,85,85,90],"card_choices":[{"not_picked":["Intimidate","Sword Boomerang"],"picked":"Anger","floor":1},{"not_picked":["Warcry","Seeing Red"],"picked":"Carnage","floor":2},{"not_picked":["Metallicize","Clothesline","Fire Breathing"],"picked":"SKIP","floor":5},{"not_picked":["Searing Blow","Havoc"],"picked":"Sever Soul","floor":8},{"not_picked":["Havoc","Burning Pact"],"picked":"Intimidate","floor":11},{"not_picked":["Bloodletting","Warcry"],"picked":"Headbutt","floor":13},{"not_picked":["Limit Break","Brutality"],"picked":"Demon Form","floor":16},{"not_picked":["Dual Wield","Perfected Strike","Seeing Red+1"],"picked":"SKIP","floor":18},{"not_picked":["Body Slam+1","Combust+1"],"picked":"Heavy Blade","floor":20},{"not_picked":["Sword Boomerang","Perfected Strike"],"picked":"Whirlwind","floor":21},{"not_picked":["Evolve+1","Armaments"],"picked":"Shrug It Off+1","floor":24},{"not_picked":["Feed","Perfected Strike+1"],"picked":"Iron Wave+1","floor":27},{"not_picked":["Clothesline+1","Ghostly Armor"],"picked":"Rage+1","floor":29},{"not_picked":["Dual Wield","Twin Strike"],"picked":"Shrug It Off","floor":31},{"not_picked":["Shrug It Off","Dual Wield+1"],"picked":"Clash","floor":35},{"not_picked":["True Grit","Clothesline"],"picked":"Demon Form","floor":38},{"not_picked":["Wild Strike+1","Rage"],"picked":"Seeing Red+1","floor":39},{"not_picked":["Perfected Strike","Juggernaut"],"picked":"Shrug It Off","floor":41},{"not_picked":["Warcry","Sentinel"],"picked":"Entrench+1","floor":45}],"player_experience":96433,"relics_obtained":[{"floor":7,"key":"Mercury Hourglass"},{"floor":9,"key":"Art of War"},{"floor":11,"key":"Boot"},{"floor":21,"key":"Red Mask"},{"floor":26,"key":"Regal Pillow"},{"floor":28,"key":"Necronomicon"},{"floor":36,"key":"Bird Faced Urn"},{"floor":41,"key":"Red Skull"},{"floor":43,"key":"Shuriken"},{"floor":45,"key":"Orichalcum"}],"event_choices":[{"event_name":"Transmorgrifier","player_choice":"Transform","floor":3,"damage_taken":0},{"event_name":"Living Wall","player_choice":"Grow","floor":4,"damage_taken":0},{"event_name":"Nest","player_choice":"Joined the Cult","floor":19,"damage_taken":0},{"event_name":"Masked Bandits","player_choice":"Fought over 153 gold","floor":21,"damage_taken":0},{"event_name":"The Mausoleum","player_choice":"No","floor":22,"damage_taken":0},{"event_name":"Cursed Tome","player_choice":"Obtained Book","floor":28,"damage_taken":0},{"event_name":"Mysterious Sphere","player_choice":"Fight","floor":36,"damage_taken":0},{"event_name":"The Lab","player_choice":"Got Potions","floor":46,"damage_taken":0},{"event_name":"Transmorgrifier","player_choice":"Transform","floor":48,"damage_taken":0}],"is_beta":false,"boss_relics":[{"not_picked":["Empty Cage","Pandora\u0027s Box"],"picked":"Mark of Pain"},{"not_picked":["Astrolabe","Orrery"],"picked":"Runic Cube"}],"items_purged_floors":[14],"is_endless":false,"potions_floor_spawned":[2,5,11,13,16,20,24,38,41],"ascension_level":0}