{"gold_per_floor":[211,221,221,221,221,221,50,50,50,81,96,96,117,117,117,117],"floor_reached":16,"playtime":655,"items_purged":[],"score":123,"play_id":"8615c956-a2ab-4026-8304-8e56934f6c26","local_time":"20190526005451","is_ascension_mode":true,"campfire_choices":[{"floor":6.0,"key":"REST"},{"data":"Outmaneuver","floor":8.0,"key":"SMITH"},{"floor":12.0,"key":"REST"},{"floor":15.0,"key":"REST"}],"neow_cost":"NONE","seed_source_timestamp":919916942736756,"circlet_count":0,"master_deck":["Defend_G","Defend_G","Defend_G","Defend_G","Defend_G","Strike_G","Strike_G","Strike_G","Strike_G","Strike_G","Survivor","Neutralize","Underhanded Strike","Well Laid Plans+1","Outmaneuver+1","Sucker Punch","Acrobatics","All Out Attack"],"special_seed":0,"relics":["Ring of the Snake","Golden Idol","Blood Vial","Smiling Mask","Paper Crane","Potion Belt"],"potions_floor_usage":[16,16],"damage_taken":[{"damage":0.0,"enemies":"Cultist","floor":1.0,"turns":3.0},{"damage":0.0,"enemies":"2 Louse","floor":2.0,"turns":4.0},{"damage":37.0,"enemies":"Lagavulin","floor":10.0,"turns":9.0},{"damage":2.0,"enemies":"Small Slimes","floor":11.0,"turns":4.0},{"damage":1.0,"enemies":"Looter","floor":13.0,"turns":3.0},{"damage":62,"enemies":"The Guardian","floor":16,"turns":11}],"seed_played":"-3632605922250706324","potions_obtained":[{"floor":10.0,"key":"Block Potion"},{"floor":11.0,"key":"Fire Potion"}],"is_trial":false,"path_per_floor":["M","M","?","?","?","R","$","R","T","E","M","R","M","?","R","B"],"character_chosen":"THE_SILENT","items_purchased":["Blood Vial","Outmaneuver"],"campfire_rested":3,"item_purchase_floors":[7,7],"current_hp_per_floor":[70,70,53,53,53,70,70,70,70,33,33,54,55,37,58,0],"gold":117,"neow_bonus":"HUNDRED_GOLD","is_prod":false,"is_daily":false,"chose_seed":false,"campfire_upgraded":1,"win_rate":0,"timestamp":1558846491,"path_taken":["M","M","?","?","?","R","$","R","T","E","M","R","M","?","R","BOSS"],"build_version":"2019-01-23","purchased_purges":0,"victory":false,"max_hp_per_floor":[70,70,70,70,70,70,70,70,70,70,70,70,70,70,70,70],"card_choices":[{"not_picked":["Leg Sweep","Escape Plan"],"picked":"Underhanded Strike","floor":1.0},{"not_picked":["Leg Sweep","Skewer"],"picked":"Well Laid Plans","floor":2.0},{"not_picked":["Deadly Poison","Deflect"],"picked":"Sucker Punch","floor":10.0},{"not_picked":["Outmaneuver","Bane"],"picked":"Acrobatics","floor":11.0},{"not_picked":["Deadly Poison","PiercingWail"],"picked":"All Out Attack","floor":13.0}],"player_experience":274575,"relics_obtained":[{"floor":9.0,"key":"Smiling Mask"},{"floor":10.0,"key":"Paper Crane"}],"event_choices":[{"damage_healed":0.0,"max_hp_gain":0.0,"max_hp_loss":0.0,"gold_gain":0.0,"event_name":"Golden Idol","player_choice":"Take Damage","floor":3.0,"gold_loss":0.0,"damage_taken":17.0,"relics_obtained":["Golden Idol"]},{"damage_healed":0.0,"max_hp_gain":0.0,"max_hp_loss":0.0,"gold_gain":0.0,"event_name":"Living Wall","player_choice":"Grow","floor":4.0,"gold_loss":0.0,"damage_taken":0.0,"cards_upgraded":["Well Laid Plans"]},{"damage_healed":0.0,"max_hp_gain":0.0,"max_hp_loss":0.0,"gold_gain":0.0,"event_name":"Liars Game","player_choice":"Ignored","floor":5.0,"gold_loss":0.0,"damage_taken":0.0},{"damage_healed":0.0,"max_hp_gain":0.0,"max_hp_loss":0.0,"gold_gain":0.0,"event_name":"Scrap Ooze","player_choice":"Success","floor":14.0,"gold_loss":0.0,"damage_taken":18.0,"relics_obtained":["Potion Belt"]}],"is_beta":false,"boss_relics":[],"items_purged_floors":[],"is_endless":false,"potions_floor_spawned":[10,11],"killed_by":"The Guardian","ascension_level":5}