{"gold_per_floor":[99,99,99,99,99,99,99,99,99,99,99,99,99,99,99,99],"floor_reached":16,"playtime":1564,"items_purged":[],"score":165,"play_id":"61aff45c-1f19-4916-a1f0-adf05f1d4880","local_time":"20190912012857","is_ascension_mode":true,"campfire_choices":[{"floor":8,"key":"REST"},{"data":"PiercingWail","floor":10,"key":"SMITH"},{"data":"Backflip","floor":12,"key":"SMITH"},{"floor":15,"key":"REST"}],"neow_cost":"NONE","seed_source_timestamp":9071068583900,"circlet_count":0,"master_deck":["AscendersBane","Strike_G","Strike_G","Strike_G","Strike_G","Defend_G","Defend_G","Defend_G","Defend_G","Defend_G","Survivor","Neutralize+1","Backflip+1","PiercingWail+1","Outmaneuver","Glass Knife","Reflex"],"special_seed":0,"relics":["Ectoplasm","MawBank","Question Card","Ornamental Fan"],"potions_floor_usage":[6,16],"damage_taken":[{"damage":1.0,"enemies":"Small Slimes","floor":1.0,"turns":3.0},{"damage":0.0,"enemies":"Cultist","floor":3.0,"turns":4.0},{"damage":0.0,"enemies":"2 Louse","floor":4.0,"turns":4.0},{"damage":33,"enemies":"Lagavulin","floor":6,"turns":15},{"damage":0,"enemies":"Blue Slaver","floor":7,"turns":5},{"damage":3,"enemies":"Lots of Slimes","floor":13,"turns":6},{"damage":64,"enemies":"Hexaghost","floor":16,"turns":16}],"seed_played":"54592867802257793","potions_obtained":[{"floor":3.0,"key":"Ancient Potion"},{"floor":7,"key":"SteroidPotion"},{"floor":13,"key":"Weak Potion"}],"is_trial":false,"path_per_floor":["M","?","M","M","?","E","M","R","T","R","?","R","M","?","R","B"],"character_chosen":"THE_SILENT","items_purchased":[],"campfire_rested":2,"item_purchase_floors":[],"current_hp_per_floor":[62,55,55,55,55,22,22,43,43,43,43,43,40,40,61,0],"gold":99,"neow_bonus":"BOSS_RELIC","is_prod":false,"is_daily":false,"chose_seed":false,"campfire_upgraded":2,"win_rate":0,"timestamp":1568244537,"path_taken":["M","?","M","M","?","E","?","R","T","R","?","R","M","?","R","BOSS"],"build_version":"2019-07-17","purchased_purges":0,"victory":false,"max_hp_per_floor":[70,70,70,70,70,70,70,70,70,70,70,70,70,70,70,70],"card_choices":[{"not_picked":["Flying Knee","Sucker Punch"],"picked":"Backflip","floor":1.0},{"not_picked":["Underhanded Strike","Flying Knee"],"picked":"PiercingWail","floor":3.0},{"not_picked":["Blade Dance","Dagger Spray"],"picked":"Outmaneuver","floor":4.0},{"not_picked":["Sucker Punch","Cloak And Dagger"],"picked":"Glass Knife","floor":6},{"not_picked":["Prepared","Dagger Spray","Cloak And Dagger","Blade Dance"],"picked":"SKIP","floor":7},{"not_picked":["Distraction","Bane","Cloak And Dagger"],"picked":"Reflex","floor":13}],"player_experience":272218,"relics_obtained":[{"floor":6,"key":"Question Card"},{"floor":9,"key":"Ornamental Fan"}],"event_choices":[{"damage_healed":0.0,"max_hp_gain":0.0,"max_hp_loss":0.0,"gold_gain":0.0,"event_name":"Scrap Ooze","player_choice":"Success","floor":2.0,"gold_loss":0.0,"damage_taken":7.0,"relics_obtained":["MawBank"]},{"cards_removed":["Strike_G"],"damage_healed":0.0,"max_hp_gain":0.0,"max_hp_loss":0.0,"gold_gain":0.0,"event_name":"Bonfire Elementals","player_choice":"Offered Basic","floor":5.0,"gold_loss":0.0,"damage_taken":0.0},{"damage_healed":0,"gold_gain":0,"player_choice":"Ignored","damage_taken":0,"max_hp_gain":0,"max_hp_loss":0,"event_name":"Liars Game","floor":11,"gold_loss":0},{"damage_healed":0,"gold_gain":0,"player_choice":"Forge","damage_taken":0,"max_hp_gain":0,"max_hp_loss":0,"event_name":"Accursed Blacksmith","floor":14,"gold_loss":0,"cards_upgraded":["Neutralize"]}],"is_beta":false,"boss_relics":[],"items_purged_floors":[],"is_endless":false,"potions_floor_spawned":[3,7,13],"killed_by":"Hexaghost","ascension_level":13}