{"gold_per_floor":[109,127,77,89,89,115,40,70,70,70,100,100,119,219,219,317,317,336,346,34,47,62,91,91,123,201,201,201,226,13,33,33,130,130,144,171,271,287,50,50,60,60,87,44,78,78,78,0,0,0],"floor_reached":51,"playtime":3888,"items_purged":["Strike_G","Strike_G"],"score":883,"play_id":"18663cc4-c325-4d3c-aa2e-4c1fb5b3700b","local_time":"20190519151833","is_ascension_mode":true,"campfire_choices":[{"floor":10.0,"key":"REST"},{"floor":15.0,"key":"REST"},{"data":"A Thousand Cuts","floor":24,"key":"SMITH"},{"floor":27,"key":"REST"},{"data":"Crippling Poison","floor":32,"key":"SMITH"},{"floor":40,"key":"REST"},{"floor":42,"key":"REST"},{"data":"Apotheosis","floor":47,"key":"SMITH"},{"floor":49,"key":"REST"}],"neow_cost":"NONE","seed_source_timestamp":364275135406574,"circlet_count":0,"master_deck":["Defend_G","Defend_G","Defend_G","Defend_G","Defend_G","Strike_G","Survivor","Neutralize","Backstab","Underhanded Strike","Poisoned Stab+1","Dagger Spray","Tactician","A Thousand Cuts+1","Noxious Fumes","Adrenaline","Outmaneuver","Dagger Throw+1","Footwork","Outmaneuver","Crippling Poison+1","Flying Knee+1","Masterful Stab+1","Prepared","Acrobatics","Neutralize","Deadly Poison","Blur","Bullet Time","Reflex+1","Backflip","Poisoned Stab+1","Apotheosis+1","Adrenaline","Venomology"],"special_seed":0,"relics":["Ring of the Snake","Bottled Flame","Kunai","Pear","The Courier","Runic Pyramid","Gremlin Horn","Blood Vial","Tingsha","Blue Candle","Incense Burner","Lee\u0027s Waffle","Lizard Tail","Pen Nib","StoneCalendar","MawBank","Ginger","Red Mask"],"potions_floor_usage":[16,25,33,45,50,50],"damage_taken":[{"damage":2.0,"enemies":"Jaw Worm","floor":1.0,"turns":7.0},{"damage":0.0,"enemies":"2 Louse","floor":2.0,"turns":3.0},{"damage":0.0,"enemies":"Cultist","floor":4.0,"turns":4.0},{"damage":27.0,"enemies":"3 Sentries","floor":6.0,"turns":12.0},{"damage":29.0,"enemies":"Lagavulin","floor":8.0,"turns":9.0},{"damage":8.0,"enemies":"3 Sentries","floor":11.0,"turns":11.0},{"damage":1.0,"enemies":"Looter","floor":13.0,"turns":2.0},{"damage":45,"enemies":"The Guardian","floor":16,"turns":10},{"damage":8,"enemies":"Spheric Guardian","floor":18,"turns":5},{"damage":2,"enemies":"Shell Parasite","floor":19,"turns":5},{"damage":4,"enemies":"Snecko","floor":21,"turns":5},{"damage":2,"enemies":"Cultist and Chosen","floor":22,"turns":6},{"damage":19,"enemies":"Gremlin Leader","floor":23,"turns":6},{"damage":15,"enemies":"Book of Stabbing","floor":25,"turns":5},{"damage":39,"enemies":"Slavers","floor":29,"turns":4},{"damage":20,"enemies":"Snake Plant","floor":31,"turns":4},{"damage":3,"enemies":"Automaton","floor":33,"turns":9},{"damage":51,"enemies":"3 Darklings","floor":35,"turns":5},{"damage":18,"enemies":"Mind Bloom Boss Battle","floor":37,"turns":7},{"damage":3,"enemies":"Orb Walker","floor":38,"turns":3},{"damage":6,"enemies":"Spire Growth","floor":41,"turns":4},{"damage":0,"enemies":"Nemesis","floor":45,"turns":7},{"damage":29,"enemies":"Donu and Deca","floor":50,"turns":8}],"seed_played":"4487541612614421920","potions_obtained":[{"floor":1.0,"key":"FearPotion"},{"floor":8.0,"key":"Weak Potion"},{"floor":11.0,"key":"SpeedPotion"},{"floor":13.0,"key":"PowerPotion"},{"floor":19,"key":"Poison Potion"},{"floor":22,"key":"GhostInAJar"},{"floor":25,"key":"GamblersBrew"},{"floor":33,"key":"Explosive Potion"},{"floor":37,"key":"Block Potion"}],"is_trial":false,"path_per_floor":["M","M","?","M","?","E","$","E","T","R","E","?","M","?","R","B",null,"M","M","$","M","M","E","R","E","T","R","?","E","$","M","R","B",null,"M","T","?","M","$","R","M","R","T","$","E","?","R","?","R","B",null],"character_chosen":"THE_SILENT","items_purchased":["Footwork","Gremlin Horn","Outmaneuver","Blur","Lee\u0027s Waffle","Apotheosis","Adrenaline"],"campfire_rested":6,"item_purchase_floors":[20,20,20,30,30,39,44],"current_hp_per_floor":[75,75,75,75,68,41,41,12,22,48,40,40,39,39,65,20,87,79,77,77,73,71,52,52,39,39,65,65,28,94,74,74,73,94,43,43,27,26,26,54,50,78,78,78,80,80,80,80,94,65],"gold":0,"neow_bonus":"TEN_PERCENT_HP_BONUS","is_prod":false,"is_daily":false,"chose_seed":false,"campfire_upgraded":3,"win_rate":0,"timestamp":1558293513,"path_taken":["M","M","?","M","?","E","$","E","T","R","E","?","?","?","R","BOSS","M","?","$","?","M","E","R","E","T","R","?","E","$","M","R","BOSS","M","?","?","M","$","R","M","R","T","?","E","?","R","?","R","BOSS"],"build_version":"2019-01-23","purchased_purges":2,"victory":true,"max_hp_per_floor":[77,77,77,77,77,77,77,77,87,87,87,87,87,87,87,87,87,87,87,87,87,87,87,87,87,87,87,87,87,94,94,94,94,94,94,94,94,94,94,94,94,94,94,94,94,94,94,94,94,94],"card_choices":[{"not_picked":["Setup","Acrobatics"],"picked":"Backstab","floor":1.0},{"not_picked":["Sucker Punch","Slice"],"picked":"Underhanded Strike","floor":2.0},{"not_picked":["Quick Slash","Masterful Stab"],"picked":"Poisoned Stab","floor":4.0},{"not_picked":["Endless Agony","Dagger Spray","Sucker Punch"],"picked":"SKIP","floor":6.0},{"not_picked":["Endless Agony","Sucker Punch"],"picked":"Dagger Spray","floor":6.0},{"not_picked":["Well Laid Plans","Dagger Spray"],"picked":"Tactician","floor":8.0},{"not_picked":["Bane","Dash"],"picked":"A Thousand Cuts","floor":11.0},{"not_picked":["Dodge and Roll","Poisoned Stab"],"picked":"Noxious Fumes","floor":13.0},{"not_picked":["A Thousand Cuts","Glass Knife"],"picked":"Adrenaline","floor":16},{"not_picked":["Acrobatics","Quick Slash"],"picked":"Outmaneuver","floor":18},{"not_picked":["Masterful Stab","Bane"],"picked":"Dagger Throw+1","floor":19},{"not_picked":["Expertise+1","Sucker Punch"],"picked":"Crippling Poison","floor":21},{"not_picked":["Quick Slash+1","Dagger Throw+1"],"picked":"Flying Knee+1","floor":22},{"not_picked":["Heel Hook","Distraction"],"picked":"Masterful Stab+1","floor":23},{"not_picked":["All Out Attack+1","Distraction"],"picked":"Prepared","floor":25},{"not_picked":["Acrobatics","Envenom"],"picked":"Deadly Poison","floor":29},{"not_picked":["Infinite Blades+1","Cloak And Dagger+1","Slice"],"picked":"SKIP","floor":31},{"not_picked":["Doppelganger","Night Terror"],"picked":"Bullet Time","floor":33},{"not_picked":["Deadly Poison","Quick Slash+1"],"picked":"Reflex+1","floor":35},{"not_picked":["Dash","Flying Knee+1"],"picked":"Backflip","floor":37},{"not_picked":["Slice+1","PiercingWail"],"picked":"Poisoned Stab+1","floor":38},{"not_picked":["Well Laid Plans","Quick Slash","Dodge and Roll"],"picked":"SKIP","floor":41},{"not_picked":["Dagger Spray+1","Expertise"],"picked":"Venomology","floor":45}],"player_experience":246774,"relics_obtained":[{"floor":6.0,"key":"Bottled Flame"},{"floor":8.0,"key":"Kunai"},{"floor":9.0,"key":"Pear"},{"floor":11.0,"key":"The Courier"},{"floor":23,"key":"Blood Vial"},{"floor":25,"key":"Tingsha"},{"floor":26,"key":"Blue Candle"},{"floor":29,"key":"Incense Burner"},{"floor":36,"key":"Pen Nib"},{"floor":37,"key":"StoneCalendar"},{"floor":43,"key":"MawBank"},{"floor":45,"key":"Ginger"}],"event_choices":[{"cards_removed":["Strike_G"],"damage_healed":0.0,"max_hp_gain":0.0,"max_hp_loss":0.0,"gold_gain":0.0,"event_name":"The Cleric","player_choice":"Card Removal","floor":3.0,"gold_loss":50.0,"damage_taken":0.0},{"cards_removed":["Strike_G"],"damage_healed":0.0,"max_hp_gain":0.0,"max_hp_loss":0.0,"gold_gain":0.0,"event_name":"Golden Wing","player_choice":"Card Removal","floor":5.0,"gold_loss":0.0,"damage_taken":7.0},{"damage_healed":0.0,"max_hp_gain":0.0,"max_hp_loss":0.0,"gold_gain":0.0,"event_name":"Accursed Blacksmith","player_choice":"Forge","floor":12.0,"gold_loss":0.0,"damage_taken":0.0,"cards_upgraded":["Poisoned Stab"]},{"damage_healed":0.0,"max_hp_gain":0.0,"max_hp_loss":0.0,"gold_gain":100.0,"event_name":"Golden Shrine","player_choice":"Pray","floor":14.0,"gold_loss":0.0,"damage_taken":0.0},{"damage_healed":0,"gold_gain":0,"player_choice":"2 cards matched","damage_taken":0,"max_hp_gain":0,"max_hp_loss":0,"event_name":"Match and Keep!","floor":28,"gold_loss":0,"cards_obtained":["Acrobatics","Neutralize"]},{"damage_healed":0,"gold_gain":0,"player_choice":"Fight","damage_taken":0,"max_hp_gain":0,"max_hp_loss":0,"event_name":"MindBloom","floor":37,"gold_loss":0},{"damage_healed":0,"gold_gain":0,"player_choice":"Ignored","damage_taken":0,"max_hp_gain":0,"max_hp_loss":0,"event_name":"Mysterious Sphere","floor":46,"gold_loss":0},{"damage_healed":0,"gold_gain":0,"player_choice":"Paid","damage_taken":0,"relics_obtained":["Red Mask"],"max_hp_gain":0,"max_hp_loss":0,"event_name":"Tomb of Lord Red Mask","floor":48,"gold_loss":78}],"is_beta":false,"boss_relics":[{"not_picked":["Astrolabe","Fusion Hammer"],"picked":"Runic Pyramid"},{"not_picked":["Philosopher\u0027s Stone","Runic Dome"],"picked":"Lizard Tail"}],"items_purged_floors":[7,39],"is_endless":false,"potions_floor_spawned":[1,8,11,13,19,22,23,25,33,37,38],"ascension_level":3}