{"path_per_floor":["M","M","?","$","?","R","M","M","T","?","R","M","M","$","R","B",null,"M","M","$","M","$","R"],"character_chosen":"IRONCLAD","items_purchased":["Blind","Fire Breathing"],"gold_per_floor":[113,126,126,29,104,104,120,137,137,158,158,168,187,112,112,210,210,190,205,29,39,39,39],"floor_reached":24,"campfire_rested":1,"playtime":3652,"current_hp_per_floor":[79,84,84,84,73,73,77,83,97,89,89,90,85,85,85,22,102,85,49,49,19,19,49],"items_purged":["Strike_R","Defend_R"],"gold":39,"play_id":"920d995f-93f6-453c-acb3-e5482dabd2b4","is_prod":false,"is_daily":false,"is_ascension_mode":false,"campfire_upgraded":3,"path_taken":["M","M","?","$","?","R","M","M","T","?","R","M","M","$","R","BOSS","M","M","$","M","$","R","M"],"build_version":"2018-02-01-PROD3","purchased_purges":3,"victory":false,"master_deck":["Strike_R","Strike_R","Strike_R","Strike_R","Defend_R","Defend_R","Defend_R","Bash","Dual Wield","Iron Wave+1","Blind+1","Anger+1","Flex","Anger+1","Barricade","Cleave","Fire Breathing","Headbutt"],"max_hp_per_floor":[88,88,88,88,88,88,88,88,102,102,102,102,102,102,102,102,102,102,102,102,102,102,102],"relics":["Burning Blood","Mango","Odd Mushroom","White Beast Statue"],"card_choices":[{"not_picked":["Iron Wave","Havoc"],"picked":"Dual Wield"},{"not_picked":["Whirlwind","Sentinel"],"picked":"Iron Wave"},{"not_picked":["Dropkick","Sword Boomerang"],"picked":"Anger"},{"not_picked":["Havoc","Inflame"],"picked":"Flex"},{"not_picked":["Evolve","Twin Strike"],"picked":"Anger"},{"not_picked":["Brutality","Exhume"],"picked":"Barricade"},{"not_picked":["Spot Weakness","Iron Wave"],"picked":"Cleave"},{"not_picked":["Clash","Reckless Charge"],"picked":"Headbutt"}],"player_experience":199840,"potions_floor_usage":[10,10,10,16,18,19,21,24],"damage_taken":[{"damage":15,"enemies":"Jaw Worm","floor":1,"turns":4},{"damage":1,"enemies":"2 Louse","floor":2,"turns":4},{"damage":2,"enemies":"Small Slimes","floor":7,"turns":4},{"damage":0,"enemies":"2 Fungi Beasts","floor":8,"turns":3},{"damage":14,"enemies":"The Mushroom Lair","floor":10,"turns":3},{"damage":5,"enemies":"Looter","floor":12,"turns":3},{"damage":11,"enemies":"Large Slime","floor":13,"turns":5},{"damage":69,"enemies":"The Guardian","floor":16,"turns":14},{"damage":23,"enemies":"2 Thieves","floor":18,"turns":4},{"damage":42,"enemies":"Spheric Guardian","floor":19,"turns":7},{"damage":36,"enemies":"Snake Plant","floor":21,"turns":5},{"damage":50,"enemies":"Sentry and Sphere","floor":24,"turns":5}],"event_choices":[{"event_name":"Living Wall","player_choice":"Grow","floor":3,"damage_taken":0},{"event_name":"World of Goop","player_choice":"Gather Gold","floor":5,"damage_taken":0},{"event_name":"Mushrooms","player_choice":"Fought Mushrooms","floor":10,"damage_taken":0}],"boss_relics":[{"not_picked":["Runic Pyramid","Cursed Key"],"picked":"White Beast Statue"}],"potions_floor_spawned":[1,7,8,12,16,18,19,21],"seed_played":"-5934746954906817654","killed_by":"Sentry and Sphere","ascension_level":0,"is_trial":false}