{"gold_per_floor":[112,112,112,112,112,112,127,138,138,148,148,148,166,176,176,176],"floor_reached":16,"playtime":826,"items_purged":[],"score":92,"play_id":"bc17adb7-154a-4a23-b9f2-a588bfab8d41","local_time":"20190812115842","is_ascension_mode":false,"campfire_choices":[{"floor":6,"key":"DIG"},{"floor":11,"key":"DIG"},{"floor":15,"key":"DIG"}],"neow_cost":"NONE","seed_source_timestamp":1100481173707151,"circlet_count":0,"master_deck":["Strike_G","Strike_G","Strike_G","Strike_G","Strike_G","Defend_G","Defend_G","Defend_G","Defend_G","Survivor","Neutralize","Dodge and Roll","PiercingWail","Crippling Poison","Catalyst","Endless Agony","Accuracy"],"relics":["Ring of the Snake","Dream Catcher","Shovel","Tingsha","Ninja Scroll","Sundial","Juzu Bracelet","Pen Nib"],"potions_floor_usage":[16],"damage_taken":[{"damage":0,"enemies":"Small Slimes","floor":1,"turns":3},{"damage":0,"enemies":"Jaw Worm","floor":7,"turns":3},{"damage":0,"enemies":"2 Louse","floor":8,"turns":2},{"damage":0,"enemies":"Exordium Wildlife","floor":10,"turns":4},{"damage":0,"enemies":"Looter","floor":13,"turns":3},{"damage":6,"enemies":"Large Slime","floor":14,"turns":7},{"damage":59,"enemies":"Slime Boss","floor":16,"turns":15}],"seed_played":"922187485467444006","potions_obtained":[{"floor":10,"key":"Dexterity Potion"}],"is_trial":false,"path_per_floor":["M","?","?","$","T","R","M","M","T","M","R","?","M","M","R","B"],"character_chosen":"THE_SILENT","items_purchased":[],"campfire_rested":0,"item_purchase_floors":[],"current_hp_per_floor":[70,63,60,60,60,60,60,60,60,60,60,60,60,54,54,0],"gold":176,"neow_bonus":"RANDOM_COMMON_RELIC","is_prod":false,"is_daily":false,"chose_seed":false,"campfire_upgraded":0,"win_rate":0.0,"timestamp":1565629122,"path_taken":["M","?","?","$","?","R","M","M","T","M","R","?","M","M","R","BOSS"],"build_version":"2019-07-17","purchased_purges":0,"victory":false,"max_hp_per_floor":[70,70,70,70,70,70,70,70,70,70,70,70,70,70,70,70],"card_choices":[{"not_picked":["Acrobatics","Underhanded Strike"],"picked":"Dodge and Roll","floor":1},{"not_picked":["Deadly Poison","Blade Dance"],"picked":"PiercingWail","floor":7},{"not_picked":["Infinite Blades","Dagger Spray"],"picked":"Crippling Poison","floor":8},{"not_picked":["Flechettes","Deflect"],"picked":"Catalyst","floor":10},{"not_picked":["Deadly Poison","Terror"],"picked":"Endless Agony","floor":13},{"not_picked":["Underhanded Strike","Blade Dance"],"picked":"Accuracy","floor":14}],"player_experience":154924,"relics_obtained":[{"floor":5,"key":"Tingsha"},{"floor":6,"key":"Ninja Scroll"},{"floor":9,"key":"Sundial"},{"floor":11,"key":"Juzu Bracelet"},{"floor":15,"key":"Pen Nib"}],"event_choices":[{"cards_removed":["Defend_G"],"damage_healed":0,"gold_gain":0,"player_choice":"Card Removal","damage_taken":7,"max_hp_gain":0,"max_hp_loss":0,"event_name":"Golden Wing","floor":2,"gold_loss":0},{"damage_healed":0,"gold_gain":0,"player_choice":"Success","damage_taken":3,"relics_obtained":["Shovel"],"max_hp_gain":0,"max_hp_loss":0,"event_name":"Scrap Ooze","floor":3,"gold_loss":0},{"damage_healed":0,"gold_gain":0,"player_choice":"Leave","damage_taken":0,"max_hp_gain":0,"max_hp_loss":0,"event_name":"The Cleric","floor":12,"gold_loss":0}],"is_beta":false,"boss_relics":[],"items_purged_floors":[],"is_endless":false,"potions_floor_spawned":[10],"killed_by":"Slime Boss","ascension_level":0}