{"gold_per_floor":[214,489,504,522,522,522,538,553,604,604,604,620,246,246,246,348,348,359,359,359,45,56,56,56,56,56,74,108,118,118,128,128,128],"floor_reached":33,"playtime":4863,"items_purged":["Regret"],"score":308,"play_id":"32e46c24-99ac-40dc-bbc7-0c1b7cf992ee","local_time":"20190427184848","is_ascension_mode":true,"campfire_choices":[{"data":"Defragment","floor":6.0,"key":"SMITH"},{"floor":11.0,"key":"REST"},{"floor":15.0,"key":"REST"},{"data":"Zap","floor":23.0,"key":"SMITH"},{"floor":25.0,"key":"REST"},{"floor":30,"key":"REST"},{"floor":32,"key":"REST"}],"neow_cost":"NONE","seed_source_timestamp":0,"circlet_count":0,"master_deck":["Strike_B","Strike_B","Strike_B","Defend_B","Defend_B","Zap+1","Dualcast","Defragment+1","Redo","Leap","Ball Lightning","Reboot","Cold Snap","Panache","Loop","Sweeping Beam","Biased Cognition","Go for the Eyes+1","Blizzard","Coolheaded","White Noise","Seek"],"special_seed":0,"relics":["Cracked Core","Vajra","Empty Cage","Thread and Needle","Nilry\u0027s Codex","Question Card","Dodecahedron"],"potions_floor_usage":[31],"damage_taken":[{"damage":4.0,"enemies":"2 Louse","floor":1.0,"turns":2.0},{"damage":3.0,"enemies":"Cultist","floor":3.0,"turns":3.0},{"damage":7.0,"enemies":"Jaw Worm","floor":4.0,"turns":5.0},{"damage":24.0,"enemies":"Lots of Slimes","floor":7.0,"turns":5.0},{"damage":48.0,"enemies":"Gremlin Gang","floor":8.0,"turns":4.0},{"damage":12.0,"enemies":"3 Louse","floor":12.0,"turns":4.0},{"damage":8.0,"enemies":"The Guardian","floor":16.0,"turns":12.0},{"damage":2.0,"enemies":"Spheric Guardian","floor":18.0,"turns":6.0},{"damage":12.0,"enemies":"Shell Parasite","floor":22.0,"turns":6.0},{"damage":20.0,"enemies":"Centurion and Healer","floor":27.0,"turns":4.0},{"damage":26.0,"enemies":"Slavers","floor":28.0,"turns":4.0},{"damage":8.0,"enemies":"Chosen and Byrds","floor":29.0,"turns":5.0},{"damage":21,"enemies":"Shelled Parasite and Fungi","floor":31,"turns":5},{"damage":56,"enemies":"Collector","floor":33,"turns":5}],"seed_played":"-3526735464737910951","potions_obtained":[{"floor":4.0,"key":"Regen Potion"},{"floor":8.0,"key":"Ancient Potion"},{"floor":12.0,"key":"GamblersBrew"},{"floor":22.0,"key":"Poison Potion"},{"floor":27.0,"key":"EntropicBrew"}],"is_trial":false,"path_per_floor":["M","?","M","M","?","R","M","M","T","?","R","M","$","?","R","B",null,"M","?","?","$","M","R","?","R","T","M","E","M","R","M","R","B"],"character_chosen":"DEFECT","items_purchased":["Panache","Loop","Sweeping Beam","Thread and Needle"],"campfire_rested":5,"item_purchase_floors":[13,13,13,21],"current_hp_per_floor":[71,71,68,61,61,61,51,3,3,3,25,13,13,13,35,27,75,73,73,73,73,61,61,45,67,67,47,21,13,35,14,36,0],"gold":128,"neow_bonus":"HUNDRED_GOLD","is_prod":false,"is_daily":false,"chose_seed":false,"campfire_upgraded":2,"win_rate":0,"timestamp":1556362128,"path_taken":["M","?","?","M","?","R","?","?","T","?","R","M","$","?","R","BOSS","M","?","?","$","M","R","?","R","T","M","E","?","R","M","R","BOSS"],"build_version":"2019-01-23","purchased_purges":1,"victory":false,"max_hp_per_floor":[75,75,75,75,75,75,75,75,75,75,75,75,75,75,75,75,75,75,75,75,75,75,75,75,75,75,75,75,75,75,75,75,75],"card_choices":[{"not_picked":["Rebound","Steam Power","Streamline"],"picked":"SKIP","floor":1.0},{"not_picked":["Stack","Beam Cell"],"picked":"Defragment","floor":3.0},{"not_picked":["Sweeping Beam","Gash"],"picked":"Redo","floor":4.0},{"not_picked":["Static Discharge","Streamline"],"picked":"Ball Lightning","floor":7.0},{"not_picked":["Gash","Streamline"],"picked":"Reboot","floor":8.0},{"not_picked":["Genetic Algorithm","Chaos"],"picked":"Cold Snap","floor":12.0},{"not_picked":["Amplify","Meteor Strike"],"picked":"Biased Cognition","floor":16.0},{"not_picked":["Static Discharge","Beam Cell+1"],"picked":"Go for the Eyes+1","floor":18.0},{"not_picked":["Streamline","Steam","Steam Power"],"picked":"SKIP","floor":22.0},{"not_picked":["Rebound+1","Gash+1","Conserve Battery+1"],"picked":"Coolheaded","floor":27.0},{"not_picked":["Streamline","Compile Driver","Beam Cell","Steam"],"picked":"SKIP","floor":28.0},{"not_picked":["Rip and Tear","Skim","Scrape"],"picked":"White Noise","floor":29},{"not_picked":["Redo+1","Turbo+1","Rebound+1"],"picked":"Seek","floor":31}],"player_experience":1031774,"relics_obtained":[{"floor":9.0,"key":"Vajra"},{"floor":24.0,"key":"Nilry\u0027s Codex"},{"floor":26.0,"key":"Question Card"},{"floor":28.0,"key":"Dodecahedron"}],"event_choices":[{"damage_healed":0.0,"max_hp_gain":0.0,"max_hp_loss":0.0,"gold_gain":275.0,"event_name":"Golden Shrine","player_choice":"Desecrate","floor":2.0,"gold_loss":0.0,"damage_taken":0.0,"cards_obtained":["Regret"]},{"damage_healed":0.0,"max_hp_gain":0.0,"max_hp_loss":0.0,"gold_gain":0.0,"cards_transformed":["Strike_B"],"event_name":"Transmorgrifier","player_choice":"Transformed","floor":5.0,"gold_loss":0.0,"damage_taken":0.0,"cards_obtained":["Leap"]},{"damage_healed":0.0,"max_hp_gain":0.0,"max_hp_loss":0.0,"gold_gain":0.0,"event_name":"Golden Wing","player_choice":"Ignored","floor":10.0,"gold_loss":0.0,"damage_taken":0.0},{"damage_healed":0.0,"max_hp_gain":0.0,"max_hp_loss":0.0,"gold_gain":0.0,"event_name":"Shining Light","player_choice":"Ignored","floor":14.0,"gold_loss":0.0,"damage_taken":0.0},{"damage_healed":0.0,"max_hp_gain":0.0,"max_hp_loss":0.0,"gold_gain":0.0,"event_name":"Vampires","player_choice":"Ignored","floor":19.0,"gold_loss":0.0,"damage_taken":0.0},{"damage_healed":0.0,"max_hp_gain":0.0,"max_hp_loss":0.0,"gold_gain":0.0,"event_name":"The Library","player_choice":"Read","floor":20.0,"gold_loss":0.0,"damage_taken":0.0,"cards_obtained":["Blizzard"]},{"damage_healed":0.0,"max_hp_gain":0.0,"max_hp_loss":0.0,"gold_gain":0.0,"event_name":"Cursed Tome","player_choice":"Obtained Book","floor":24.0,"gold_loss":0.0,"damage_taken":16.0}],"is_beta":false,"boss_relics":[{"not_picked":["Ectoplasm","Runic Pyramid"],"picked":"Empty Cage"}],"items_purged_floors":[13],"is_endless":false,"potions_floor_spawned":[4,8,12,22,27],"killed_by":"Collector","ascension_level":4}