{"gold_per_floor":[117,137,212,212,231,262,262,285,338,338,362,25,46,62,62,62],"floor_reached":16,"playtime":740,"items_purged":["Strike_R"],"score":104,"play_id":"dbaabe00-9b78-43fa-b8bf-1d1c9b165bfb","local_time":"20190912203426","is_ascension_mode":false,"campfire_choices":[{"floor":7,"key":"REST"},{"floor":10,"key":"REST"},{"floor":15,"key":"REST"}],"neow_cost":"NONE","seed_source_timestamp":728049577693,"circlet_count":0,"master_deck":["Strike_R","Strike_R","Strike_R","Strike_R","Defend_R","Defend_R","Defend_R","Defend_R","Bash","Bloodletting","Disarm","Injury","Infernal Blade","Cleave","Clothesline","Transmutation","Rupture","Body Slam"],"relics":["Burning Blood","Golden Idol","Lantern","Tiny Chest"],"potions_floor_usage":[11,16],"damage_taken":[{"damage":3,"enemies":"Small Slimes","floor":1,"turns":3},{"damage":6,"enemies":"Jaw Worm","floor":2,"turns":3},{"damage":9,"enemies":"2 Louse","floor":5,"turns":4},{"damage":65,"enemies":"3 Sentries","floor":6,"turns":14},{"damage":6,"enemies":"Red Slaver","floor":8,"turns":3},{"damage":11,"enemies":"Large Slime","floor":11,"turns":4},{"damage":28,"enemies":"Exordium Thugs","floor":13,"turns":6},{"damage":21,"enemies":"Blue Slaver","floor":14,"turns":4},{"damage":62,"enemies":"Slime Boss","floor":16,"turns":8}],"seed_played":"-3856859983121788304","potions_obtained":[{"floor":0,"key":"Strength Potion"},{"floor":0,"key":"FairyPotion"},{"floor":0,"key":"Dexterity Potion"},{"floor":14,"key":"GamblersBrew"}],"is_trial":false,"path_per_floor":["M","M","?","?","M","E","R","M","T","R","M","$","M","M","R","B"],"character_chosen":"IRONCLAD","items_purchased":["Transmutation","Rupture"],"campfire_rested":3,"item_purchase_floors":[12,12],"current_hp_per_floor":[80,80,69,69,66,7,31,31,31,55,50,50,28,13,37,0],"gold":62,"neow_bonus":"THREE_SMALL_POTIONS","is_prod":false,"is_daily":false,"chose_seed":false,"campfire_upgraded":0,"win_rate":0,"timestamp":1568291666,"path_taken":["M","M","?","?","M","E","R","M","T","R","M","$","M","M","R","BOSS"],"build_version":"2019-07-17","purchased_purges":1,"victory":false,"max_hp_per_floor":[80,80,80,80,80,80,80,80,80,80,80,80,80,80,80,80],"card_choices":[{"not_picked":["Intimidate","Thunderclap"],"picked":"Bloodletting","floor":1},{"not_picked":["Sword Boomerang","Warcry"],"picked":"Disarm","floor":2},{"not_picked":["Thunderclap","Headbutt"],"picked":"Infernal Blade","floor":5},{"not_picked":["Limit Break","Havoc"],"picked":"Cleave","floor":6},{"not_picked":["Body Slam","Wild Strike"],"picked":"Clothesline","floor":8},{"not_picked":["Clothesline","Clash","Cleave"],"picked":"SKIP","floor":11},{"not_picked":["Rupture","Combust","Clothesline"],"picked":"SKIP","floor":13},{"not_picked":["Havoc","Warcry"],"picked":"Body Slam","floor":14}],"player_experience":353508,"relics_obtained":[{"floor":6,"key":"Lantern"},{"floor":9,"key":"Tiny Chest"}],"event_choices":[{"damage_healed":0,"gold_gain":75,"player_choice":"Gather Gold","damage_taken":11,"max_hp_gain":0,"max_hp_loss":0,"event_name":"World of Goop","floor":3,"gold_loss":0},{"damage_healed":0,"gold_gain":0,"player_choice":"Take Wound","damage_taken":0,"relics_obtained":["Golden Idol"],"max_hp_gain":0,"max_hp_loss":0,"event_name":"Golden Idol","floor":4,"gold_loss":0,"cards_obtained":["Injury"]}],"is_beta":false,"boss_relics":[],"items_purged_floors":[12],"is_endless":false,"potions_floor_spawned":[5,8,14],"killed_by":"Slime Boss","ascension_level":0}