{"gold_per_floor":[118,118,118,132,2,32,32,107,107,107,123,142,142,26,26,100,100,112,70,70,85,10,10,10],"floor_reached":24,"playtime":881,"items_purged":["Pain"],"score":447,"play_id":"2f08e90b-c2d6-482e-b3c1-f0ece9fc3913","local_time":"20190905141352","is_ascension_mode":true,"campfire_choices":[{"data":"Tempest","floor":7.0,"key":"SMITH"},{"data":"Defragment","floor":15.0,"key":"SMITH"},{"floor":23,"key":"REST"}],"neow_cost":"NONE","seed_source_timestamp":66612476309499,"circlet_count":0,"master_deck":["AscendersBane","Strike_B","Defend_B","Defend_B","Defend_B+1","Defend_B","Zap+1","Tempest+1","Self Repair","Cold Snap","Melter","Capacitor","Defragment+1","Coolheaded","Echo Form","Capacitor+1","Self Repair+1","Go for the Eyes+1","Turbo","Conserve Battery","Glacier"],"special_seed":0,"relics":["Cracked Core","NeowsBlessing","WarpedTongs","War Paint","Boot","Astrolabe","Orichalcum"],"potions_floor_usage":[19],"damage_taken":[{"damage":0.0,"enemies":"2 Louse","floor":1.0,"turns":1.0},{"damage":0.0,"enemies":"Jaw Worm","floor":4.0,"turns":1.0},{"damage":0.0,"enemies":"3 Sentries","floor":6.0,"turns":1.0},{"damage":0.0,"enemies":"Gremlin Nob","floor":10.0,"turns":1.0},{"damage":0.0,"enemies":"Cultist","floor":11.0,"turns":2.0},{"damage":1.0,"enemies":"Blue Slaver","floor":12.0,"turns":3.0},{"damage":5.0,"enemies":"Slime Boss","floor":16.0,"turns":9.0},{"damage":26.0,"enemies":"3 Byrds","floor":18.0,"turns":5.0},{"damage":25,"enemies":"2 Thieves","floor":19,"turns":5},{"damage":50,"enemies":"Shelled Parasite and Fungi","floor":21,"turns":8},{"damage":49,"enemies":"Gremlin Leader","floor":24,"turns":2}],"seed_played":"-5414352466268549721","potions_obtained":[{"floor":1.0,"key":"SmokeBomb"},{"floor":6.0,"key":"AttackPotion"},{"floor":12.0,"key":"Ancient Potion"},{"floor":16.0,"key":"Fire Potion"},{"floor":18.0,"key":"SpeedPotion"},{"floor":21,"key":"Ancient Potion"}],"is_trial":false,"path_per_floor":["M","?","?","M","$","E","R","?","T","E","M","M","?","$","R","B",null,"M","M","?","M","?","R","E"],"character_chosen":"DEFECT","items_purchased":["Cold Snap","Defragment","Coolheaded"],"campfire_rested":1,"item_purchase_floors":[5,14,14],"current_hp_per_floor":[64,64,64,64,64,64,64,53,53,63,63,71,71,71,71,71,71,65,57,57,24,24,45,0],"gold":10,"neow_bonus":"THREE_ENEMY_KILL","is_prod":false,"is_daily":false,"chose_seed":false,"campfire_upgraded":2,"win_rate":0,"timestamp":1567718032,"path_taken":["M","?","?","?","$","E","R","?","T","E","M","M","?","$","R","BOSS","M","M","?","M","?","R","E"],"build_version":"2019-07-17","purchased_purges":1,"victory":false,"max_hp_per_floor":[71,71,71,71,71,71,71,71,71,71,71,71,71,71,71,71,71,71,71,71,71,71,71,71],"card_choices":[{"not_picked":["Hello World","Go for the Eyes"],"picked":"Tempest","floor":1.0},{"not_picked":["Go for the Eyes","Scrape"],"picked":"Self Repair","floor":4.0},{"not_picked":["Lockon","Skim"],"picked":"Melter","floor":6.0},{"not_picked":["Leap","Scrape","Melter"],"picked":"SKIP","floor":11.0},{"not_picked":["Chaos","Undo"],"picked":"Capacitor","floor":12.0},{"not_picked":["Rainbow","Core Surge"],"picked":"Echo Form","floor":16.0},{"not_picked":["Rip and Tear","Beam Cell"],"picked":"Turbo","floor":18.0},{"not_picked":["Genetic Algorithm","Sweeping Beam"],"picked":"Conserve Battery","floor":19},{"not_picked":["Capacitor+1","Redo"],"picked":"Glacier","floor":21}],"player_experience":825682,"relics_obtained":[{"floor":6.0,"key":"War Paint"},{"floor":9.0,"key":"Boot"}],"event_choices":[{"damage_healed":0.0,"max_hp_gain":0.0,"max_hp_loss":0.0,"gold_gain":0.0,"event_name":"The Cleric","player_choice":"Leave","floor":2.0,"gold_loss":0.0,"damage_taken":0.0},{"damage_healed":0.0,"max_hp_gain":0.0,"max_hp_loss":0.0,"gold_gain":0.0,"event_name":"Accursed Blacksmith","player_choice":"Rummage","floor":3.0,"gold_loss":0.0,"damage_taken":0.0,"relics_obtained":["WarpedTongs"],"cards_obtained":["Pain"]},{"damage_healed":0.0,"max_hp_gain":0.0,"max_hp_loss":0.0,"gold_gain":75.0,"event_name":"World of Goop","player_choice":"Gather Gold","floor":8.0,"gold_loss":0.0,"damage_taken":11.0},{"cards_removed":["Dualcast"],"damage_healed":0.0,"max_hp_gain":0.0,"max_hp_loss":0.0,"gold_gain":0.0,"event_name":"Bonfire Elementals","player_choice":"Offered Basic","floor":13.0,"gold_loss":0.0,"damage_taken":0.0},{"damage_healed":0,"gold_gain":0,"player_choice":"Opened","damage_taken":0,"relics_obtained":["Orichalcum"],"max_hp_gain":0,"max_hp_loss":0,"event_name":"The Mausoleum","floor":20,"gold_loss":0,"cards_obtained":["Writhe"]},{"cards_removed":["Writhe"],"damage_healed":0,"gold_gain":0,"player_choice":"Gave Gold","damage_taken":0,"max_hp_gain":0,"max_hp_loss":0,"event_name":"Beggar","floor":22,"gold_loss":75}],"is_beta":false,"boss_relics":[{"not_picked":["White Beast Statue","Pandora\u0027s Box"],"picked":"Astrolabe"}],"items_purged_floors":[5],"is_endless":false,"potions_floor_spawned":[1,6,12,16,18,21],"killed_by":"Gremlin Leader","ascension_level":19}