{"gold_per_floor":[119,138,138,138,157,157,189,36,104,137,169,181,72,83,83,186,186,205,205,14,14,29,29,61,74,74,102,115,134,134,149,149,247,247,263,263,283,11,22,22,34,68,68,88,98,45,45,75,75,75],"floor_reached":51,"playtime":1684,"items_purged":["Defend_R","Strike_R","Strike_R"],"score":846,"play_id":"17c7d4e8-2b4e-46da-acb9-78d6fae5e827","local_time":"20180817215745","is_ascension_mode":true,"campfire_choices":[{"data":"Flex","floor":6.0,"key":"SMITH"},{"data":"Anger","floor":12.0,"key":"SMITH"},{"data":"Flex","floor":15.0,"key":"SMITH"},{"data":"Bludgeon","floor":23.0,"key":"SMITH"},{"data":"Clash","floor":30.0,"key":"SMITH"},{"data":"Battle Trance","floor":32.0,"key":"SMITH"},{"floor":40.0,"key":"REST"},{"floor":47,"key":"REST"},{"floor":49,"key":"REST"}],"neow_cost":"NONE","seed_source_timestamp":250052661912010,"circlet_count":0,"master_deck":["Strike_R","Strike_R","Strike_R","Defend_R","Defend_R","Bash+1","Clash+1","Battle Trance+1","Flex+1","Anger+1","Clash+1","Flex+1","Bludgeon+1","Dramatic Entrance","Pommel Strike+1","Clash+1","Impervious","Madness","Madness","Flex+1","Heavy Blade+1","Feed","Heavy Blade"],"special_seed":0,"relics":["Burning Blood","Ancient Tea Set","Orichalcum","Letter Opener","MawBank","Sozu","Red Skull","Singing Bowl","Self Forming Clay","Fusion Hammer","Pen Nib","Vajra","Dodecahedron","Regal Pillow"],"potions_floor_usage":[],"damage_taken":[{"damage":0.0,"enemies":"Small Slimes","floor":1.0,"turns":3.0},{"damage":0.0,"enemies":"Cultist","floor":2.0,"turns":2.0},{"damage":6.0,"enemies":"Jaw Worm","floor":5.0,"turns":3.0},{"damage":16.0,"enemies":"Lagavulin","floor":7.0,"turns":5.0},{"damage":14.0,"enemies":"3 Sentries","floor":10.0,"turns":7.0},{"damage":5.0,"enemies":"Looter","floor":11.0,"turns":2.0},{"damage":0.0,"enemies":"Large Slime","floor":14.0,"turns":1.0},{"damage":32.0,"enemies":"Hexaghost","floor":16.0,"turns":4.0},{"damage":0.0,"enemies":"Spheric Guardian","floor":18.0,"turns":2.0},{"damage":5.0,"enemies":"Shell Parasite","floor":22.0,"turns":2.0},{"damage":0.0,"enemies":"Gremlin Leader","floor":24.0,"turns":3.0},{"damage":16.0,"enemies":"Centurion and Healer","floor":25.0,"turns":3.0},{"damage":12.0,"enemies":"Slavers","floor":27.0,"turns":3.0},{"damage":0.0,"enemies":"Snecko","floor":28.0,"turns":2.0},{"damage":16.0,"enemies":"Snake Plant","floor":29.0,"turns":2.0},{"damage":0.0,"enemies":"3 Cultists","floor":31.0,"turns":3.0},{"damage":46.0,"enemies":"Automaton","floor":33.0,"turns":5.0},{"damage":27.0,"enemies":"3 Shapes","floor":35.0,"turns":5.0},{"damage":10.0,"enemies":"Orb Walker","floor":37.0,"turns":3.0},{"damage":7.0,"enemies":"4 Shapes","floor":39.0,"turns":2.0},{"damage":5.0,"enemies":"Flame Bruiser 2 Orb","floor":41.0,"turns":3.0},{"damage":16.0,"enemies":"Nemesis","floor":42.0,"turns":3.0},{"damage":16.0,"enemies":"3 Darklings","floor":44.0,"turns":3.0},{"damage":0,"enemies":"Sphere and 2 Shapes","floor":45,"turns":2},{"damage":17,"enemies":"Giant Head","floor":48,"turns":4},{"damage":78,"enemies":"Donu and Deca","floor":50,"turns":8}],"seed_played":"3246719047194937613","potions_obtained":[{"floor":2.0,"key":"Explosive Potion"},{"floor":3.0,"key":"Poison Potion"},{"floor":3.0,"key":"Explosive Potion"},{"floor":7.0,"key":"Swift Potion"}],"is_trial":false,"path_per_floor":["M","M","?","?","M","R","E","$","T","E","M","R","$","M","R","B",null,"M","?","$","?","M","R","E","M","T","E","M","M","R","M","R","B",null,"M","?","M","$","M","R","M","E","T","M","M","$","R","E","R","B"],"character_chosen":"IRONCLAD","items_purchased":["Orichalcum","Flex","Dramatic Entrance","Pen Nib","Heavy Blade"],"campfire_rested":3,"item_purchase_floors":[8,13,20,38,46],"current_hp_per_floor":[80,80,80,80,80,80,70,70,70,62,63,63,63,69,69,43,80,80,80,80,80,80,80,80,70,70,66,72,64,64,72,72,32,86,67,56,52,52,51,77,80,72,72,62,73,73,97,91,102,30],"gold":75,"neow_bonus":"UPGRADE_CARD","is_prod":false,"is_daily":false,"chose_seed":false,"campfire_upgraded":6,"win_rate":0,"timestamp":1534557465,"path_taken":["M","M","?","?","?","R","E","?","T","E","?","R","$","M","R","BOSS","M","?","$","?","M","R","E","M","T","E","M","?","R","M","R","BOSS","M","?","M","$","M","R","M","E","T","M","?","$","R","E","R","BOSS"],"build_version":"2018-08-16","purchased_purges":3,"victory":true,"max_hp_per_floor":[80,80,80,80,80,80,80,80,80,80,80,80,80,80,80,80,80,80,80,80,80,80,80,80,80,80,82,82,84,84,86,86,86,86,88,88,88,88,88,88,90,92,92,92,97,97,97,102,102,102],"card_choices":[{"not_picked":["Pommel Strike","Seeing Red"],"picked":"Clash","floor":1.0},{"not_picked":["Inflame","Blood for Blood"],"picked":"Battle Trance","floor":2.0},{"not_picked":["True Grit","Rage"],"picked":"Flex","floor":5.0},{"not_picked":["Twin Strike","Searing Blow"],"picked":"Anger","floor":7.0},{"not_picked":["Havoc","Rage"],"picked":"Clash","floor":10.0},{"not_picked":["Dual Wield","Combust","Perfected Strike"],"picked":"SKIP","floor":11.0},{"not_picked":["Armaments","Sword Boomerang","Feel No Pain"],"picked":"SKIP","floor":14.0},{"not_picked":["Demon Form","Fiend Fire"],"picked":"Bludgeon","floor":16.0},{"not_picked":["Body Slam+1","Ghostly Armor","Havoc+1"],"picked":"SKIP","floor":18.0},{"not_picked":["Cleave+1","Sword Boomerang+1"],"picked":"Pommel Strike+1","floor":22.0},{"not_picked":["Reckless Charge","Headbutt","Feel No Pain"],"picked":"SKIP","floor":24.0},{"not_picked":["Body Slam","Cleave","Combust"],"picked":"SKIP","floor":25.0},{"not_picked":["Pommel Strike","Reckless Charge","Infernal Blade+1"],"picked":"Singing Bowl","floor":27.0},{"not_picked":["Feel No Pain","Intimidate"],"picked":"Clash+1","floor":28.0},{"not_picked":["Rage","Havoc","Feel No Pain+1"],"picked":"Singing Bowl","floor":29.0},{"not_picked":["Havoc","Pommel Strike","Armaments"],"picked":"Singing Bowl","floor":31.0},{"not_picked":["Limit Break","Offering"],"picked":"Impervious","floor":33.0},{"not_picked":["Iron Wave","Headbutt+1","Armaments"],"picked":"Singing Bowl","floor":35.0},{"not_picked":["Iron Wave+1","Combust+1"],"picked":"Flex+1","floor":37.0},{"not_picked":["Wild Strike+1","Iron Wave"],"picked":"Heavy Blade+1","floor":39.0},{"not_picked":["Rampage+1","Iron Wave+1","Intimidate+1"],"picked":"Singing Bowl","floor":41.0},{"not_picked":["Whirlwind","Cleave","Flame Barrier"],"picked":"Singing Bowl","floor":42.0},{"not_picked":["Sword Boomerang","Ghostly Armor+1"],"picked":"Feed","floor":44.0},{"not_picked":["Anger","Iron Wave+1","Headbutt"],"picked":"Singing Bowl","floor":45},{"not_picked":["Armaments+1","Body Slam+1","Warcry"],"picked":"Singing Bowl","floor":48}],"player_experience":150105,"relics_obtained":[{"floor":7.0,"key":"Ancient Tea Set"},{"floor":9.0,"key":"Letter Opener"},{"floor":10.0,"key":"MawBank"},{"floor":24.0,"key":"Red Skull"},{"floor":26.0,"key":"Singing Bowl"},{"floor":27.0,"key":"Self Forming Clay"},{"floor":42.0,"key":"Vajra"},{"floor":43.0,"key":"Dodecahedron"},{"floor":48,"key":"Regal Pillow"}],"event_choices":[{"event_name":"The Lab","player_choice":"Got Potions","floor":3.0,"damage_taken":0.0},{"event_name":"Living Wall","player_choice":"Grow","floor":4.0,"damage_taken":0.0},{"event_name":"Back to Basics","player_choice":"Elegance","floor":19.0,"damage_taken":0.0},{"event_name":"Vampires","player_choice":"Ignored","floor":21.0,"damage_taken":0.0},{"event_name":"Winding Halls","player_choice":"Embrace Madness","floor":36.0,"damage_taken":0.0}],"is_beta":false,"boss_relics":[{"not_picked":["White Beast Statue","Astrolabe"],"picked":"Sozu"},{"not_picked":["Mark of Pain","Runic Dome"],"picked":"Fusion Hammer"}],"items_purged_floors":[13,20,38],"is_endless":false,"potions_floor_spawned":[2,7,10,16,18,25,27,31,35,39,44],"ascension_level":1}