{"gold_per_floor":[118,134,153,153,168,168,178,178,204,204,204,204,18,18,18,115,115,134,59,79,54,54],"floor_reached":22,"playtime":1866,"items_purged":["Defend_G"],"score":174,"play_id":"8cbd6382-cd10-495e-b723-cfbcf63d356d","local_time":"20180727230434","is_ascension_mode":false,"campfire_choices":[{"data":"Sucker Punch","floor":6,"key":"SMITH"},{"floor":8,"key":"REST"},{"data":"Flying Knee","floor":10,"key":"SMITH"},{"data":"Underhanded Strike","floor":12,"key":"SMITH"},{"data":"All Out Attack","floor":15,"key":"SMITH"}],"neow_cost":"NONE","seed_source_timestamp":186228268110382,"circlet_count":0,"master_deck":["Defend_G","Defend_G","Defend_G","Strike_G","Strike_G","Strike_G","Survivor","Neutralize+1","Sucker Punch+1","Prepared","Flying Knee+1","Underhanded Strike+1","Acrobatics","Terror","Well Laid Plans","All Out Attack+1","Unload","Dagger Spray","Outmaneuver","Underhanded Strike"],"relics":["Ring of the Snake","Blood Vial","Centennial Puzzle","Empty Cage"],"potions_floor_usage":[],"damage_taken":[{"damage":0,"enemies":"Cultist","floor":1,"turns":4},{"damage":8,"enemies":"Jaw Worm","floor":2,"turns":7},{"damage":0,"enemies":"Small Slimes","floor":3,"turns":3},{"damage":20,"enemies":"Exordium Thugs","floor":5,"turns":5},{"damage":7,"enemies":"2 Fungi Beasts","floor":7,"turns":4},{"damage":40,"enemies":"The Guardian","floor":16,"turns":10},{"damage":17,"enemies":"Spheric Guardian","floor":18,"turns":4},{"damage":23,"enemies":"2 Thieves","floor":20,"turns":4},{"damage":40,"enemies":"Sentry and Sphere","floor":22,"turns":5}],"seed_played":"-2603949498966358015","potions_obtained":[{"floor":3,"key":"PowerPotion"},{"floor":5,"key":"AttackPotion"},{"floor":18,"key":"LiquidBronze"}],"is_trial":false,"path_per_floor":["M","M","M","?","M","R","M","R","T","R","?","R","$","?","R","B",null,"M","?","M","$"],"character_chosen":"THE_SILENT","items_purchased":["Well Laid Plans","All Out Attack","Underhanded Strike"],"campfire_rested":1,"item_purchase_floors":[13,13,21],"current_hp_per_floor":[70,62,62,62,42,42,35,56,56,56,56,56,56,56,56,18,70,53,53,32,32,0],"gold":54,"neow_bonus":"THREE_CARDS","is_prod":false,"is_daily":false,"chose_seed":false,"campfire_upgraded":4,"win_rate":0.0,"timestamp":1532747074,"path_taken":["M","?","M","?","M","R","M","R","T","R","?","R","$","?","R","BOSS","M","?","M","$","M"],"build_version":"2018-07-26","purchased_purges":1,"victory":false,"max_hp_per_floor":[70,70,70,70,70,70,70,70,70,70,70,70,70,70,70,70,70,70,70,70,70,70],"card_choices":[{"not_picked":["Deflect","Escape Plan"],"picked":"Sucker Punch","floor":0},{"not_picked":["PiercingWail","Backflip"],"picked":"Prepared","floor":1},{"not_picked":["Escape Plan","Slice"],"picked":"Flying Knee","floor":2},{"not_picked":["Bouncing Flask","Outmaneuver"],"picked":"Underhanded Strike","floor":3},{"not_picked":["Poisoned Stab","Calculated Gamble"],"picked":"Acrobatics","floor":5},{"not_picked":["Backflip","Noxious Fumes"],"picked":"Terror","floor":7},{"not_picked":["Bullet Time","Wraith Form v2"],"picked":"Unload","floor":16},{"not_picked":["Infinite Blades","Deflect"],"picked":"Dagger Spray","floor":18},{"not_picked":["Masterful Stab+1","Flechettes"],"picked":"Outmaneuver","floor":20}],"player_experience":37121,"relics_obtained":[{"floor":9,"key":"Blood Vial"}],"event_choices":[{"event_name":"Golden Idol","player_choice":"Ignored","floor":4,"damage_taken":0},{"event_name":"Living Wall","player_choice":"Grow","floor":11,"damage_taken":0},{"event_name":"WeMeetAgain","player_choice":"Potion","floor":14,"damage_taken":0},{"event_name":"Beggar","player_choice":"Gave Gold","floor":19,"damage_taken":0}],"is_beta":false,"boss_relics":[{"not_picked":["Lizard Tail","Runic Dome"],"picked":"Empty Cage"}],"items_purged_floors":[13],"is_endless":false,"potions_floor_spawned":[3,5,18],"killed_by":"Sentry and Sphere","ascension_level":0}