{"gold_per_floor":[111,125,125,142,152,187,187,206,206,219,219,234,234,268,268,364,364,382,382,382,382,411,411,439,16,16,35,35,46,46,73,73,173,173,187,133,147,369,388,388,139,159,159,172,186,286,286,301,301,301],"floor_reached":50,"playtime":2987,"items_purged":[],"score":544,"play_id":"b2d88567-bcba-474a-9ad3-f8255913d0dc","local_time":"20190718232559","is_ascension_mode":false,"campfire_choices":[{"data":"Dagger Spray","floor":7.0,"key":"SMITH"},{"floor":15.0,"key":"REST"},{"floor":23.0,"key":"RECALL"},{"data":"Footwork","floor":28.0,"key":"SMITH"},{"data":"Bouncing Flask","floor":30.0,"key":"SMITH"},{"floor":32.0,"key":"REST"},{"data":"Burst","floor":40.0,"key":"SMITH"},{"floor":47.0,"key":"REST"},{"floor":49.0,"key":"REST"}],"neow_cost":"NONE","seed_source_timestamp":3022391968391916,"circlet_count":0,"master_deck":["Strike_G","Strike_G","Defend_G","Defend_G","Defend_G","Defend_G","Survivor","Neutralize","Dagger Spray+1","Dagger Throw+1","Prepared","Backstab+1","Bouncing Flask+1","Crippling Poison","Prepared","Corpse Explosion","Quick Slash+1","Heel Hook+1","Backstab+1","Footwork+1","PiercingWail+1","Burst+1","Underhanded Strike+1","Blur+1","Underhanded Strike+1","Leg Sweep+1","Outmaneuver+1","Bane+1","Flying Knee+1"],"special_seed":0,"relics":["Ring of the Snake","Singing Bowl","Snake Skull","Empty Cage","Enchiridion","Red Mask","Molten Egg 2","Lantern","Girya","Bronze Scales","Eternal Feather","HandDrill","Frozen Egg 2","Ginger"],"potions_floor_usage":[50,50],"damage_taken":[{"damage":1.0,"enemies":"Cultist","floor":1.0,"turns":5.0},{"damage":0.0,"enemies":"Small Slimes","floor":2.0,"turns":3.0},{"damage":0.0,"enemies":"2 Louse","floor":4.0,"turns":2.0},{"damage":0.0,"enemies":"Blue Slaver","floor":5.0,"turns":4.0},{"damage":21.0,"enemies":"3 Sentries","floor":6.0,"turns":9.0},{"damage":0.0,"enemies":"Looter","floor":8.0,"turns":3.0},{"damage":1.0,"enemies":"2 Fungi Beasts","floor":10.0,"turns":3.0},{"damage":7.0,"enemies":"Large Slime","floor":12.0,"turns":5.0},{"damage":17.0,"enemies":"Gremlin Nob","floor":14.0,"turns":4.0},{"damage":26.0,"enemies":"Slime Boss","floor":16.0,"turns":8.0},{"damage":12.0,"enemies":"2 Thieves","floor":18.0,"turns":2.0},{"damage":0.0,"enemies":"Masked Bandits","floor":22.0,"turns":2.0},{"damage":8.0,"enemies":"Gremlin Leader","floor":24.0,"turns":6.0},{"damage":11.0,"enemies":"Shell Parasite","floor":27.0,"turns":3.0},{"damage":6.0,"enemies":"Chosen and Byrds","floor":29.0,"turns":4.0},{"damage":22.0,"enemies":"Book of Stabbing","floor":31.0,"turns":5.0},{"damage":45.0,"enemies":"Champ","floor":33.0,"turns":10.0},{"damage":8.0,"enemies":"Orb Walker","floor":35.0,"turns":3.0},{"damage":3.0,"enemies":"3 Shapes","floor":37.0,"turns":6.0},{"damage":2.0,"enemies":"Maw","floor":39.0,"turns":8.0},{"damage":26.0,"enemies":"Transient","floor":42.0,"turns":5.0},{"damage":37.0,"enemies":"Spire Growth","floor":44.0,"turns":7.0},{"damage":12.0,"enemies":"Writhing Mass","floor":45.0,"turns":5.0},{"damage":6.0,"enemies":"Mind Bloom Boss Battle","floor":46.0,"turns":6.0},{"damage":31.0,"enemies":"Sphere and 2 Shapes","floor":48.0,"turns":5.0},{"damage":81,"enemies":"Time Eater","floor":50,"turns":7}],"seed_played":"8310123109157358371","potions_obtained":[{"floor":5.0,"key":"SkillPotion"},{"floor":8.0,"key":"EssenceOfSteel"},{"floor":10.0,"key":"Weak Potion"},{"floor":16.0,"key":"Ancient Potion"},{"floor":18.0,"key":"Regen Potion"},{"floor":27.0,"key":"AttackPotion"},{"floor":31.0,"key":"SneckoOil"},{"floor":37.0,"key":"LiquidBronze"},{"floor":44.0,"key":"AttackPotion"},{"floor":48.0,"key":"Swift Potion"}],"is_trial":false,"path_per_floor":["M","M","?","M","M","E","R","M","T","M","?","M","?","E","R","B",null,"M","?","?","?","?","R","E","$","T","M","R","M","R","E","R","B",null,"M","$","M","?","M","R","$","M","T","M","M","?","R","M","R","B"],"character_chosen":"THE_SILENT","items_purchased":["Footwork","Lantern","Fruit Juice","Fruit Juice","Underhanded Strike+1","HandDrill","Underhanded Strike+1"],"campfire_rested":4,"item_purchase_floors":[25,25,25,25,36,41,41],"current_hp_per_floor":[76,76,76,76,76,55,55,57,57,56,40,33,33,16,39,15,81,69,69,69,53,53,53,60,60,60,61,61,57,57,35,63,18,95,89,89,86,86,86,98,98,72,72,35,25,19,64,33,78,0],"gold":301,"neow_bonus":"TEN_PERCENT_HP_BONUS","is_prod":false,"is_daily":false,"chose_seed":false,"campfire_upgraded":4,"win_rate":0,"timestamp":1563506759,"path_taken":["M","M","?","M","M","E","R","M","T","?","?","M","?","E","R","BOSS","M","?","?","?","?","R","E","$","T","M","R","M","R","E","R","BOSS","M","$","M","?","M","R","$","M","T","M","M","?","R","M","R","BOSS"],"build_version":"2019-07-17","purchased_purges":0,"victory":false,"max_hp_per_floor":[77,77,77,77,77,77,77,79,79,79,79,79,79,79,79,81,81,81,81,81,81,81,81,81,81,81,93,93,95,95,95,95,95,95,97,97,97,97,99,99,99,99,99,99,101,101,101,101,101,101],"card_choices":[{"not_picked":["Blade Dance","Endless Agony"],"picked":"Dagger Spray","floor":1.0},{"not_picked":["Prepared","Backflip"],"picked":"Dagger Throw","floor":2.0},{"not_picked":["Expertise","Eviscerate"],"picked":"Prepared","floor":4.0},{"not_picked":["Acrobatics","Catalyst"],"picked":"Backstab","floor":5.0},{"not_picked":["Prepared","Dagger Throw"],"picked":"Bouncing Flask","floor":6.0},{"not_picked":["All Out Attack","Flechettes","Dagger Throw"],"picked":"Singing Bowl","floor":8.0},{"not_picked":["Bane","Underhanded Strike"],"picked":"Crippling Poison","floor":10.0},{"not_picked":["Predator","Acrobatics"],"picked":"Prepared","floor":12.0},{"not_picked":["Sucker Punch","Masterful Stab"],"picked":"Corpse Explosion","floor":14.0},{"not_picked":["Phantasmal Killer","Grand Finale","Unload"],"picked":"Singing Bowl","floor":16.0},{"not_picked":["Prepared","Slice"],"picked":"Quick Slash+1","floor":18.0},{"not_picked":["Underhanded Strike","Outmaneuver"],"picked":"Heel Hook+1","floor":22.0},{"not_picked":["Expertise","Flying Knee+1"],"picked":"Backstab","floor":24.0},{"not_picked":["Calculated Gamble","Slice+1","Quick Slash+1"],"picked":"Singing Bowl","floor":27.0},{"not_picked":["Escape Plan","Acrobatics","Infinite Blades+1"],"picked":"Singing Bowl","floor":29.0},{"not_picked":["Unload+1","Terror"],"picked":"PiercingWail+1","floor":31.0},{"not_picked":["A Thousand Cuts","Envenom"],"picked":"Burst","floor":33.0},{"not_picked":["Slice+1","Blade Dance+1","Deflect"],"picked":"Singing Bowl","floor":35.0},{"not_picked":["Sucker Punch+1","Underhanded Strike+1"],"picked":"Blur+1","floor":37.0},{"not_picked":["Prepared","Skewer+1","Endless Agony+1"],"picked":"Singing Bowl","floor":39.0},{"not_picked":["Sucker Punch+1","Tools of the Trade"],"picked":"Leg Sweep+1","floor":42.0},{"not_picked":["All Out Attack+1","Quick Slash+1"],"picked":"Outmaneuver+1","floor":44.0},{"not_picked":["Slice+1","Crippling Poison","Flechettes+1"],"picked":"Singing Bowl","floor":45.0},{"not_picked":["Caltrops+1","Underhanded Strike+1"],"picked":"Bane+1","floor":46.0},{"not_picked":["Predator+1","Poisoned Stab+1"],"picked":"Flying Knee+1","floor":48.0}],"player_experience":455993,"relics_obtained":[{"floor":6.0,"key":"Singing Bowl"},{"floor":14.0,"key":"Snake Skull"},{"floor":21.0,"key":"Enchiridion"},{"floor":22.0,"key":"Red Mask"},{"floor":24.0,"key":"Molten Egg 2"},{"floor":26.0,"key":"Girya"},{"floor":31.0,"key":"Bronze Scales"},{"floor":43.0,"key":"Frozen Egg 2"},{"floor":46.0,"key":"Ginger"}],"event_choices":[{"cards_removed":["Strike_G"],"damage_healed":0.0,"max_hp_gain":0.0,"max_hp_loss":0.0,"gold_gain":0.0,"event_name":"Purifier","player_choice":"Purged","floor":3.0,"gold_loss":0.0,"damage_taken":0.0},{"damage_healed":0.0,"max_hp_gain":0.0,"max_hp_loss":0.0,"gold_gain":0.0,"event_name":"Shining Light","player_choice":"Entered Light","floor":11.0,"gold_loss":0.0,"damage_taken":16.0,"cards_upgraded":["Dagger Throw","Backstab"]},{"damage_healed":0.0,"max_hp_gain":0.0,"max_hp_loss":0.0,"gold_gain":0.0,"event_name":"Liars Game","player_choice":"Ignored","floor":13.0,"gold_loss":0.0,"damage_taken":0.0},{"damage_healed":0.0,"max_hp_gain":0.0,"max_hp_loss":0.0,"gold_gain":0.0,"event_name":"Vampires","player_choice":"Ignored","floor":19.0,"gold_loss":0.0,"damage_taken":0.0},{"cards_removed":["Strike_G"],"damage_healed":0.0,"max_hp_gain":0.0,"max_hp_loss":0.0,"gold_gain":0.0,"event_name":"Back to Basics","player_choice":"Elegance","floor":20.0,"gold_loss":0.0,"damage_taken":0.0},{"damage_healed":0.0,"max_hp_gain":0.0,"max_hp_loss":0.0,"gold_gain":0.0,"event_name":"Cursed Tome","player_choice":"Obtained Book","floor":21.0,"gold_loss":0.0,"damage_taken":16.0},{"damage_healed":0.0,"max_hp_gain":0.0,"max_hp_loss":0.0,"gold_gain":0.0,"event_name":"Masked Bandits","player_choice":"Fought Bandits","floor":22.0,"gold_loss":0.0,"damage_taken":0.0},{"damage_healed":0.0,"max_hp_gain":0.0,"max_hp_loss":0.0,"gold_gain":222.0,"event_name":"Tomb of Lord Red Mask","player_choice":"Wore Mask","floor":38.0,"gold_loss":0.0,"damage_taken":0.0},{"damage_healed":0.0,"max_hp_gain":0.0,"max_hp_loss":0.0,"gold_gain":0.0,"event_name":"MindBloom","player_choice":"Fight","floor":46.0,"gold_loss":0.0,"damage_taken":0.0}],"is_beta":false,"boss_relics":[{"not_picked":["Tiny House","Snecko Eye"],"picked":"Empty Cage"},{"not_picked":["Pandora\u0027s Box","Coffee Dripper"],"picked":"Eternal Feather"}],"items_purged_floors":[],"is_endless":false,"potions_floor_spawned":[5,8,10,12,16,18,27,31,37,42,44,48],"killed_by":"Time Eater","ascension_level":0}