{"gold_per_floor":[14,30,47,67,84,116,116,134,207,207,207,222,240,271,271,271],"floor_reached":16,"playtime":882,"items_purged":[],"score":141,"play_id":"118cd18c-8e3b-4a7c-95e9-9d82d0a7eca4","local_time":"20190804112454","is_ascension_mode":false,"campfire_choices":[{"data":"Whirlwind","floor":7.0,"key":"SMITH"},{"data":"Armaments","floor":10.0,"key":"SMITH"},{"data":"Perfected Strike","floor":15.0,"key":"SMITH"}],"neow_cost":"NO_GOLD","seed_source_timestamp":4450178416473985,"circlet_count":0,"master_deck":["Strike_R","Strike_R","Strike_R","Strike_R","Strike_R","Defend_R","Defend_R","Defend_R","Bash","Whirlwind+1","Battle Trance","Perfected Strike","Armaments+1","Seeing Red","Flex","Perfected Strike+1"],"special_seed":0,"relics":["Burning Blood","Blood Vial","Blue Candle"],"potions_floor_usage":[16],"damage_taken":[{"damage":0.0,"enemies":"Small Slimes","floor":1.0,"turns":4.0},{"damage":5.0,"enemies":"Cultist","floor":2.0,"turns":4.0},{"damage":11.0,"enemies":"Jaw Worm","floor":3.0,"turns":6.0},{"damage":16.0,"enemies":"Blue Slaver","floor":4.0,"turns":6.0},{"damage":10.0,"enemies":"2 Fungi Beasts","floor":5.0,"turns":3.0},{"damage":14.0,"enemies":"Gremlin Nob","floor":6.0,"turns":3.0},{"damage":0.0,"enemies":"Looter","floor":8.0,"turns":4.0},{"damage":13.0,"enemies":"Lots of Slimes","floor":12.0,"turns":2.0},{"damage":14.0,"enemies":"Exordium Wildlife","floor":13.0,"turns":3.0},{"damage":18.0,"enemies":"3 Sentries","floor":14.0,"turns":4.0},{"damage":58,"enemies":"Hexaghost","floor":16,"turns":10}],"seed_played":"8314173624307343398","potions_obtained":[{"floor":2.0,"key":"LiquidBronze"},{"floor":3.0,"key":"SteroidPotion"},{"floor":4.0,"key":"Strength Potion"},{"floor":5.0,"key":"AttackPotion"},{"floor":14.0,"key":"SpeedPotion"}],"is_trial":false,"path_per_floor":["M","M","M","M","M","E","R","M","T","R","?","M","M","E","R","B"],"character_chosen":"IRONCLAD","items_purchased":[],"campfire_rested":0,"item_purchase_floors":[],"current_hp_per_floor":[96,96,91,81,77,69,69,77,77,77,77,72,66,56,56,0],"gold":271,"neow_bonus":"TWENTY_PERCENT_HP_BONUS","is_prod":false,"is_daily":false,"chose_seed":false,"campfire_upgraded":3,"win_rate":0,"timestamp":1564932294,"path_taken":["M","M","M","M","M","E","R","M","T","R","?","M","?","E","R","BOSS"],"build_version":"2019-07-17","purchased_purges":0,"victory":false,"max_hp_per_floor":[96,96,96,96,96,96,96,96,96,96,96,96,96,96,96,96],"card_choices":[{"not_picked":["Clothesline","Thunderclap","Hemokinesis"],"picked":"SKIP","floor":1.0},{"not_picked":["Second Wind","Pummel"],"picked":"Whirlwind","floor":2.0},{"not_picked":["Anger","Whirlwind"],"picked":"Battle Trance","floor":3.0},{"not_picked":["Heavy Blade","Dual Wield","Sentinel"],"picked":"SKIP","floor":4.0},{"not_picked":["Fire Breathing","Infernal Blade","Twin Strike"],"picked":"SKIP","floor":5.0},{"not_picked":["Iron Wave","Rage"],"picked":"Perfected Strike","floor":6.0},{"not_picked":["Dual Wield","Anger"],"picked":"Armaments","floor":8.0},{"not_picked":["Twin Strike","Iron Wave"],"picked":"Seeing Red","floor":12.0},{"not_picked":["Sword Boomerang","Twin Strike"],"picked":"Flex","floor":13.0},{"not_picked":["Carnage","Fiend Fire"],"picked":"Perfected Strike","floor":14.0}],"player_experience":506885,"relics_obtained":[{"floor":6.0,"key":"Blood Vial"},{"floor":14.0,"key":"Blue Candle"}],"event_choices":[{"cards_removed":["Defend_R"],"damage_healed":0.0,"max_hp_gain":0.0,"max_hp_loss":0.0,"gold_gain":0.0,"event_name":"Purifier","player_choice":"Purged","floor":11.0,"gold_loss":0.0,"damage_taken":0.0}],"is_beta":false,"boss_relics":[],"items_purged_floors":[],"is_endless":false,"potions_floor_spawned":[2,3,4,5,14],"killed_by":"Hexaghost","ascension_level":0}