{"gold_per_floor":[118,118,118,118,137,181,194,229,229,229,229,252,292,193,193,312,312,331,344,360,360,374,414,414,428,428,452,452,472,72,72,72,196,196,217,217,217,231,256,256,275,275,300,324,33,33,52,67,67,67],"floor_reached":50,"playtime":2396,"items_purged":["Strike_R","Shockwave"],"score":536,"play_id":"436f129f-ff88-4565-9e87-b5dd9df66fe1","local_time":"20180804145918","is_ascension_mode":false,"campfire_choices":[{"floor":10,"key":"REST"},{"data":"Flex","floor":15,"key":"SMITH"},{"data":"Feed","floor":24,"key":"SMITH"},{"floor":28,"key":"REST"},{"floor":32,"key":"REST"},{"floor":40,"key":"REST"},{"floor":42,"key":"REST"},{"floor":46,"key":"REST"},{"floor":49,"key":"REST"}],"neow_cost":"NONE","seed_source_timestamp":847765602516257,"circlet_count":0,"master_deck":["Bash","Thunderclap+1","Clash","Clash","Clash","Dropkick","Flex+1","Feed+1","Shrug It Off","Disarm","Infernal Blade","Iron Wave","Bloodletting","Flame Barrier+1","Anger+1","Anger+1","Flex","Apotheosis+1","Demon Form+1","Heavy Blade","Flame Barrier+1","Carnage+1","Heavy Blade+1","Flex+1"],"relics":["Burning Blood","Golden Idol","Unceasing Top","Torii","Dead Branch","Orichalcum","Pandora\u0027s Box","Frozen Egg 2","Champion Belt","Lizard Tail","Omamori","Pear"],"potions_floor_usage":[16,18,23,29,33,41,44,48,48],"damage_taken":[{"damage":6,"enemies":"Jaw Worm","floor":1,"turns":3},{"damage":0,"enemies":"2 Louse","floor":5,"turns":2},{"damage":31,"enemies":"Lagavulin","floor":6,"turns":4},{"damage":7,"enemies":"Small Slimes","floor":7,"turns":2},{"damage":20,"enemies":"3 Sentries","floor":8,"turns":7},{"damage":1,"enemies":"Exordium Thugs","floor":12,"turns":3},{"damage":14,"enemies":"Lagavulin","floor":13,"turns":4},{"damage":12,"enemies":"Slime Boss","floor":16,"turns":8},{"damage":13,"enemies":"2 Thieves","floor":18,"turns":3},{"damage":1,"enemies":"Spheric Guardian","floor":19,"turns":3},{"damage":15,"enemies":"Snake Plant","floor":20,"turns":2},{"damage":9,"enemies":"Chosen and Byrds","floor":22,"turns":7},{"damage":20,"enemies":"Book of Stabbing","floor":23,"turns":4},{"damage":20,"enemies":"Sentry and Sphere","floor":25,"turns":6},{"damage":41,"enemies":"Slaver and Parasite","floor":27,"turns":5},{"damage":9,"enemies":"Centurion and Healer","floor":29,"turns":4},{"damage":51,"enemies":"Champ","floor":33,"turns":10},{"damage":15,"enemies":"Orb Walker","floor":35,"turns":3},{"damage":43,"enemies":"Flame Bruiser 1 Orb","floor":38,"turns":5},{"damage":40,"enemies":"Sphere and 2 Shapes","floor":39,"turns":5},{"damage":38,"enemies":"3 Darklings","floor":41,"turns":4},{"damage":26,"enemies":"Spire Growth","floor":44,"turns":6},{"damage":41,"enemies":"4 Shapes","floor":47,"turns":4},{"damage":34,"enemies":"Sphere and 2 Shapes","floor":48,"turns":6},{"damage":95,"enemies":"Donu and Deca","floor":50,"turns":6}],"seed_played":"-2639681500602419413","potions_obtained":[{"floor":6,"key":"Swift Potion"},{"floor":7,"key":"GamblersBrew"},{"floor":13,"key":"PowerPotion"},{"floor":18,"key":"Strength Potion"},{"floor":20,"key":"Ancient Potion"},{"floor":25,"key":"Weak Potion"},{"floor":29,"key":"SmokeBomb"},{"floor":35,"key":"SkillPotion"},{"floor":41,"key":"SteroidPotion"},{"floor":44,"key":"Poison Potion"}],"is_trial":false,"path_per_floor":["M","?","?","?","M","E","M","E","T","R","?","M","E","$","R","B",null,"M","M","M","?","M","E","R","M","T","M","R","M","$","?","R","B",null,"M","?","?","M","M","R","M","R","T","M","$","R","M","M","R"],"character_chosen":"IRONCLAD","items_purchased":["Flex","Flex","Apotheosis","Regen Potion","Pear","Block Potion"],"campfire_rested":7,"item_purchase_floors":[14,30,30,30,45,45],"current_hp_per_floor":[80,60,65,65,71,46,45,31,31,56,56,61,53,53,53,47,85,84,85,76,76,73,59,59,45,45,10,35,36,36,36,62,32,89,80,80,80,47,17,46,14,43,43,23,33,65,34,61,94,0],"gold":67,"neow_bonus":"THREE_CARDS","is_prod":false,"is_daily":false,"chose_seed":false,"campfire_upgraded":2,"win_rate":0,"timestamp":1533409158,"path_taken":["M","?","?","?","M","E","M","E","T","R","?","M","E","?","R","BOSS","M","M","M","?","M","E","R","M","T","M","R","M","$","?","R","BOSS","M","?","?","M","M","R","M","R","T","M","$","R","M","M","R","BOSS"],"build_version":"2018-08-02","purchased_purges":2,"victory":false,"max_hp_per_floor":[80,80,85,85,85,85,85,85,85,85,85,85,85,85,85,85,85,85,85,85,85,85,85,85,85,85,85,85,89,89,89,89,89,89,89,89,89,93,97,97,97,97,97,97,107,107,111,111,111,111],"card_choices":[{"not_picked":["Intimidate","Infernal Blade"],"picked":"Thunderclap","floor":0},{"not_picked":["Shrug It Off","Feel No Pain"],"picked":"Clash","floor":1},{"not_picked":["Thunderclap","Cleave"],"picked":"Clash","floor":5},{"not_picked":["Reckless Charge","Hemokinesis","Rupture"],"picked":"SKIP","floor":6},{"not_picked":["Armaments","Heavy Blade"],"picked":"Clash","floor":7},{"not_picked":["Warcry","Entrench"],"picked":"Dropkick","floor":8},{"not_picked":["Havoc","Flame Barrier","Cleave"],"picked":"SKIP","floor":12},{"not_picked":["Sentinel","Clothesline","Burning Pact"],"picked":"SKIP","floor":13},{"not_picked":["Juggernaut","Brutality"],"picked":"Feed","floor":16},{"not_picked":["Searing Blow","Burning Pact","Twin Strike"],"picked":"SKIP","floor":18},{"not_picked":["Body Slam","Twin Strike+1","Sword Boomerang"],"picked":"SKIP","floor":19},{"not_picked":["Pummel","Twin Strike+1"],"picked":"Flame Barrier+1","floor":20},{"not_picked":["Cleave+1","Iron Wave"],"picked":"Anger+1","floor":22},{"not_picked":["True Grit","Havoc+1","Wild Strike"],"picked":"SKIP","floor":23},{"not_picked":["Brutality+1","Seeing Red","Shrug It Off"],"picked":"SKIP","floor":25},{"not_picked":["Cleave","Warcry","True Grit"],"picked":"SKIP","floor":27},{"not_picked":["Armaments","Pommel Strike+1"],"picked":"Anger+1","floor":29},{"not_picked":["Immolate","Juggernaut+1"],"picked":"Demon Form+1","floor":33},{"not_picked":["Entrench","Feel No Pain+1","Armaments+1"],"picked":"SKIP","floor":35},{"not_picked":["Entrench+1","Pommel Strike","Second Wind"],"picked":"SKIP","floor":38},{"not_picked":["Shrug It Off","Twin Strike"],"picked":"Heavy Blade","floor":39},{"not_picked":["Combust+1","Wild Strike+1"],"picked":"Flame Barrier+1","floor":41},{"not_picked":["Headbutt","Body Slam"],"picked":"Carnage+1","floor":44},{"not_picked":["Berserk+1","Carnage+1"],"picked":"Heavy Blade+1","floor":47},{"not_picked":["Headbutt+1","Second Wind"],"picked":"Flex+1","floor":48}],"player_experience":104989,"relics_obtained":[{"floor":6,"key":"Unceasing Top"},{"floor":8,"key":"Torii"},{"floor":9,"key":"Dead Branch"},{"floor":13,"key":"Orichalcum"},{"floor":23,"key":"Frozen Egg 2"},{"floor":26,"key":"Champion Belt"},{"floor":43,"key":"Omamori"}],"event_choices":[{"event_name":"Golden Idol","player_choice":"Take Damage","floor":2,"damage_taken":0},{"event_name":"Big Fish","player_choice":"Donut","floor":3,"damage_taken":0},{"event_name":"Upgrade Shrine","player_choice":"Upgraded","floor":4,"damage_taken":0},{"event_name":"Purifier","player_choice":"One Purge","floor":11,"damage_taken":0},{"event_name":"Vampires","player_choice":"Ignored","floor":21,"damage_taken":0},{"event_name":"Ghosts","player_choice":"Ignored","floor":31,"damage_taken":0},{"event_name":"Falling","player_choice":"Removed Power","floor":36,"damage_taken":0},{"event_name":"Upgrade Shrine","player_choice":"Upgraded","floor":37,"damage_taken":0}],"is_beta":false,"boss_relics":[{"not_picked":["Runic Dome","Mark of Pain"],"picked":"Pandora\u0027s Box"},{"not_picked":["Tiny House","White Beast Statue"],"picked":"Lizard Tail"}],"items_purged_floors":[14,30],"is_endless":false,"potions_floor_spawned":[6,7,13,18,20,25,29,35,39,41,44,47],"killed_by":"Donu and Deca","ascension_level":0}