{"gold_per_floor":[17,32,44,44,56,88,13,13,40,53,88,88,117,117,117,221,221,241,65,84,98,108,108,119,151,176,203,216,216,243,269,269,366,366,378,40,58,107,123,123,449,449,449,449,9,19,19,39,39,39],"floor_reached":51,"playtime":7802,"items_purged":["Strike_G","Strike_G","Defend_G","Escape Plan"],"score":940,"play_id":"b84137c8-3818-4c8d-a5e3-f9e6c131f70c","local_time":"20180922174420","is_ascension_mode":true,"campfire_choices":[{"floor":8.0,"key":"REST"},{"floor":12.0,"key":"REST"},{"data":"Footwork","floor":15.0,"key":"SMITH"},{"floor":23.0,"key":"REST"},{"floor":29.0,"key":"REST"},{"floor":32.0,"key":"REST"},{"floor":40.0,"key":"REST"},{"floor":42.0,"key":"REST"},{"data":"After Image","floor":49,"key":"SMITH"}],"neow_cost":"NO_GOLD","seed_source_timestamp":0,"circlet_count":0,"master_deck":["Defend_G+1","Defend_G+1","Defend_G+1","Defend_G+1","Strike_G+1","Survivor+1","Neutralize+1","Backflip+1","Dagger Throw+1","Footwork+1","Flying Knee+1","Expertise+1","Envenom+1","Predator+1","Burst+1","Dagger Spray+1","Well Laid Plans+1","Flechettes+1","Cloak And Dagger+1","Footwork+1","Deadly Poison+1","Dagger Spray+1","Tools of the Trade+1","Dagger Throw+1","Prepared+1","Unload+1","Prepared+1","Apotheosis+1","Adrenaline+1","Dagger Spray+1","After Image+1"],"special_seed":0,"relics":["Ring of the Snake","Pen Nib","Vajra","Orichalcum","Art of War","Velvet Choker","Gambling Chip","Omamori","Tingsha","Centennial Puzzle","Meat on the Bone","Sozu","Pocketwatch","Old Coin","War Paint","Bag of Marbles","Lantern","Mark of the Bloom"],"potions_floor_usage":[],"damage_taken":[{"damage":2.0,"enemies":"Jaw Worm","floor":1.0,"turns":11.0},{"damage":0.0,"enemies":"2 Louse","floor":2.0,"turns":5.0},{"damage":0.0,"enemies":"Cultist","floor":3.0,"turns":4.0},{"damage":0.0,"enemies":"2 Fungi Beasts","floor":5.0,"turns":4.0},{"damage":34.0,"enemies":"Lagavulin","floor":6.0,"turns":13.0},{"damage":0.0,"enemies":"Large Slime","floor":10.0,"turns":4.0},{"damage":22.0,"enemies":"3 Sentries","floor":11.0,"turns":10.0},{"damage":4.0,"enemies":"Lagavulin","floor":13.0,"turns":8.0},{"damage":3.0,"enemies":"Hexaghost","floor":16.0,"turns":10.0},{"damage":0.0,"enemies":"3 Byrds","floor":18.0,"turns":6.0},{"damage":1.0,"enemies":"Chosen","floor":20.0,"turns":4.0},{"damage":2.0,"enemies":"Snake Plant","floor":21.0,"turns":4.0},{"damage":7.0,"enemies":"Centurion and Healer","floor":22.0,"turns":5.0},{"damage":0.0,"enemies":"3 Cultists","floor":24.0,"turns":4.0},{"damage":12.0,"enemies":"Book of Stabbing","floor":25.0,"turns":5.0},{"damage":0.0,"enemies":"Gremlin Leader","floor":27.0,"turns":4.0},{"damage":6.0,"enemies":"Snake Plant","floor":28.0,"turns":5.0},{"damage":22.0,"enemies":"Slavers","floor":31.0,"turns":5.0},{"damage":60.0,"enemies":"Automaton","floor":33.0,"turns":10.0},{"damage":0.0,"enemies":"3 Shapes","floor":35.0,"turns":5.0},{"damage":4.0,"enemies":"3 Darklings","floor":37.0,"turns":3.0},{"damage":18.0,"enemies":"Mysterious Sphere","floor":38.0,"turns":6.0},{"damage":17.0,"enemies":"Spire Growth","floor":39.0,"turns":4.0},{"damage":3.0,"enemies":"Nemesis","floor":41.0,"turns":7.0},{"damage":0.0,"enemies":"Sphere and 2 Shapes","floor":46.0,"turns":1.0},{"damage":14.0,"enemies":"Maw","floor":48.0,"turns":5.0},{"damage":56,"enemies":"Donu and Deca","floor":50,"turns":11}],"seed_played":"5861330026781979416","potions_obtained":[{"floor":2.0,"key":"AttackPotion"},{"floor":6.0,"key":"Strength Potion"},{"floor":10.0,"key":"PowerPotion"},{"floor":11.0,"key":"PowerPotion"},{"floor":18.0,"key":"Swift Potion"},{"floor":22.0,"key":"Strength Potion"},{"floor":24.0,"key":"Block Potion"},{"floor":25.0,"key":"Weak Potion"},{"floor":28.0,"key":"Strength Potion"}],"is_trial":false,"path_per_floor":["M","M","M","?","M","E","$","R","T","M","E","R","E","?","R","B",null,"M","$","M","M","M","R","M","E","T","E","M","R","T","E","R","B",null,"M","$","M","?","M","R","E","R","T","?","$","M","?","M","R","B"],"character_chosen":"THE_SILENT","items_purchased":["Well Laid Plans","Apotheosis","Bag of Marbles","Lantern"],"campfire_rested":7,"item_purchase_floors":[19,36,45,45],"current_hp_per_floor":[68,68,68,68,68,34,34,55,55,55,33,54,50,55,55,52,69,69,69,68,66,59,75,75,63,63,63,57,75,75,53,75,27,63,63,63,59,41,36,58,55,75,75,75,75,75,75,61,61,5],"gold":39,"neow_bonus":"REMOVE_TWO","is_prod":false,"is_daily":false,"chose_seed":false,"campfire_upgraded":2,"win_rate":1,"timestamp":1537631060,"path_taken":["M","M","M","?","M","E","$","R","T","M","E","R","E","?","R","BOSS","M","$","M","M","M","R","M","E","T","E","M","R","?","E","R","BOSS","M","$","M","?","M","R","E","R","T","?","$","M","?","M","R","BOSS"],"build_version":"2018-09-20","purchased_purges":4,"victory":true,"max_hp_per_floor":[70,70,70,70,70,70,70,70,70,70,70,70,70,75,75,75,75,75,75,75,75,75,75,75,75,75,75,75,75,75,75,75,75,75,75,75,75,75,75,75,75,75,75,75,75,75,75,75,75,75],"card_choices":[{"not_picked":["Flying Knee","Slice"],"picked":"Escape Plan","floor":1.0},{"not_picked":["Deflect","Acrobatics"],"picked":"Backflip","floor":2.0},{"not_picked":["All Out Attack","Calculated Gamble"],"picked":"Dagger Throw","floor":3.0},{"not_picked":["Deadly Poison","Outmaneuver"],"picked":"Footwork","floor":5.0},{"not_picked":["Wraith Form v2","Poisoned Stab"],"picked":"Flying Knee","floor":6.0},{"not_picked":["Prepared","Accuracy"],"picked":"Expertise","floor":10.0},{"not_picked":["Accuracy","Skewer"],"picked":"Envenom","floor":11.0},{"not_picked":["Expertise","Dodge and Roll"],"picked":"Predator","floor":13.0},{"not_picked":["Night Terror","Tools of the Trade"],"picked":"Burst","floor":16.0},{"not_picked":["Heel Hook","Deadly Poison"],"picked":"Dagger Spray+1","floor":18.0},{"not_picked":["Catalyst","Slice"],"picked":"Flechettes","floor":20.0},{"not_picked":["Distraction+1","Acrobatics"],"picked":"Cloak And Dagger","floor":21.0},{"not_picked":["Tactician+1","Reflex"],"picked":"Footwork","floor":22.0},{"not_picked":["Distraction+1","Accuracy"],"picked":"Deadly Poison","floor":24.0},{"not_picked":["All Out Attack","Skewer"],"picked":"Dagger Spray+1","floor":25.0},{"not_picked":["Poisoned Stab","Quick Slash"],"picked":"Tools of the Trade","floor":27.0},{"not_picked":["Sucker Punch","Dagger Spray"],"picked":"Dagger Throw","floor":28.0},{"not_picked":["Underhanded Strike","Expertise"],"picked":"Prepared","floor":31.0},{"not_picked":["A Thousand Cuts","Burst"],"picked":"Unload","floor":33.0},{"not_picked":["Backstab+1","Dagger Spray+1"],"picked":"Prepared+1","floor":35.0},{"not_picked":["Bane+1","Prepared+1"],"picked":"Adrenaline","floor":37.0},{"not_picked":["Backstab","Blade Dance+1"],"picked":"Dagger Spray+1","floor":39.0},{"not_picked":["Deadly Poison","Expertise","Well Laid Plans+1"],"picked":"SKIP","floor":41.0},{"not_picked":["Dodge and Roll","Acrobatics+1","Skewer"],"picked":"SKIP","floor":46.0},{"not_picked":["Infinite Blades","Acrobatics+1"],"picked":"After Image","floor":48.0}],"player_experience":129411,"relics_obtained":[{"floor":6.0,"key":"Pen Nib"},{"floor":9.0,"key":"Vajra"},{"floor":11.0,"key":"Orichalcum"},{"floor":13.0,"key":"Art of War"},{"floor":25.0,"key":"Gambling Chip"},{"floor":26.0,"key":"Omamori"},{"floor":27.0,"key":"Tingsha"},{"floor":30.0,"key":"Centennial Puzzle"},{"floor":31.0,"key":"Meat on the Bone"},{"floor":38.0,"key":"Pocketwatch"},{"floor":41.0,"key":"Old Coin"},{"floor":43.0,"key":"War Paint"}],"event_choices":[{"event_name":"Liars Game","player_choice":"disagreed","floor":4.0,"damage_taken":0.0},{"event_name":"Big Fish","player_choice":"Donut","floor":14.0,"damage_taken":0.0},{"event_name":"Mysterious Sphere","player_choice":"Fight","floor":38.0,"damage_taken":0.0},{"event_name":"Tomb of Lord Red Mask","player_choice":"Ignored","floor":44.0,"damage_taken":0.0},{"event_name":"MindBloom","player_choice":"Upgrade","floor":47.0,"damage_taken":0.0}],"is_beta":false,"boss_relics":[{"not_picked":["Coffee Dripper","Runic Dome"],"picked":"Velvet Choker"},{"not_picked":["Philosopher\u0027s Stone","Empty Cage"],"picked":"Sozu"}],"items_purged_floors":[7,19,36,45],"is_endless":false,"potions_floor_spawned":[2,6,10,11,18,22,24,25,28,38,41,48],"ascension_level":5}