{"gold_per_floor":[111,111,30,30,41,41,73,91,148,148,161,161,86,149,149,149],"floor_reached":16,"playtime":898,"items_purged":["Strike_R"],"score":228,"play_id":"649d00e6-989f-4e20-bb9a-3f9dbbda6530","local_time":"20190818025028","is_ascension_mode":true,"campfire_choices":[{"data":"True Grit","floor":6,"key":"SMITH"},{"data":"Pommel Strike","floor":12,"key":"SMITH"},{"floor":15,"key":"REST"}],"neow_cost":"NONE","seed_source_timestamp":102092663271519,"circlet_count":0,"master_deck":["AscendersBane","Strike_R+1","Strike_R","Strike_R","Strike_R","Defend_R+1","Defend_R","Defend_R+1","Defend_R+1","Bash","Pommel Strike+1","Disarm","True Grit+1","Offering","Flame Barrier","Shockwave"],"relics":["Burning Blood","NeowsBlessing","GremlinMask","War Paint","Tiny Chest","Ornamental Fan","Darkstone Periapt"],"potions_floor_usage":[14,16],"damage_taken":[{"damage":0,"enemies":"Small Slimes","floor":1,"turns":1},{"damage":0,"enemies":"Cultist","floor":5,"turns":1},{"damage":0,"enemies":"Gremlin Nob","floor":7,"turns":1},{"damage":8,"enemies":"Jaw Worm","floor":8,"turns":6},{"damage":24,"enemies":"Exordium Wildlife","floor":11,"turns":7},{"damage":7,"enemies":"Gremlin Nob","floor":14,"turns":3},{"damage":60,"enemies":"Slime Boss","floor":16,"turns":11}],"seed_played":"-7391526019646366094","potions_obtained":[{"floor":7,"key":"SteroidPotion"},{"floor":11,"key":"AttackPotion"}],"is_trial":false,"path_per_floor":["M","?","$","?","M","R","E","M","T","?","M","R","$","?","R","B"],"character_chosen":"IRONCLAD","items_purchased":["Disarm"],"campfire_rested":1,"item_purchase_floors":[3],"current_hp_per_floor":[74,51,51,51,57,57,63,61,61,56,38,38,38,37,59,0],"gold":149,"neow_bonus":"THREE_ENEMY_KILL","is_prod":false,"is_daily":false,"chose_seed":false,"campfire_upgraded":2,"win_rate":0,"timestamp":1566089428,"path_taken":["M","?","$","?","?","R","E","M","T","?","M","R","?","?","R","BOSS"],"build_version":"2019-07-17","purchased_purges":1,"victory":false,"max_hp_per_floor":[75,75,75,75,75,75,75,75,75,75,75,75,75,75,75,75],"card_choices":[{"not_picked":["Iron Wave","Disarm"],"picked":"Pommel Strike","floor":1},{"not_picked":["Headbutt","Intimidate"],"picked":"True Grit","floor":5},{"not_picked":["Armaments","Dual Wield"],"picked":"Offering","floor":7},{"not_picked":["Heavy Blade","Second Wind"],"picked":"Flame Barrier","floor":8},{"not_picked":["Sword Boomerang","Wild Strike"],"picked":"Shockwave","floor":11}],"player_experience":724711,"relics_obtained":[{"floor":7,"key":"War Paint"},{"floor":9,"key":"Tiny Chest"},{"floor":14,"key":"Darkstone Periapt"}],"event_choices":[{"damage_healed":0,"gold_gain":0,"player_choice":"Entered Light","damage_taken":23,"max_hp_gain":0,"max_hp_loss":0,"event_name":"Shining Light","floor":2,"gold_loss":0,"cards_upgraded":["Strike_R","Defend_R"]},{"damage_healed":0,"gold_gain":0,"player_choice":"Trade","damage_taken":0,"relics_obtained":["GremlinMask"],"max_hp_gain":0,"max_hp_loss":0,"event_name":"FaceTrader","floor":4,"gold_loss":0},{"damage_healed":0,"gold_gain":0,"player_choice":"Success","damage_taken":5,"relics_obtained":["Ornamental Fan"],"max_hp_gain":0,"max_hp_loss":0,"event_name":"Scrap Ooze","floor":10,"gold_loss":0},{"damage_healed":0,"gold_gain":0,"player_choice":"Searched \u00271\u0027 times","damage_taken":0,"max_hp_gain":0,"max_hp_loss":0,"event_name":"Dead Adventurer","floor":14,"gold_loss":0}],"is_beta":false,"boss_relics":[],"items_purged_floors":[13],"is_endless":false,"potions_floor_spawned":[7,11],"killed_by":"Slime Boss","ascension_level":17}