{"gold_per_floor":[211,221,232,252,266,266,285,285,285,235,265,284,284,294,294,391,391,402,426,445,20,30,30,41,41,68,83,94,94,112,112,112,216,216,226,326,18,29,5,5,5],"floor_reached":41,"playtime":7853,"items_purged":["Strike_B"],"score":444,"play_id":"4b9eba5b-17e0-4768-9836-de1612ce656a","local_time":"20180917000619","is_ascension_mode":true,"campfire_choices":[{"data":"Cold Snap","floor":6.0,"key":"SMITH"},{"data":"Coolheaded","floor":8.0,"key":"SMITH"},{"floor":15.0,"key":"REST"},{"data":"Skim","floor":23.0,"key":"SMITH"},{"data":"Seek","floor":25.0,"key":"SMITH"},{"floor":29.0,"key":"REST"},{"data":"Coolheaded","floor":32.0,"key":"SMITH"},{"data":"Creative AI","floor":40,"key":"SMITH"}],"neow_cost":"NONE","seed_source_timestamp":0,"circlet_count":0,"master_deck":["Strike_B","Defend_B","Defend_B","Defend_B","Defend_B","Zap+1","Dualcast","Ball Lightning","Coolheaded+1","Coolheaded+1","Cold Snap+1","Cold Snap","Skim+1","Seek+1","Glacier+1","Stack","Cold Snap+1","Sunder+1","Panache","Blind","Glacier+1","Coolheaded+1","Cold Snap+1","Compile Driver+1","J.A.X.","Machine Learning","Reinforced Body","Creative AI+1","Chill+1","Cold Snap+1"],"special_seed":0,"relics":["Cracked Core","Molten Egg 2","Letter Opener","Velvet Choker","Potion Belt","Omamori","Snecko Eye","War Paint"],"potions_floor_usage":[41,41,41],"damage_taken":[{"damage":0.0,"enemies":"2 Louse","floor":1.0,"turns":2.0},{"damage":0.0,"enemies":"Small Slimes","floor":2.0,"turns":2.0},{"damage":0.0,"enemies":"Cultist","floor":3.0,"turns":3.0},{"damage":7.0,"enemies":"Large Slime","floor":4.0,"turns":5.0},{"damage":2.0,"enemies":"Red Slaver","floor":5.0,"turns":3.0},{"damage":6.0,"enemies":"3 Louse","floor":7.0,"turns":3.0},{"damage":8.0,"enemies":"3 Sentries","floor":11.0,"turns":7.0},{"damage":0.0,"enemies":"Looter","floor":12.0,"turns":2.0},{"damage":6.0,"enemies":"Large Slime","floor":14.0,"turns":5.0},{"damage":5.0,"enemies":"Slime Boss","floor":16.0,"turns":11.0},{"damage":3.0,"enemies":"Shell Parasite","floor":18.0,"turns":8.0},{"damage":2.0,"enemies":"2 Thieves","floor":20.0,"turns":5.0},{"damage":0.0,"enemies":"Snake Plant","floor":22.0,"turns":6.0},{"damage":0.0,"enemies":"3 Cultists","floor":24.0,"turns":4.0},{"damage":16.0,"enemies":"Centurion and Healer","floor":27.0,"turns":12.0},{"damage":2.0,"enemies":"Shelled Parasite and Fungi","floor":28.0,"turns":6.0},{"damage":0.0,"enemies":"Sentry and Sphere","floor":30.0,"turns":5.0},{"damage":22.0,"enemies":"Collector","floor":33.0,"turns":10.0},{"damage":0.0,"enemies":"Orb Walker","floor":35.0,"turns":4.0},{"damage":15.0,"enemies":"3 Shapes","floor":38.0,"turns":5.0},{"damage":82,"enemies":"Giant Head","floor":41,"turns":10}],"seed_played":"-6057660476979827137","potions_obtained":[{"floor":2.0,"key":"Strength Potion"},{"floor":3.0,"key":"Ancient Potion"},{"floor":7.0,"key":"Ancient Potion"},{"floor":14.0,"key":"SteroidPotion"},{"floor":20.0,"key":"SpeedPotion"},{"floor":24.0,"key":"LiquidBronze"},{"floor":27.0,"key":"Strength Potion"},{"floor":33.0,"key":"Ancient Potion"},{"floor":35.0,"key":"Regen Potion"},{"floor":38.0,"key":"Strength Potion"}],"is_trial":false,"path_per_floor":["M","M","M","M","M","R","M","R","T","?","E","M","?","M","R","B",null,"M","T","M","$","M","R","M","R","T","M","M","R","M","?","R","B",null,"M","?","$","M","$","R"],"character_chosen":"DEFECT","items_purchased":["Cold Snap+1","Sunder+1","Panache","Blind","Creative AI","War Paint","Cold Snap+1"],"campfire_rested":2,"item_purchase_floors":[21,21,21,21,37,37,39],"current_hp_per_floor":[75,75,75,68,66,66,60,60,60,60,52,52,52,46,68,63,75,72,72,70,70,70,70,70,70,70,54,52,74,74,74,74,52,75,75,75,75,60,60,60,0],"gold":5,"neow_bonus":"HUNDRED_GOLD","is_prod":false,"is_daily":false,"chose_seed":false,"campfire_upgraded":6,"win_rate":0,"timestamp":1537135579,"path_taken":["M","M","M","M","M","R","M","R","T","?","E","?","?","M","R","BOSS","M","?","M","$","M","R","M","R","T","M","M","R","M","?","R","BOSS","M","?","$","M","?","R","E"],"build_version":"2018-09-06","purchased_purges":1,"victory":false,"max_hp_per_floor":[75,75,75,75,75,75,75,75,75,75,75,75,75,75,75,75,75,75,75,75,75,75,75,75,75,75,75,75,75,75,75,75,75,75,75,75,75,75,75,75,75],"card_choices":[{"not_picked":["Gash","Hello World"],"picked":"Ball Lightning","floor":1.0},{"not_picked":["Capacitor","Leap"],"picked":"Coolheaded","floor":2.0},{"not_picked":["Fusion","Static Discharge"],"picked":"Coolheaded","floor":3.0},{"not_picked":["Redo","Gash"],"picked":"Cold Snap","floor":4.0},{"not_picked":["Defragment","Stack"],"picked":"Cold Snap","floor":5.0},{"not_picked":["Rebound","Streamline","Chaos"],"picked":"SKIP","floor":7.0},{"not_picked":["Gash+1","Rebound+1","Leap"],"picked":"SKIP","floor":11.0},{"not_picked":["Stack","Turbo"],"picked":"Skim","floor":12.0},{"not_picked":["Steam Power","Meteor Strike+1","Darkness"],"picked":"SKIP","floor":14.0},{"not_picked":["Meteor Strike+1","All For One+1"],"picked":"Seek","floor":16.0},{"not_picked":["Recycle","Rebound+1"],"picked":"Glacier","floor":18.0},{"not_picked":["Streamline+1","Melter+1"],"picked":"Stack","floor":20.0},{"not_picked":["Go for the Eyes+1","Streamline+1"],"picked":"Glacier+1","floor":22.0},{"not_picked":["Heatsinks","Sweeping Beam+1"],"picked":"Coolheaded+1","floor":24.0},{"not_picked":["Stack","Ball Lightning+1"],"picked":"Cold Snap+1","floor":27.0},{"not_picked":["Stack+1","Self Repair"],"picked":"Compile Driver+1","floor":28.0},{"not_picked":["Redo","Rebound+1","Stack+1"],"picked":"SKIP","floor":30.0},{"not_picked":["Fission","Multi-Cast"],"picked":"Machine Learning","floor":33.0},{"not_picked":["Fusion+1","Rebound+1"],"picked":"Reinforced Body","floor":35.0},{"not_picked":["Self Repair+1","Tempest"],"picked":"Chill+1","floor":38.0}],"player_experience":59061,"relics_obtained":[{"floor":9.0,"key":"Molten Egg 2"},{"floor":11.0,"key":"Letter Opener"},{"floor":19.0,"key":"Potion Belt"},{"floor":26.0,"key":"Omamori"}],"event_choices":[{"event_name":"The Cleric","player_choice":"Card Removal","floor":10.0,"damage_taken":0.0},{"event_name":"Bonfire Elementals","player_choice":"BASIC","floor":13.0,"damage_taken":0.0},{"event_name":"Drug Dealer","player_choice":"Got JAX","floor":31.0,"damage_taken":0.0},{"event_name":"Golden Shrine","player_choice":"Pray","floor":36.0,"damage_taken":0.0}],"is_beta":false,"boss_relics":[{"not_picked":["Cursed Key","Busted Crown"],"picked":"Velvet Choker"},{"not_picked":["Tiny House","Calling Bell"],"picked":"Snecko Eye"}],"items_purged_floors":[37],"is_endless":false,"potions_floor_spawned":[2,3,7,12,14,20,24,27,33,35,38],"killed_by":"Giant Head","ascension_level":1}