{"gold_per_floor":[119,138,65,65,65,65,89,89,89,164,182,196,226,245,245,365,365,379,379,76,96,111,111,146,146,229,229,247,247,247,262,262,391,391,406,406,306,306,326,326],"floor_reached":40,"playtime":1526,"items_purged":["Strike_G","Strike_G"],"score":421,"play_id":"72cd6e39-0796-48c2-b4e5-2300f73cd05f","local_time":"20190914235720","is_ascension_mode":false,"campfire_choices":[{"data":"Neutralize","floor":6.0,"key":"SMITH"},{"data":"Noxious Fumes","floor":8.0,"key":"SMITH"},{"floor":15.0,"key":"REST"},{"floor":23.0,"key":"REST"},{"data":"Footwork","floor":25.0,"key":"SMITH"},{"floor":27.0,"key":"REST"},{"data":"Neutralize","floor":30.0,"key":"SMITH"},{"floor":32.0,"key":"REST"}],"neow_cost":"NONE","seed_source_timestamp":221663927098500,"circlet_count":0,"master_deck":["Strike_G","Defend_G","Defend_G","Defend_G","Defend_G","Defend_G","Survivor","Neutralize+1","Bouncing Flask","Deadly Poison","Noxious Fumes+1","Slice","Bouncing Flask","Poisoned Stab","Poisoned Stab","Footwork+1","Backstab+1","Well Laid Plans","Backflip","Panacea","Neutralize+1","Corpse Explosion","Noxious Fumes+1"],"special_seed":0,"relics":["Ring of the Snake","Golden Idol","Ornamental Fan","Black Star","Mercury Hourglass","Omamori","Letter Opener","Potion Belt","Tiny Chest","Snecko Eye","Gremlin Horn"],"potions_floor_usage":[35],"damage_taken":[{"damage":0.0,"enemies":"Small Slimes","floor":1.0,"turns":4.0},{"damage":0.0,"enemies":"Jaw Worm","floor":2.0,"turns":3.0},{"damage":0.0,"enemies":"Cultist","floor":7.0,"turns":3.0},{"damage":11.0,"enemies":"Large Slime","floor":11.0,"turns":7.0},{"damage":3.0,"enemies":"Exordium Thugs","floor":12.0,"turns":5.0},{"damage":0.0,"enemies":"Blue Slaver","floor":14.0,"turns":4.0},{"damage":20.0,"enemies":"The Guardian","floor":16.0,"turns":7.0},{"damage":14.0,"enemies":"3 Byrds","floor":18.0,"turns":5.0},{"damage":4.0,"enemies":"Chosen","floor":21.0,"turns":4.0},{"damage":9.0,"enemies":"Centurion and Healer","floor":22.0,"turns":7.0},{"damage":18.0,"enemies":"Slavers","floor":24.0,"turns":5.0},{"damage":22.0,"enemies":"Snecko","floor":28.0,"turns":4.0},{"damage":6.0,"enemies":"3 Cultists","floor":31.0,"turns":5.0},{"damage":56.0,"enemies":"Champ","floor":33.0,"turns":12.0},{"damage":4,"enemies":"Orb Walker","floor":35,"turns":3},{"damage":30,"enemies":"3 Darklings","floor":39,"turns":4},{"damage":64,"enemies":"Giant Head","floor":40,"turns":9}],"seed_played":"5600419564859595873","potions_obtained":[{"floor":0.0,"key":"Block Potion"},{"floor":0.0,"key":"DuplicationPotion"},{"floor":0.0,"key":"SpeedPotion"},{"floor":11.0,"key":"Poison Potion"},{"floor":18.0,"key":"GamblersBrew"},{"floor":24.0,"key":"Explosive Potion"},{"floor":31.0,"key":"SteroidPotion"},{"floor":35,"key":"Fruit Juice"}],"is_trial":false,"path_per_floor":["M","M","$","?","?","R","M","R","T","?","M","M","?","M","R","B",null,"M","?","$","M","M","R","E","R","T","R","M","?","R","M","R","B",null,"M","T","$","?","M","E"],"character_chosen":"THE_SILENT","items_purchased":["Noxious Fumes","Omamori","Footwork"],"campfire_rested":4,"item_purchase_floors":[3,20,20],"current_hp_per_floor":[70,70,70,70,53,53,53,53,53,42,31,28,28,28,49,29,70,56,56,56,52,43,64,46,46,46,67,45,45,45,39,60,4,70,71,71,71,71,41,0],"gold":326,"neow_bonus":"THREE_SMALL_POTIONS","is_prod":false,"is_daily":false,"chose_seed":false,"campfire_upgraded":4,"win_rate":0,"timestamp":1568473040,"path_taken":["M","M","$","?","?","R","M","R","T","?","M","?","?","M","R","BOSS","M","?","$","?","M","R","E","R","T","R","M","?","R","M","R","BOSS","M","?","$","?","M","E"],"build_version":"2019-09-12","purchased_purges":2,"victory":false,"max_hp_per_floor":[70,70,70,70,70,70,70,70,70,70,70,70,70,70,70,70,70,70,70,70,70,70,70,70,70,70,70,70,70,70,70,70,70,70,75,75,75,75,75,75],"card_choices":[{"not_picked":["Dodge and Roll","Masterful Stab"],"picked":"Bouncing Flask","floor":1.0},{"not_picked":["Dagger Spray","Finisher"],"picked":"Deadly Poison","floor":2.0},{"not_picked":["Prepared","Escape Plan","Underhanded Strike"],"picked":"SKIP","floor":7.0},{"not_picked":["Deflect","Caltrops","Dagger Spray"],"picked":"SKIP","floor":11.0},{"not_picked":["Slice","Reflex"],"picked":"Bouncing Flask","floor":12.0},{"not_picked":["Quick Slash","Flying Knee"],"picked":"Poisoned Stab","floor":14.0},{"not_picked":["Storm of Steel","Phantasmal Killer"],"picked":"Die Die Die","floor":16.0},{"not_picked":["Flying Knee","Prepared"],"picked":"Poisoned Stab","floor":18.0},{"not_picked":["Dagger Throw","Eviscerate"],"picked":"Backstab+1","floor":21.0},{"not_picked":["Bouncing Flask","Outmaneuver"],"picked":"Well Laid Plans","floor":22.0},{"not_picked":["Riddle With Holes","Skewer+1","Flying Knee+1"],"picked":"SKIP","floor":24.0},{"not_picked":["Masterful Stab","Dagger Throw"],"picked":"Backflip","floor":28.0},{"not_picked":["Flying Knee","Flechettes","Sucker Punch"],"picked":"SKIP","floor":31.0},{"not_picked":["After Image","Wraith Form v2"],"picked":"Corpse Explosion","floor":33.0},{"not_picked":["Slice","Deflect+1"],"picked":"Noxious Fumes+1","floor":35},{"not_picked":["Accuracy+1","Skewer","Tactician+1"],"picked":"SKIP","floor":39}],"player_experience":445778,"relics_obtained":[{"floor":9.0,"key":"Ornamental Fan"},{"floor":24.0,"key":"Letter Opener"},{"floor":24.0,"key":"Potion Belt"},{"floor":26.0,"key":"Tiny Chest"},{"floor":36,"key":"Gremlin Horn"}],"event_choices":[{"damage_healed":0.0,"max_hp_gain":0.0,"max_hp_loss":0.0,"gold_gain":0.0,"cards_transformed":["Strike_G"],"event_name":"Living Wall","player_choice":"Change","floor":4.0,"gold_loss":0.0,"damage_taken":0.0,"cards_obtained":["Slice"]},{"damage_healed":0.0,"max_hp_gain":0.0,"max_hp_loss":0.0,"gold_gain":0.0,"event_name":"Golden Idol","player_choice":"Take Damage","floor":5.0,"gold_loss":0.0,"damage_taken":17.0,"relics_obtained":["Golden Idol"]},{"damage_healed":0.0,"max_hp_gain":0.0,"max_hp_loss":0.0,"gold_gain":75.0,"event_name":"World of Goop","player_choice":"Gather Gold","floor":10.0,"gold_loss":0.0,"damage_taken":11.0},{"damage_healed":0.0,"max_hp_gain":0.0,"max_hp_loss":0.0,"gold_gain":30.0,"event_name":"Dead Adventurer","player_choice":"Searched \u00271\u0027 times","floor":13.0,"gold_loss":0.0,"damage_taken":0.0},{"cards_removed":["Die Die Die"],"damage_healed":0.0,"max_hp_gain":0.0,"max_hp_loss":0.0,"gold_gain":0.0,"event_name":"WeMeetAgain","player_choice":"Gave Card","floor":19.0,"gold_loss":0.0,"damage_taken":0.0,"relics_obtained":["Mercury Hourglass"]},{"damage_healed":0.0,"max_hp_gain":0.0,"max_hp_loss":0.0,"gold_gain":0.0,"event_name":"Match and Keep!","player_choice":"2 cards matched","floor":29.0,"gold_loss":0.0,"damage_taken":0.0,"cards_obtained":["Panacea","Neutralize"]},{"cards_removed":["Strike_G"],"damage_healed":0,"gold_gain":0,"player_choice":"Removed Attack","damage_taken":0,"max_hp_gain":0,"max_hp_loss":0,"event_name":"Falling","floor":38,"gold_loss":0}],"is_beta":true,"boss_relics":[{"not_picked":["Calling Bell","Runic Dome"],"picked":"Black Star"},{"not_picked":["Fusion Hammer","Velvet Choker"],"picked":"Snecko Eye"}],"items_purged_floors":[20,37],"is_endless":false,"potions_floor_spawned":[7,11,12,14,18,24,31,35],"killed_by":"Giant Head","ascension_level":0}