{"gold_per_floor":[117,117,117,132,145,145,158,186,210,210,210,210,285,296,296,395,395,407,322,20,30,30,30,30,30,82,92,104,104,119,130,130,130],"floor_reached":33,"playtime":1127,"items_purged":[],"score":247,"play_id":"107dbe32-6dcc-4191-b0d1-7c20fff9c424","local_time":"20180817212833","is_ascension_mode":false,"campfire_choices":[{"data":"Dagger Spray","floor":6,"key":"SMITH"},{"data":"Bane","floor":10,"key":"SMITH"},{"floor":12,"key":"REST"},{"floor":15,"key":"REST"},{"floor":23,"key":"REST"},{"data":"RitualDagger","floor":25,"key":"SMITH"},{"floor":32,"key":"REST"}],"neow_cost":"NONE","seed_source_timestamp":248911503459580,"circlet_count":0,"master_deck":["Defend_G","Defend_G","Defend_G","Defend_G","Defend_G","Strike_G","Strike_G","Strike_G","Strike_G","Strike_G","Survivor+1","Neutralize+1","Flying Knee+1","Dagger Spray+1","Dash+1","Quick Slash+1","Bane+1","Grand Finale","Deadly Poison+1","PiercingWail","Flechettes","RitualDagger+1","Catalyst","Backstab","Outmaneuver"],"relics":["Ring of the Snake","Snake Skull","Whetstone","Bronze Scales","Sozu","Meat on the Bone","TheAbacus","Regal Pillow"],"potions_floor_usage":[16,28,33],"damage_taken":[{"damage":2,"enemies":"Small Slimes","floor":1,"turns":4},{"damage":1,"enemies":"Jaw Worm","floor":4,"turns":3},{"damage":0,"enemies":"Cultist","floor":5,"turns":3},{"damage":2,"enemies":"Large Slime","floor":7,"turns":4},{"damage":20,"enemies":"Gremlin Nob","floor":8,"turns":5},{"damage":7,"enemies":"Exordium Thugs","floor":14,"turns":2},{"damage":35,"enemies":"The Guardian","floor":16,"turns":11},{"damage":4,"enemies":"Spheric Guardian","floor":18,"turns":3},{"damage":15,"enemies":"2 Thieves","floor":21,"turns":4},{"damage":26,"enemies":"Sentry and Sphere","floor":27,"turns":6},{"damage":6,"enemies":"Snecko","floor":28,"turns":4},{"damage":24,"enemies":"Centurion and Healer","floor":30,"turns":4},{"damage":1,"enemies":"Cultist and Chosen","floor":31,"turns":6},{"damage":79,"enemies":"Automaton","floor":33,"turns":6}],"seed_played":"-6766275481131675735","potions_obtained":[{"floor":4,"key":"Ancient Potion"},{"floor":5,"key":"SteroidPotion"},{"floor":8,"key":"Dexterity Potion"},{"floor":16,"key":"EssenceOfSteel"}],"is_trial":false,"path_per_floor":["M","?","?","M","M","R","M","E","T","R","?","R","?","M","R","B",null,"M","?","$","M","?","R","$","R","T","M","M","?","M","M","R"],"character_chosen":"THE_SILENT","items_purchased":["PiercingWail","Flechettes","TheAbacus"],"campfire_rested":4,"item_purchase_floors":[20,20,20],"current_hp_per_floor":[68,65,65,64,64,64,62,42,42,42,42,63,52,45,66,31,70,66,66,66,51,45,66,66,66,66,40,46,69,45,44,70,0],"gold":130,"neow_bonus":"UPGRADE_CARD","is_prod":false,"is_daily":false,"chose_seed":false,"campfire_upgraded":3,"win_rate":0.0,"timestamp":1534555713,"path_taken":["M","?","?","M","M","R","M","E","T","R","?","R","?","?","R","BOSS","M","?","$","?","?","R","?","R","T","?","M","?","M","M","R","BOSS"],"build_version":"2018-08-16","purchased_purges":0,"victory":false,"max_hp_per_floor":[70,70,70,70,70,70,70,70,70,70,70,70,70,70,70,70,70,70,70,70,70,70,70,70,70,70,70,70,70,70,70,70,70],"card_choices":[{"not_picked":["Acrobatics","Underhanded Strike"],"picked":"Flying Knee","floor":1},{"not_picked":["Poisoned Stab","Dodge and Roll"],"picked":"Dagger Spray","floor":4},{"not_picked":["Slice","Skewer"],"picked":"Dash","floor":5},{"not_picked":["Acrobatics","Distraction"],"picked":"Quick Slash","floor":7},{"not_picked":["Underhanded Strike","Escape Plan"],"picked":"Bane","floor":8},{"not_picked":["Tools of the Trade","Dagger Throw","Leg Sweep"],"picked":"SKIP","floor":14},{"not_picked":["Night Terror","After Image"],"picked":"Grand Finale","floor":16},{"not_picked":["Backflip","Flying Knee"],"picked":"Deadly Poison+1","floor":18},{"not_picked":["Deadly Poison","Calculated Gamble","All Out Attack"],"picked":"SKIP","floor":21},{"not_picked":["Bane","Riddle With Holes"],"picked":"Catalyst","floor":27},{"not_picked":["Masterful Stab","Noxious Fumes+1"],"picked":"Backstab","floor":28},{"not_picked":["Bane","Slice","Riddle With Holes+1"],"picked":"SKIP","floor":30},{"not_picked":["Caltrops","Finisher"],"picked":"Outmaneuver","floor":31}],"player_experience":148978,"relics_obtained":[{"floor":8,"key":"Whetstone"},{"floor":9,"key":"Bronze Scales"},{"floor":26,"key":"Regal Pillow"}],"event_choices":[{"event_name":"Scrap Ooze","player_choice":"success","floor":2,"damage_taken":3},{"event_name":"Living Wall","player_choice":"Grow","floor":3,"damage_taken":0},{"event_name":"Upgrade Shrine","player_choice":"Upgraded","floor":11,"damage_taken":0},{"event_name":"World of Goop","player_choice":"Gather Gold","floor":13,"damage_taken":0},{"event_name":"Addict","player_choice":"Obtained Relic","floor":19,"damage_taken":0},{"event_name":"Nest","player_choice":"Joined the Cult","floor":22,"damage_taken":0},{"event_name":"The Library","player_choice":"Heal","floor":29,"damage_taken":0}],"is_beta":false,"boss_relics":[{"not_picked":["Black Star","Ectoplasm"],"picked":"Sozu"}],"items_purged_floors":[],"is_endless":false,"potions_floor_spawned":[4,5,8,16,28,31],"killed_by":"Automaton","ascension_level":0}