{"gold_per_floor":[115,135,21,21,32,32,46,46,46,46,64,80,80,97,97,202,202,222,242,142,158,177,206,121,121,121,121,121,147,147,164,164,262,312,330,343,343,343],"floor_reached":38,"playtime":2092,"items_purged":["Defend_G","Strike_G"],"score":408,"play_id":"10c6acf3-6e9d-42bd-99b2-0494612919cf","local_time":"20180729222201","is_ascension_mode":false,"campfire_choices":[{"data":"Dash","floor":6,"key":"SMITH"},{"data":"Outmaneuver","floor":13,"key":"SMITH"},{"data":"Dagger Throw","floor":15,"key":"SMITH"},{"floor":25,"key":"REST"},{"data":"Die Die Die","floor":28,"key":"SMITH"},{"floor":32,"key":"REST"}],"neow_cost":"NONE","seed_source_timestamp":356242940891916,"circlet_count":0,"master_deck":["Defend_G+1","Defend_G+1","Defend_G+1","Strike_G+1","Strike_G+1","Survivor+1","Neutralize+1","Slice","Dash+1","Dagger Spray+1","Outmaneuver+1","Dagger Throw+1","Die Die Die+1","Bouncing Flask+1","Predator+1","Skewer+1","Footwork","Flying Knee+1","Deflect+1","Dagger Spray+1","Backstab","Corpse Explosion","Cloak And Dagger+1","Endless Agony+1"],"relics":["Ring of the Snake","Letter Opener","Astrolabe","Smiling Mask","Ninja Scroll","Pantograph","Shuriken","Tiny House"],"potions_floor_usage":[16,16,21,22,23,23,33,38,38,38],"damage_taken":[{"damage":0,"enemies":"Small Slimes","floor":1,"turns":3},{"damage":1,"enemies":"2 Louse","floor":2,"turns":3},{"damage":0,"enemies":"Cultist","floor":5,"turns":3},{"damage":0,"enemies":"Exordium Thugs","floor":7,"turns":4},{"damage":0,"enemies":"Looter","floor":11,"turns":3},{"damage":0,"enemies":"Gremlin Gang","floor":12,"turns":1},{"damage":4,"enemies":"Exordium Thugs","floor":14,"turns":3},{"damage":32,"enemies":"The Guardian","floor":16,"turns":9},{"damage":12,"enemies":"2 Thieves","floor":18,"turns":3},{"damage":0,"enemies":"3 Byrds","floor":19,"turns":4},{"damage":0,"enemies":"Snecko","floor":21,"turns":3},{"damage":2,"enemies":"Cultist and Chosen","floor":22,"turns":6},{"damage":17,"enemies":"Book of Stabbing","floor":23,"turns":6},{"damage":25,"enemies":"Slavers","floor":29,"turns":5},{"damage":2,"enemies":"Sentry and Sphere","floor":31,"turns":3},{"damage":43,"enemies":"Champ","floor":33,"turns":11},{"damage":10,"enemies":"Flame Bruiser 1 Orb","floor":35,"turns":3},{"damage":0,"enemies":"3 Shapes","floor":36,"turns":2},{"damage":75,"enemies":"Awakened One","floor":38,"turns":12}],"seed_played":"-238531052968367214","potions_obtained":[{"floor":11,"key":"Strength Potion"},{"floor":14,"key":"LiquidBronze"},{"floor":16,"key":"FearPotion"},{"floor":18,"key":"EntropicBrew"},{"floor":23,"key":"Block Potion"},{"floor":34,"key":"EssenceOfSteel"},{"floor":35,"key":"LiquidBronze"}],"is_trial":false,"path_per_floor":["M","M","$","?","M","R","M","$","T","?","M","M","R","M","R","B",null,"M","M","$","M","M","E","?","R","T","?","R","E","?","M","R","B",null,"M","M","?"],"character_chosen":"THE_SILENT","items_purchased":["Dash"],"campfire_rested":2,"item_purchase_floors":[3],"current_hp_per_floor":[70,69,69,69,69,69,69,69,69,69,69,69,69,65,65,33,70,58,58,58,58,56,39,39,60,60,60,60,35,35,33,54,27,75,65,65,65,0],"gold":343,"neow_bonus":"UPGRADE_CARD","is_prod":false,"is_daily":false,"chose_seed":false,"campfire_upgraded":4,"win_rate":0.0,"timestamp":1532917321,"path_taken":["M","M","$","?","M","R","?","?","T","?","?","M","R","M","R","BOSS","M","M","$","?","M","E","?","R","T","?","R","E","?","M","R","BOSS","M","M","?","BOSS"],"build_version":"2018-07-26","purchased_purges":2,"victory":false,"max_hp_per_floor":[70,70,70,70,70,70,70,70,70,70,70,70,70,70,70,70,70,70,70,70,70,70,70,70,70,70,70,70,70,70,70,70,70,75,75,75,75,75],"card_choices":[{"not_picked":["Outmaneuver","Dagger Throw"],"picked":"Slice","floor":1},{"not_picked":["Leg Sweep","Crippling Poison","Quick Slash"],"picked":"SKIP","floor":2},{"not_picked":["Quick Slash","Deadly Poison","PiercingWail"],"picked":"SKIP","floor":5},{"not_picked":["Backflip","PiercingWail"],"picked":"Dagger Spray","floor":7},{"not_picked":["Underhanded Strike","Predator","Deflect"],"picked":"SKIP","floor":11},{"not_picked":["Skewer","Acrobatics"],"picked":"Outmaneuver","floor":12},{"not_picked":["Finisher","Envenom"],"picked":"Dagger Throw","floor":14},{"not_picked":["Bullet Time","Malaise"],"picked":"Die Die Die","floor":16},{"not_picked":["Bane","PiercingWail"],"picked":"Footwork","floor":18},{"not_picked":["Quick Slash+1","Wraith Form v2"],"picked":"Flying Knee+1","floor":19},{"not_picked":["Riddle With Holes+1","Tactician"],"picked":"Deflect+1","floor":21},{"not_picked":["Acrobatics","Quick Slash"],"picked":"Dagger Spray+1","floor":22},{"not_picked":["Tools of the Trade","Deflect","Underhanded Strike+1"],"picked":"SKIP","floor":23},{"not_picked":["Eviscerate","Reflex","Predator"],"picked":"SKIP","floor":29},{"not_picked":["Blade Dance","Underhanded Strike"],"picked":"Backstab","floor":31},{"not_picked":["Venomology","Unload"],"picked":"Corpse Explosion","floor":33},{"not_picked":["Expertise","Deflect"],"picked":"Cloak And Dagger+1","floor":34},{"not_picked":["Masterful Stab","Predator+1"],"picked":"Endless Agony+1","floor":35},{"not_picked":["Noxious Fumes","Sucker Punch","Quick Slash"],"picked":"SKIP","floor":36}],"player_experience":76274,"relics_obtained":[{"floor":9,"key":"Letter Opener"},{"floor":23,"key":"Smiling Mask"},{"floor":26,"key":"Pantograph"},{"floor":29,"key":"Shuriken"}],"event_choices":[{"event_name":"The Cleric","player_choice":"Leave","floor":4,"damage_taken":0},{"event_name":"Accursed Blacksmith","player_choice":"Forge","floor":10,"damage_taken":0},{"event_name":"Addict","player_choice":"Obtained Relic","floor":24,"damage_taken":0},{"event_name":"Vampires","player_choice":"Ignored","floor":27,"damage_taken":0},{"event_name":"Back to Basics","player_choice":"Simplicity","floor":30,"damage_taken":0},{"event_name":"SecretPortal","player_choice":"Took Portal.","floor":37,"damage_taken":0}],"is_beta":false,"boss_relics":[{"not_picked":["Cursed Key","Pandora\u0027s Box"],"picked":"Astrolabe"},{"not_picked":["Black Star","Philosopher\u0027s Stone"],"picked":"Tiny House"}],"items_purged_floors":[3,20],"is_endless":false,"potions_floor_spawned":[11,14,16,18,22,23,35,36],"killed_by":"Awakened One","ascension_level":0}