{"gold_per_floor":[19,19,29,45,55,55,81,6,30,64,81,81,6,39,39,39],"floor_reached":16,"playtime":1426,"items_purged":["Strike_R"],"score":240,"play_id":"ad92d53e-2456-4691-8124-dacf97009987","local_time":"20190910222757","is_ascension_mode":true,"campfire_choices":[{"data":"Iron Wave","floor":6,"key":"SMITH"},{"floor":12,"key":"REST"},{"data":"Shrug It Off","floor":15,"key":"SMITH"}],"neow_cost":"NO_GOLD","seed_source_timestamp":134872333658764,"circlet_count":0,"master_deck":["AscendersBane","Strike_R","Strike_R","Defend_R","Defend_R","Defend_R","Bash+1","Iron Wave+1","Battle Trance","Pommel Strike","Shrug It Off+1","Offering"],"relics":["Burning Blood","PreservedInsect","Bag of Preparation","Bronze Scales","Thread and Needle"],"potions_floor_usage":[5,7,10],"damage_taken":[{"damage":6,"enemies":"2 Louse","floor":1,"turns":4},{"damage":7,"enemies":"Cultist","floor":3,"turns":4},{"damage":14,"enemies":"Small Slimes","floor":4,"turns":3},{"damage":12,"enemies":"Exordium Wildlife","floor":5,"turns":5},{"damage":31,"enemies":"3 Sentries","floor":7,"turns":11},{"damage":21,"enemies":"Gremlin Nob","floor":10,"turns":4},{"damage":6,"enemies":"Blue Slaver","floor":11,"turns":2},{"damage":11,"enemies":"Lagavulin","floor":14,"turns":3},{"damage":51,"enemies":"Slime Boss","floor":16,"turns":8}],"seed_played":"7906920297124984332","potions_obtained":[{"floor":1,"key":"GamblersBrew"},{"floor":3,"key":"Block Potion"},{"floor":7,"key":"Regen Potion"}],"is_trial":false,"path_per_floor":["M","?","M","M","M","R","E","$","T","E","M","R","?","E","R","B"],"character_chosen":"IRONCLAD","items_purchased":[],"campfire_rested":1,"item_purchase_floors":[],"current_hp_per_floor":[68,68,67,59,53,53,28,28,28,25,25,47,47,42,42,0],"gold":39,"neow_bonus":"REMOVE_TWO","is_prod":false,"is_daily":false,"chose_seed":false,"campfire_upgraded":2,"win_rate":0,"timestamp":1568147277,"path_taken":["M","?","M","?","M","R","E","$","T","E","M","R","?","E","R","BOSS"],"build_version":"2019-07-17","purchased_purges":1,"victory":false,"max_hp_per_floor":[75,75,75,75,75,75,75,75,75,75,75,75,75,75,75,75],"card_choices":[{"not_picked":["Second Wind","Perfected Strike"],"picked":"Iron Wave","floor":1},{"not_picked":["Armaments","Anger"],"picked":"Battle Trance","floor":3},{"not_picked":["Heavy Blade","Dropkick"],"picked":"Pommel Strike","floor":4},{"not_picked":["Body Slam","Clash","Infernal Blade"],"picked":"SKIP","floor":5},{"not_picked":["Blood for Blood","Iron Wave"],"picked":"Shrug It Off","floor":7},{"not_picked":["Iron Wave","Cleave"],"picked":"Offering","floor":10},{"not_picked":["Headbutt","Pommel Strike","Heavy Blade"],"picked":"SKIP","floor":11},{"not_picked":["Warcry","Body Slam","Flex"],"picked":"SKIP","floor":14}],"player_experience":808590,"relics_obtained":[{"floor":7,"key":"PreservedInsect"},{"floor":9,"key":"Bag of Preparation"},{"floor":10,"key":"Bronze Scales"},{"floor":14,"key":"Thread and Needle"}],"event_choices":[{"damage_healed":0,"gold_gain":0,"player_choice":"Forge","damage_taken":0,"max_hp_gain":0,"max_hp_loss":0,"event_name":"Accursed Blacksmith","floor":2,"gold_loss":0,"cards_upgraded":["Bash"]},{"cards_removed":["Defend_R"],"damage_healed":0,"gold_gain":0,"player_choice":"Card Removal","damage_taken":0,"max_hp_gain":0,"max_hp_loss":0,"event_name":"The Cleric","floor":13,"gold_loss":75}],"is_beta":false,"boss_relics":[],"items_purged_floors":[8],"is_endless":false,"potions_floor_spawned":[1,3,7],"killed_by":"Slime Boss","ascension_level":20}