{"gold_per_floor":[214,389,28,41,116,145,145,171,171,20,20,32,48,58,58,160,160,177,177,177,187,204,204,204],"floor_reached":24,"playtime":1362,"items_purged":["Doubt","Strike_R"],"score":206,"play_id":"4d6cdc5d-941f-4787-a703-0e599898bc63","local_time":"20190908202327","is_ascension_mode":false,"campfire_choices":[{"floor":7,"key":"REST"},{"floor":11,"key":"REST"},{"floor":15,"key":"REST"},{"floor":23,"key":"REST"}],"neow_cost":"NONE","seed_source_timestamp":37841242571302,"circlet_count":0,"master_deck":["Strike_R","Strike_R","Strike_R","Strike_R","Defend_R","Defend_R","Defend_R","Defend_R","Bash","Spot Weakness","Body Slam","Pommel Strike","Armaments","Fiend Fire","Sentinel","Heavy Blade","Demon Form","Second Wind+1","Evolve","Juggernaut","Deep Breath","Corruption"],"relics":["Burning Blood","Dead Branch","Darkstone Periapt","Du-Vu Doll","Gremlin Horn","Mark of Pain"],"potions_floor_usage":[6,8,14,16],"damage_taken":[{"damage":1,"enemies":"Cultist","floor":1,"turns":3},{"damage":0,"enemies":"Small Slimes","floor":4,"turns":3},{"damage":35,"enemies":"3 Sentries","floor":6,"turns":5},{"damage":53,"enemies":"Lagavulin","floor":8,"turns":7},{"damage":9,"enemies":"2 Louse","floor":12,"turns":3},{"damage":6,"enemies":"2 Fungi Beasts","floor":13,"turns":3},{"damage":6,"enemies":"Lots of Slimes","floor":14,"turns":4},{"damage":76,"enemies":"Hexaghost","floor":16,"turns":13},{"damage":34,"enemies":"3 Byrds","floor":18,"turns":5},{"damage":35,"enemies":"Shell Parasite","floor":21,"turns":6},{"damage":11,"enemies":"Snake Plant","floor":22,"turns":4},{"damage":44,"enemies":"Slavers","floor":24,"turns":2}],"seed_played":"-1003827707900154776","potions_obtained":[{"floor":1,"key":"PowerPotion"},{"floor":4,"key":"Strength Potion"},{"floor":12,"key":"LiquidBronze"},{"floor":14,"key":"Regen Potion"}],"is_trial":false,"path_per_floor":["M","?","$","M","?","E","R","E","T","$","R","M","M","M","R","B",null,"M","?","?","M","M","R","E"],"character_chosen":"IRONCLAD","items_purchased":["Dead Branch","Armaments"],"campfire_rested":4,"item_purchase_floors":[3,10],"current_hp_per_floor":[80,80,80,80,69,40,64,17,17,17,41,38,38,38,62,7,80,52,52,52,23,18,42,0],"gold":204,"neow_bonus":"HUNDRED_GOLD","is_prod":false,"is_daily":false,"chose_seed":false,"campfire_upgraded":0,"win_rate":0,"timestamp":1567945407,"path_taken":["M","?","$","M","?","E","R","E","T","$","R","M","M","M","R","BOSS","M","?","?","?","M","R","E"],"build_version":"2019-07-17","purchased_purges":2,"victory":false,"max_hp_per_floor":[80,80,80,80,80,80,80,80,80,80,80,80,80,80,80,80,80,80,80,80,80,80,80,80],"card_choices":[{"not_picked":["Entrench","Feel No Pain"],"picked":"Spot Weakness","floor":1},{"not_picked":["Dropkick","Anger"],"picked":"Body Slam","floor":4},{"not_picked":["Perfected Strike","Clash"],"picked":"Pommel Strike","floor":6},{"not_picked":["Headbutt","Body Slam","Thunderclap"],"picked":"SKIP","floor":8},{"not_picked":["Perfected Strike","Clash"],"picked":"Fiend Fire","floor":12},{"not_picked":["Clothesline","Perfected Strike"],"picked":"Sentinel","floor":13},{"not_picked":["Fire Breathing","Pommel Strike"],"picked":"Heavy Blade","floor":14},{"not_picked":["Fiend Fire","Offering"],"picked":"Demon Form","floor":16},{"not_picked":["Anger","Perfected Strike"],"picked":"Second Wind+1","floor":18},{"not_picked":["Wild Strike","Entrench"],"picked":"Corruption","floor":21},{"not_picked":["Iron Wave","Pommel Strike","Rampage"],"picked":"SKIP","floor":22}],"player_experience":333516,"relics_obtained":[{"floor":6,"key":"Darkstone Periapt"},{"floor":8,"key":"Du-Vu Doll"},{"floor":9,"key":"Gremlin Horn"}],"event_choices":[{"damage_healed":0,"gold_gain":175,"player_choice":"AGREE","damage_taken":0,"max_hp_gain":0,"max_hp_loss":0,"event_name":"Liars Game","floor":2,"gold_loss":0,"cards_obtained":["Doubt"]},{"damage_healed":0,"gold_gain":75,"player_choice":"Gather Gold","damage_taken":11,"max_hp_gain":0,"max_hp_loss":0,"event_name":"World of Goop","floor":5,"gold_loss":0},{"damage_healed":0,"gold_gain":0,"player_choice":"Read","damage_taken":0,"max_hp_gain":0,"max_hp_loss":0,"event_name":"The Library","floor":19,"gold_loss":0,"cards_obtained":["Evolve"]},{"damage_healed":0,"gold_gain":0,"player_choice":"2 cards matched","damage_taken":0,"max_hp_gain":0,"max_hp_loss":0,"event_name":"Match and Keep!","floor":20,"gold_loss":0,"cards_obtained":["Juggernaut","Deep Breath"]}],"is_beta":false,"boss_relics":[{"not_picked":["Ectoplasm","Calling Bell"],"picked":"Mark of Pain"}],"items_purged_floors":[3,10],"is_endless":false,"potions_floor_spawned":[1,4,12,14],"killed_by":"Slavers","ascension_level":0}