{"gold_per_floor":[141,161,236,122,146,146,321,321,348,348,361,379,379,389,389,389],"floor_reached":16,"playtime":1341,"items_purged":["Accuracy"],"score":117,"play_id":"3417bdb0-9aff-49bd-8f01-4703cba2f707","local_time":"20190527234643","is_ascension_mode":true,"campfire_choices":[{"data":"Bouncing Flask","floor":6.0,"key":"SMITH"},{"data":"Neutralize","floor":8.0,"key":"SMITH"},{"data":"Survivor","floor":10.0,"key":"SMITH"},{"floor":15.0,"key":"REST"}],"neow_cost":"NONE","seed_source_timestamp":1088073012475524,"circlet_count":0,"master_deck":["Defend_G","Defend_G","Defend_G","Defend_G","Defend_G","Strike_G","Strike_G","Strike_G","Strike_G","Strike_G","Survivor+1","Neutralize+1","Bouncing Flask+1","Prepared","Tactician"],"special_seed":0,"relics":["Ring of the Snake","Tiny Chest","Vajra","Blood Vial"],"potions_floor_usage":[16,16],"damage_taken":[{"damage":0.0,"enemies":"Small Slimes","floor":1.0,"turns":5.0},{"damage":1.0,"enemies":"Jaw Worm","floor":2.0,"turns":5.0},{"damage":0.0,"enemies":"2 Louse","floor":11.0,"turns":3.0},{"damage":6.0,"enemies":"2 Fungi Beasts","floor":12.0,"turns":4.0},{"damage":3.0,"enemies":"Exordium Thugs","floor":14.0,"turns":5.0},{"damage":66,"enemies":"Slime Boss","floor":16,"turns":9}],"seed_played":"-6455228739363282831","potions_obtained":[{"floor":1.0,"key":"Block Potion"},{"floor":2.0,"key":"PowerPotion"},{"floor":14.0,"key":"PowerPotion"}],"is_trial":false,"path_per_floor":["M","M","?","$","T","R","?","R","T","R","M","M","?","M","R","B"],"character_chosen":"THE_SILENT","items_purchased":["Bouncing Flask"],"campfire_rested":1,"item_purchase_floors":[4],"current_hp_per_floor":[63,62,51,51,51,51,51,51,51,51,53,49,42,41,62,0],"gold":389,"neow_bonus":"RANDOM_COMMON_RELIC","is_prod":false,"is_daily":false,"chose_seed":false,"campfire_upgraded":3,"win_rate":0,"timestamp":1559015203,"path_taken":["M","M","?","$","?","R","?","R","T","R","M","M","?","?","R","BOSS"],"build_version":"2019-01-23","purchased_purges":1,"victory":false,"max_hp_per_floor":[70,70,70,70,70,70,70,70,70,70,70,70,70,70,70,70],"card_choices":[{"not_picked":["Eviscerate","Infinite Blades"],"picked":"Accuracy","floor":1.0},{"not_picked":["Slice","Setup","Dash"],"picked":"SKIP","floor":2.0},{"not_picked":["Terror","Slice"],"picked":"Prepared","floor":11.0},{"not_picked":["Calculated Gamble","Quick Slash"],"picked":"Tactician","floor":12.0},{"not_picked":["Quick Slash","PiercingWail","Acrobatics"],"picked":"SKIP","floor":14.0}],"player_experience":288295,"relics_obtained":[{"floor":5.0,"key":"Vajra"},{"floor":9.0,"key":"Blood Vial"}],"event_choices":[{"damage_healed":0.0,"max_hp_gain":0.0,"max_hp_loss":0.0,"gold_gain":75.0,"event_name":"World of Goop","player_choice":"Gather Gold","floor":3.0,"gold_loss":0.0,"damage_taken":11.0},{"damage_healed":0.0,"max_hp_gain":0.0,"max_hp_loss":0.0,"gold_gain":175.0,"event_name":"Liars Game","player_choice":"AGREE","floor":7.0,"gold_loss":0.0,"damage_taken":0.0,"cards_obtained":["Doubt"]},{"cards_removed":["Doubt"],"damage_healed":0.0,"max_hp_gain":0.0,"max_hp_loss":0.0,"gold_gain":0.0,"event_name":"Golden Wing","player_choice":"Card Removal","floor":13.0,"gold_loss":0.0,"damage_taken":7.0}],"is_beta":false,"boss_relics":[],"items_purged_floors":[4],"is_endless":false,"potions_floor_spawned":[1,2,14],"killed_by":"Slime Boss","ascension_level":6}