{"gold_per_floor":[110,127,23,35,46,75,75,101,101,114,128,128,74,74,74,74],"floor_reached":16,"playtime":1133,"items_purged":["Strike_R"],"score":324,"play_id":"2d2ed741-f3ad-4736-8fab-76e99f19dde2","local_time":"20190910220354","is_ascension_mode":true,"campfire_choices":[{"data":"Armaments","floor":7,"key":"SMITH"},{"floor":12,"key":"REST"},{"floor":15,"key":"DIG"}],"neow_cost":"NONE","seed_source_timestamp":0,"circlet_count":0,"master_deck":["AscendersBane","Strike_R","Strike_R","Strike_R","Strike_R","Defend_R","Defend_R","Defend_R","Defend_R","Bash","Cleave","Anger","Armaments+1","Shrug It Off","True Grit","Headbutt","Clothesline","True Grit","Shrug It Off"],"special_seed":0,"relics":["Burning Blood","Bag of Preparation","Shovel","Dodecahedron","Letter Opener","Blue Candle"],"potions_floor_usage":[6,6,8,16],"damage_taken":[{"damage":1,"enemies":"Cultist","floor":1,"turns":3},{"damage":7,"enemies":"Small Slimes","floor":2,"turns":3},{"damage":7,"enemies":"Jaw Worm","floor":4,"turns":3},{"damage":1,"enemies":"3 Louse","floor":5,"turns":3},{"damage":25,"enemies":"Lagavulin","floor":6,"turns":6},{"damage":31,"enemies":"Gremlin Nob","floor":8,"turns":4},{"damage":19,"enemies":"Gremlin Gang","floor":10,"turns":5},{"damage":15,"enemies":"Red Slaver","floor":11,"turns":4},{"damage":59,"enemies":"Slime Boss","floor":16,"turns":7}],"seed_played":"7430171221640205293","potions_obtained":[{"floor":2,"key":"Explosive Potion"},{"floor":5,"key":"AttackPotion"},{"floor":6,"key":"Energy Potion"},{"floor":11,"key":"BloodPotion"}],"is_trial":false,"path_per_floor":["M","M","$","M","M","E","R","E","T","M","M","R","$","$","R","B"],"character_chosen":"IRONCLAD","items_purchased":["Armaments","Shrug It Off"],"campfire_rested":1,"item_purchase_floors":[3,13],"current_hp_per_floor":[73,72,72,71,75,56,56,31,31,18,9,31,31,31,31,0],"gold":74,"neow_bonus":"RANDOM_COMMON_RELIC","is_prod":false,"is_daily":false,"chose_seed":false,"campfire_upgraded":1,"win_rate":0,"timestamp":1568145834,"path_taken":["M","M","$","?","M","E","R","E","T","M","M","R","?","$","R","BOSS"],"build_version":"2019-07-17","purchased_purges":1,"victory":false,"max_hp_per_floor":[75,75,75,75,75,75,75,75,75,75,75,75,75,75,75,75],"card_choices":[{"not_picked":["Wild Strike","Intimidate"],"picked":"Cleave","floor":1},{"not_picked":["Warcry","Wild Strike"],"picked":"Anger","floor":2},{"not_picked":["Dual Wield","True Grit"],"picked":"Shrug It Off","floor":4},{"not_picked":["Anger","Rage"],"picked":"True Grit","floor":5},{"not_picked":["Clash","Entrench"],"picked":"Headbutt","floor":6},{"not_picked":["Sword Boomerang","Iron Wave","Infernal Blade"],"picked":"SKIP","floor":8},{"not_picked":["Armaments","Spot Weakness"],"picked":"Clothesline","floor":10},{"not_picked":["Immolate","Wild Strike"],"picked":"True Grit","floor":11}],"player_experience":807457,"relics_obtained":[{"floor":6,"key":"Shovel"},{"floor":8,"key":"Dodecahedron"},{"floor":9,"key":"Letter Opener"},{"floor":15,"key":"Blue Candle"}],"event_choices":[],"is_beta":false,"boss_relics":[],"items_purged_floors":[3],"is_endless":false,"potions_floor_spawned":[2,5,6,11],"killed_by":"Slime Boss","ascension_level":20}