{"gold_per_floor":[110,126,145,161,86,86,120,20,43,43,43,59,89,106,106,106],"floor_reached":16,"playtime":650,"items_purged":["Strike_R","Strike_R"],"score":102,"play_id":"7446cdbf-0da9-4964-abc2-34aaf751b878","local_time":"20190911215654","is_ascension_mode":false,"campfire_choices":[{"data":"Pommel Strike","floor":6,"key":"SMITH"},{"floor":15,"key":"REST"}],"neow_cost":"NONE","seed_source_timestamp":526920144575800,"circlet_count":0,"master_deck":["Strike_R+1","Strike_R","Strike_R+1","Defend_R","Defend_R","Defend_R","Defend_R","Bash","Pommel Strike+1"],"relics":["Burning Blood","Oddly Smooth Stone","Whetstone","Happy Flower","Strawberry","Mummified Hand"],"potions_floor_usage":[4,7,16,16],"damage_taken":[{"damage":0,"enemies":"Cultist","floor":1,"turns":3},{"damage":2,"enemies":"Small Slimes","floor":2,"turns":3},{"damage":1,"enemies":"2 Louse","floor":3,"turns":3},{"damage":0,"enemies":"Large Slime","floor":4,"turns":5},{"damage":37,"enemies":"Lagavulin","floor":7,"turns":6},{"damage":16,"enemies":"Gremlin Gang","floor":12,"turns":6},{"damage":0,"enemies":"Looter","floor":14,"turns":4},{"damage":66,"enemies":"Hexaghost","floor":16,"turns":11}],"seed_played":"1916252194100708454","potions_obtained":[{"floor":1,"key":"SteroidPotion"},{"floor":3,"key":"Fire Potion"},{"floor":12,"key":"FearPotion"},{"floor":14,"key":"Energy Potion"}],"is_trial":false,"path_per_floor":["M","M","M","M","$","R","E","$","T","?","?","M","?","M","R","B"],"character_chosen":"IRONCLAD","items_purchased":[],"campfire_rested":1,"item_purchase_floors":[],"current_hp_per_floor":[80,80,80,80,80,80,49,49,49,38,43,33,33,39,66,0],"gold":106,"neow_bonus":"RANDOM_COMMON_RELIC","is_prod":false,"is_daily":false,"chose_seed":false,"campfire_upgraded":1,"win_rate":0,"timestamp":1568264214,"path_taken":["M","M","M","?","?","R","E","$","T","?","?","M","?","M","R","BOSS"],"build_version":"2019-07-17","purchased_purges":2,"victory":false,"max_hp_per_floor":[80,80,80,80,80,80,80,80,80,87,92,92,92,92,92,92],"card_choices":[{"not_picked":["True Grit","Feel No Pain","Anger"],"picked":"SKIP","floor":1},{"not_picked":["Bloodletting","True Grit","Spot Weakness"],"picked":"SKIP","floor":2},{"not_picked":["Seeing Red","Entrench"],"picked":"Pommel Strike","floor":3},{"not_picked":["Intimidate","Rupture","Reckless Charge"],"picked":"SKIP","floor":4},{"not_picked":["Entrench","Havoc","Exhume"],"picked":"SKIP","floor":7},{"not_picked":["True Grit","Flame Barrier","Twin Strike"],"picked":"SKIP","floor":12},{"not_picked":["Iron Wave","Heavy Blade","Infernal Blade"],"picked":"SKIP","floor":14}],"player_experience":926839,"relics_obtained":[{"floor":7,"key":"Whetstone"},{"floor":9,"key":"Happy Flower"}],"event_choices":[{"damage_healed":0,"gold_gain":0,"player_choice":"Success","damage_taken":18,"relics_obtained":["Strawberry"],"max_hp_gain":0,"max_hp_loss":0,"event_name":"Scrap Ooze","floor":10,"gold_loss":0},{"damage_healed":0,"gold_gain":0,"player_choice":"Donut","damage_taken":0,"max_hp_gain":5,"max_hp_loss":0,"event_name":"Big Fish","floor":11,"gold_loss":0},{"damage_healed":0,"gold_gain":30,"player_choice":"Searched \u00272\u0027 times","damage_taken":0,"relics_obtained":["Mummified Hand"],"max_hp_gain":0,"max_hp_loss":0,"event_name":"Dead Adventurer","floor":13,"gold_loss":0}],"is_beta":false,"boss_relics":[],"items_purged_floors":[5,8],"is_endless":false,"potions_floor_spawned":[1,3,12,14],"killed_by":"Hexaghost","ascension_level":0}