{"gold_per_floor":[109,128,20,95,75,108,108,120,120,120,120,136,136,8,8,82,82,93,43,43,43,55,55,72,86,168,168,178,178,191,202,202,275,275,286,78,78,124,142,142],"floor_reached":40,"playtime":3428,"items_purged":["Strike_R","Strike_R+1"],"score":695,"play_id":"d4bca7c6-76a1-416c-a202-a6e855ca4ec2","local_time":"20190818004250","is_ascension_mode":true,"campfire_choices":[{"data":"Body Slam","floor":7,"key":"SMITH"},{"data":"True Grit","floor":10,"key":"SMITH"},{"data":"1","floor":13,"key":"LIFT"},{"data":"2","floor":15,"key":"LIFT"},{"data":"Uppercut","floor":23,"key":"SMITH"},{"data":"3","floor":27,"key":"LIFT"},{"data":"Feel No Pain","floor":29,"key":"SMITH"},{"data":"Seeing Red","floor":32,"key":"SMITH"}],"neow_cost":"NONE","seed_source_timestamp":91895362304522,"circlet_count":0,"master_deck":["AscendersBane","Strike_R+1","Strike_R+1","Strike_R+1","Defend_R+1","Defend_R+1","Defend_R+1","Defend_R+1","Bash","Shrug It Off","Shrug It Off","Dark Shackles","Body Slam+1","True Grit+1","Headbutt","Feel No Pain+1","Seeing Red+1","Exhume","Uppercut+1","Anger","Whirlwind","Anger","Shrug It Off+1","Limit Break","Shockwave+1","True Grit"],"relics":["Black Blood","Anchor","Smiling Mask","Kunai","Girya","Sozu","Pantograph","Vajra","Prayer Wheel"],"potions_floor_usage":[6,16,38],"damage_taken":[{"damage":2,"enemies":"Jaw Worm","floor":1,"turns":4},{"damage":0,"enemies":"2 Louse","floor":2,"turns":3},{"damage":34,"enemies":"Lagavulin","floor":6,"turns":8},{"damage":0,"enemies":"Cultist","floor":8,"turns":4},{"damage":0,"enemies":"Exordium Wildlife","floor":12,"turns":4},{"damage":28,"enemies":"Slime Boss","floor":16,"turns":12},{"damage":0,"enemies":"Shell Parasite","floor":18,"turns":4},{"damage":0,"enemies":"2 Thieves","floor":22,"turns":4},{"damage":9,"enemies":"Snecko","floor":24,"turns":5},{"damage":0,"enemies":"Centurion and Healer","floor":25,"turns":5},{"damage":8,"enemies":"Snake Plant","floor":28,"turns":4},{"damage":0,"enemies":"Chosen and Byrds","floor":30,"turns":4},{"damage":1,"enemies":"Cultist and Chosen","floor":31,"turns":5},{"damage":46,"enemies":"Automaton","floor":33,"turns":10},{"damage":17,"enemies":"3 Shapes","floor":35,"turns":4},{"damage":14,"enemies":"2 Orb Walkers","floor":38,"turns":3},{"damage":8,"enemies":"Orb Walker","floor":39,"turns":4},{"damage":66,"enemies":"Reptomancer","floor":40,"turns":7}],"seed_played":"7883346058041251273","potions_obtained":[{"floor":5,"key":"SkillPotion"},{"floor":6,"key":"SpeedPotion"},{"floor":8,"key":"FearPotion"},{"floor":12,"key":"FearPotion"}],"is_trial":false,"path_per_floor":["M","M","$","?","?","E","R","M","T","R","?","M","R","$","R","B",null,"M","$","?","$","M","R","M","M","T","R","M","R","M","M","R","B",null,"M","$","?","?","M","E"],"character_chosen":"IRONCLAD","items_purchased":["Dark Shackles","Feel No Pain","Seeing Red","Vajra"],"campfire_rested":0,"item_purchase_floors":[3,14,14,36],"current_hp_per_floor":[72,75,75,64,64,36,36,42,42,42,42,48,48,48,48,26,63,69,69,69,69,75,75,72,75,75,75,73,73,75,75,75,35,65,58,58,58,54,56,0],"gold":142,"neow_bonus":"RANDOM_COMMON_RELIC","is_prod":false,"is_daily":false,"chose_seed":false,"campfire_upgraded":5,"win_rate":0,"timestamp":1566081770,"path_taken":["M","M","$","?","?","E","R","?","T","R","?","M","R","$","R","BOSS","M","?","?","?","M","R","M","M","T","R","M","R","M","M","R","BOSS","M","$","?","?","M","E"],"build_version":"2019-07-17","purchased_purges":2,"victory":false,"max_hp_per_floor":[75,75,75,75,75,75,75,75,75,75,75,75,75,75,75,75,75,75,75,75,75,75,75,75,75,75,75,75,75,75,75,75,75,75,75,75,71,71,71,71],"card_choices":[{"not_picked":["Wild Strike","Warcry"],"picked":"Shrug It Off","floor":1},{"not_picked":["Flex","Armaments"],"picked":"Shrug It Off","floor":2},{"not_picked":["Fire Breathing","Twin Strike"],"picked":"Body Slam","floor":6},{"not_picked":["Perfected Strike","Havoc"],"picked":"True Grit","floor":8},{"not_picked":["Armaments","Rupture"],"picked":"Headbutt","floor":12},{"not_picked":["Brutality","Immolate"],"picked":"Exhume","floor":16},{"not_picked":["Fire Breathing","Twin Strike"],"picked":"Uppercut","floor":18},{"not_picked":["Blood for Blood","Pommel Strike"],"picked":"Anger","floor":22},{"not_picked":["Wild Strike+1","Sword Boomerang+1"],"picked":"Whirlwind","floor":24},{"not_picked":["Sword Boomerang","Power Through","Sever Soul"],"picked":"SKIP","floor":25},{"not_picked":["Carnage","Inflame"],"picked":"Anger","floor":28},{"not_picked":["Thunderclap","Havoc"],"picked":"Shrug It Off+1","floor":30},{"not_picked":["Perfected Strike","Flex","Thunderclap"],"picked":"SKIP","floor":31},{"not_picked":["Immolate","Demon Form"],"picked":"Limit Break","floor":33},{"not_picked":["Hemokinesis+1","Uppercut+1"],"picked":"Shockwave+1","floor":35},{"not_picked":["Seeing Red","Dual Wield"],"picked":"True Grit","floor":38},{"not_picked":["Sword Boomerang","Intimidate+1","Dropkick"],"picked":"SKIP","floor":39},{"not_picked":["Anger","Clash+1","Blood for Blood"],"picked":"SKIP","floor":39}],"player_experience":715616,"relics_obtained":[{"floor":6,"key":"Smiling Mask"},{"floor":9,"key":"Kunai"},{"floor":26,"key":"Pantograph"},{"floor":38,"key":"Prayer Wheel"}],"event_choices":[{"damage_healed":0,"gold_gain":75,"player_choice":"Gather Gold","damage_taken":11,"max_hp_gain":0,"max_hp_loss":0,"event_name":"World of Goop","floor":4,"gold_loss":0},{"damage_healed":0,"gold_gain":0,"player_choice":"Bought 1 Potion","damage_taken":0,"max_hp_gain":0,"max_hp_loss":0,"event_name":"The Woman in Blue","floor":5,"gold_loss":0},{"damage_healed":0,"gold_gain":0,"player_choice":"Gave Potion","damage_taken":0,"relics_obtained":["Girya"],"max_hp_gain":0,"max_hp_loss":0,"event_name":"WeMeetAgain","floor":11,"gold_loss":0},{"damage_healed":0,"gold_gain":0,"player_choice":"Simplicity","damage_taken":0,"max_hp_gain":0,"max_hp_loss":0,"event_name":"Back to Basics","floor":20,"gold_loss":0,"cards_upgraded":["Strike_R","Strike_R","Strike_R","Strike_R","Defend_R","Defend_R","Defend_R","Defend_R"]},{"damage_healed":0,"gold_gain":0,"player_choice":"Max HP","damage_taken":0,"max_hp_gain":0,"max_hp_loss":4,"event_name":"Winding Halls","floor":37,"gold_loss":0},{"damage_healed":0,"gold_gain":0,"player_choice":"Fight","damage_taken":0,"max_hp_gain":0,"max_hp_loss":0,"event_name":"Mysterious Sphere","floor":38,"gold_loss":0}],"is_beta":false,"boss_relics":[{"not_picked":["Runic Pyramid","Lizard Tail"],"picked":"Sozu"},{"not_picked":["Fusion Hammer","White Beast Statue"],"picked":"Black Blood"}],"items_purged_floors":[19,36],"is_endless":false,"potions_floor_spawned":[6,8,12,24,25,31,33,35],"killed_by":"Reptomancer","ascension_level":16}