{"gold_per_floor":[219,169,169,89,113,113,113,113,139,154,154,169,190,190,190,190],"floor_reached":16,"playtime":622,"items_purged":[],"score":90,"play_id":"0654d7d6-5e30-4e26-950b-65e9daff0438","local_time":"20190617235341","is_ascension_mode":false,"campfire_choices":[{"data":"Blur","floor":6,"key":"SMITH"},{"floor":8,"key":"REST"},{"data":"Dagger Throw","floor":11,"key":"SMITH"},{"floor":15,"key":"REST"}],"neow_cost":"NONE","seed_source_timestamp":348353601872939,"circlet_count":0,"master_deck":["Defend_G","Defend_G","Defend_G","Defend_G","Defend_G","Strike_G","Strike_G","Strike_G","Strike_G","Survivor","Neutralize","Backflip","Blur+1","Deflect","Regret","Dagger Throw+1","Footwork"],"relics":["Ring of the Snake","Golden Idol","Shuriken","Smiling Mask","Art of War"],"potions_floor_usage":[],"damage_taken":[{"damage":0,"enemies":"Jaw Worm","floor":1,"turns":7},{"damage":0,"enemies":"Small Slimes","floor":5,"turns":7},{"damage":7,"enemies":"2 Louse","floor":10,"turns":7},{"damage":8,"enemies":"Large Slime","floor":12,"turns":7},{"damage":0,"enemies":"3 Louse","floor":13,"turns":4},{"damage":51,"enemies":"Slime Boss","floor":16,"turns":9}],"seed_played":"-6905173280075183311","potions_obtained":[{"floor":12,"key":"Poison Potion"}],"is_trial":false,"path_per_floor":["M","?","?","$","M","R","?","R","T","M","R","M","M","?","R","B"],"character_chosen":"THE_SILENT","items_purchased":["Blur"],"campfire_rested":2,"item_purchase_floors":[4],"current_hp_per_floor":[70,70,53,53,53,53,53,70,70,63,63,55,55,30,51,0],"gold":190,"neow_bonus":"HUNDRED_GOLD","is_prod":false,"is_daily":false,"chose_seed":false,"campfire_upgraded":2,"win_rate":0,"timestamp":1560830021,"path_taken":["M","?","?","$","M","R","?","R","T","M","R","M","M","?","R","BOSS"],"build_version":"2019-01-23","purchased_purges":0,"victory":false,"max_hp_per_floor":[70,70,70,70,70,70,70,70,70,70,70,70,70,70,70,70],"card_choices":[{"not_picked":["Poisoned Stab","Underhanded Strike"],"picked":"Backflip","floor":1},{"not_picked":["Expertise","Flying Knee"],"picked":"Deflect","floor":5},{"not_picked":["Crippling Poison","Underhanded Strike","Dagger Throw"],"picked":"SKIP","floor":10},{"not_picked":["Crippling Poison","Underhanded Strike","Dagger Throw"],"picked":"SKIP","floor":10},{"not_picked":["Crippling Poison","Underhanded Strike"],"picked":"Dagger Throw","floor":10},{"not_picked":["Backflip","Blade Dance"],"picked":"Footwork","floor":12},{"not_picked":["Catalyst","Endless Agony","Quick Slash"],"picked":"SKIP","floor":13}],"player_experience":382024,"relics_obtained":[{"floor":9,"key":"Smiling Mask"}],"event_choices":[{"cards_removed":["Strike_G"],"damage_healed":0,"gold_gain":0,"player_choice":"Card Removal","damage_taken":0,"max_hp_gain":0,"max_hp_loss":0,"event_name":"The Cleric","floor":2,"gold_loss":50},{"damage_healed":0,"gold_gain":0,"player_choice":"Take Damage","damage_taken":17,"relics_obtained":["Golden Idol"],"max_hp_gain":0,"max_hp_loss":0,"event_name":"Golden Idol","floor":3,"gold_loss":0},{"damage_healed":0,"gold_gain":0,"player_choice":"Box","damage_taken":0,"relics_obtained":["Shuriken"],"max_hp_gain":0,"max_hp_loss":0,"event_name":"Big Fish","floor":7,"gold_loss":0,"cards_obtained":["Regret"]},{"damage_healed":0,"gold_gain":0,"player_choice":"Success","damage_taken":25,"relics_obtained":["Art of War"],"max_hp_gain":0,"max_hp_loss":0,"event_name":"Scrap Ooze","floor":14,"gold_loss":0}],"is_beta":false,"boss_relics":[],"items_purged_floors":[],"is_endless":false,"potions_floor_spawned":[12],"killed_by":"Slime Boss","ascension_level":0}