{"gold_per_floor":[11,0,14,27,4,4,33,33,58,58,58,233,233,251,251,251],"floor_reached":16,"playtime":739,"items_purged":[],"score":98,"play_id":"d00cb399-15a9-4766-ac4f-d1dadc5cb0f9","local_time":"20180811162044","is_ascension_mode":false,"campfire_choices":[{"data":"Dash","floor":6.0,"key":"SMITH"},{"floor":8.0,"key":"REST"},{"floor":11.0,"key":"REST"},{"data":"Distraction","floor":13.0,"key":"SMITH"},{"data":"Distraction","floor":15.0,"key":"SMITH"}],"neow_cost":"NO_GOLD","seed_source_timestamp":416884119025166,"circlet_count":0,"master_deck":["Defend_G","Defend_G","Defend_G","Defend_G","Strike_G+1","Strike_G+1","Strike_G","Strike_G","Survivor","Neutralize","Cloak And Dagger+1","Dash+1","Deflect+1","Dodge and Roll","Distraction+1","Sucker Punch","Distraction+1","Doubt"],"special_seed":0,"relics":["Ring of the Snake","Dream Catcher","Whetstone"],"potions_floor_usage":[],"damage_taken":[{"damage":0.0,"enemies":"Small Slimes","floor":1.0,"turns":4.0},{"damage":1.0,"enemies":"Jaw Worm","floor":3.0,"turns":5.0},{"damage":0.0,"enemies":"2 Louse","floor":4.0,"turns":2.0},{"damage":31.0,"enemies":"Gremlin Nob","floor":7.0,"turns":6.0},{"damage":3.0,"enemies":"Looter","floor":14.0,"turns":4.0},{"damage":70,"enemies":"Slime Boss","floor":16,"turns":18}],"seed_played":"-7023276882715118215","potions_obtained":[{"floor":7.0,"key":"PowerPotion"}],"is_trial":false,"path_per_floor":["M","?","M","M","$","R","E","R","T","?","R","?","R","M","R"],"character_chosen":"THE_SILENT","items_purchased":["Dodge and Roll"],"campfire_rested":2,"item_purchase_floors":[5],"current_hp_per_floor":[70,70,69,69,69,69,38,59,59,45,66,66,66,63,63,0],"gold":251,"neow_bonus":"REMOVE_TWO","is_prod":false,"is_daily":false,"chose_seed":false,"campfire_upgraded":3,"win_rate":0.0,"timestamp":1534018844,"path_taken":["M","?","M","M","?","R","E","R","T","?","R","?","R","M","R","BOSS"],"build_version":"2018-08-09","purchased_purges":0,"victory":false,"max_hp_per_floor":[70,70,70,70,70,70,70,70,70,70,70,70,70,70,70,70],"card_choices":[{"not_picked":["Sucker Punch","Crippling Poison"],"picked":"Cloak And Dagger","floor":1.0},{"not_picked":["Caltrops","Skewer"],"picked":"Dash","floor":3.0},{"not_picked":["Bane","Noxious Fumes"],"picked":"Deflect","floor":4.0},{"not_picked":["Dodge and Roll","Sucker Punch"],"picked":"Distraction","floor":7.0},{"not_picked":["Underhanded Strike","Distraction"],"picked":"Sucker Punch","floor":8.0},{"not_picked":["Acrobatics","Tactician"],"picked":"Distraction","floor":11.0},{"not_picked":["Sucker Punch","Bane","Poisoned Stab"],"picked":"SKIP","floor":14.0}],"player_experience":115943,"relics_obtained":[{"floor":7.0,"key":"Dream Catcher"},{"floor":9.0,"key":"Whetstone"}],"event_choices":[{"event_name":"World of Goop","player_choice":"Left","floor":2.0,"damage_taken":0.0},{"event_name":"Shining Light","player_choice":"Entered Light","floor":10.0,"damage_taken":0.0},{"event_name":"Liars Game","player_choice":"agreed","floor":12.0,"damage_taken":0.0}],"is_beta":false,"boss_relics":[],"items_purged_floors":[],"is_endless":false,"potions_floor_spawned":[7],"killed_by":"Slime Boss","ascension_level":0}