{"gold_per_floor":[111,75,75,86,97,130,146,146,146,146,159,159,185,201,201,305,305,321,85,10,10,20,20,47,47,126,139,152,152,152,170,170,272,272,292,303,0,0,100,135,151,81,107,107,107],"floor_reached":45,"playtime":5421,"items_purged":[],"score":488,"play_id":"b02343ce-9ae5-44dc-aae1-16fa66dbb4b1","local_time":"20190804175839","is_ascension_mode":false,"campfire_choices":[{"data":"Metallicize","floor":10.0,"key":"SMITH"},{"data":"Searing Blow","floor":12.0,"key":"SMITH"},{"data":"Searing Blow+1","floor":15.0,"key":"SMITH"},{"data":"Searing Blow+3","floor":23.0,"key":"SMITH"},{"data":"Searing Blow+4","floor":29.0,"key":"SMITH"},{"data":"Armaments","floor":32,"key":"SMITH"},{"floor":44,"key":"RECALL"}],"neow_cost":"TEN_PERCENT_HP_LOSS","seed_source_timestamp":4469317627299976,"circlet_count":0,"master_deck":["Strike_R+1","Defend_R+1","Defend_R+1","Bash","Flame Barrier+1","Metallicize+1","Uppercut","Searing Blow+5","Armaments+1","Demon Form","Metallicize","Shrug It Off","Body Slam+1","Pommel Strike+1","Feed","Flex","Seeing Red+1","Thunderclap+1","Reaper"],"special_seed":0,"relics":["Burning Blood","Torii","Question Card","Busted Crown","Whetstone","Bottled Flame","Charon\u0027s Ashes","Pantograph","Empty Cage","Red Mask","Calipers","Dream Catcher","Bag of Preparation"],"potions_floor_usage":[33,33,33,40,40,40],"damage_taken":[{"damage":1.0,"enemies":"Cultist","floor":1.0,"turns":3.0},{"damage":6.0,"enemies":"Jaw Worm","floor":4.0,"turns":3.0},{"damage":0.0,"enemies":"2 Louse","floor":5.0,"turns":3.0},{"damage":27.0,"enemies":"Gremlin Nob","floor":6.0,"turns":5.0},{"damage":2.0,"enemies":"Exordium Thugs","floor":7.0,"turns":7.0},{"damage":1.0,"enemies":"Large Slime","floor":11.0,"turns":7.0},{"damage":0.0,"enemies":"Lots of Slimes","floor":14.0,"turns":4.0},{"damage":40.0,"enemies":"The Guardian","floor":16.0,"turns":14.0},{"damage":1.0,"enemies":"Chosen","floor":18.0,"turns":6.0},{"damage":1.0,"enemies":"Shell Parasite","floor":22.0,"turns":6.0},{"damage":39.0,"enemies":"Gremlin Leader","floor":24.0,"turns":6.0},{"damage":3.0,"enemies":"Snake Plant","floor":27.0,"turns":2.0},{"damage":15.0,"enemies":"Shelled Parasite and Fungi","floor":28.0,"turns":5.0},{"damage":7,"enemies":"Sentry and Sphere","floor":31,"turns":4},{"damage":40,"enemies":"Collector","floor":33,"turns":10},{"damage":2,"enemies":"Orb Walker","floor":35,"turns":4},{"damage":41,"enemies":"3 Darklings","floor":36,"turns":7},{"damage":15,"enemies":"Mind Bloom Boss Battle","floor":39,"turns":6},{"damage":49,"enemies":"Giant Head","floor":40,"turns":9},{"damage":1,"enemies":"Maw","floor":41,"turns":7},{"damage":41,"enemies":"Jaw Worm Horde","floor":45,"turns":4}],"seed_played":"-7038110025594139650","potions_obtained":[{"floor":5.0,"key":"Fire Potion"},{"floor":6.0,"key":"Block Potion"},{"floor":11.0,"key":"Block Potion"},{"floor":16.0,"key":"Dexterity Potion"},{"floor":18.0,"key":"Swift Potion"},{"floor":27.0,"key":"Poison Potion"},{"floor":28.0,"key":"Weak Potion"},{"floor":31,"key":"Explosive Potion"},{"floor":36,"key":"Regen Potion"},{"floor":39,"key":"EntropicBrew"}],"is_trial":false,"path_per_floor":["M","$","?","M","M","E","M","?","T","R","M","R","T","M","R","B",null,"M","$","?","?","M","R","E","?","T","M","M","R","?","M","R","B",null,"M","M","?","$","?","E","M","$","T","R","M"],"character_chosen":"IRONCLAD","items_purchased":["Flame Barrier","Whetstone","Metallicize","Shrug It Off","Reaper"],"campfire_rested":0,"item_purchase_floors":[2,19,19,19,42],"current_hp_per_floor":[72,72,72,72,72,51,55,41,41,41,46,46,46,52,52,18,72,72,72,72,72,72,72,39,39,39,42,33,33,33,32,32,23,72,72,37,37,37,53,29,34,34,34,34,0],"gold":107,"neow_bonus":"REMOVE_TWO","is_prod":false,"is_daily":false,"chose_seed":false,"campfire_upgraded":6,"win_rate":0,"timestamp":1564955919,"path_taken":["M","?","?","M","M","E","M","?","T","R","M","R","?","M","R","BOSS","M","$","?","?","?","R","E","?","T","M","M","R","?","M","R","BOSS","M","M","?","$","?","E","M","$","T","R","M"],"build_version":"2019-07-17","purchased_purges":0,"victory":false,"max_hp_per_floor":[72,72,72,72,72,72,72,72,72,72,72,72,72,72,72,72,72,72,72,72,72,72,72,72,72,72,72,72,72,72,72,72,72,72,72,72,72,72,72,76,76,76,76,76,79],"card_choices":[{"not_picked":["Body Slam","Clothesline","Clash"],"picked":"SKIP","floor":1.0},{"not_picked":["Power Through","Inflame"],"picked":"Metallicize","floor":4.0},{"not_picked":["Combust","Bloodletting","Second Wind"],"picked":"SKIP","floor":5.0},{"not_picked":["Warcry","Havoc"],"picked":"Uppercut","floor":6.0},{"not_picked":["Sword Boomerang","Havoc","Feel No Pain"],"picked":"SKIP","floor":7.0},{"not_picked":["Pommel Strike","Reckless Charge","Perfected Strike"],"picked":"Searing Blow","floor":11.0},{"not_picked":["Power Through","Twin Strike","Brutality"],"picked":"Armaments","floor":14.0},{"not_picked":["Limit Break","Juggernaut","Offering"],"picked":"Demon Form","floor":16.0},{"not_picked":["Twin Strike","Pommel Strike"],"picked":"SKIP","floor":18.0},{"not_picked":["Shrug It Off","Headbutt"],"picked":"SKIP","floor":22.0},{"not_picked":["Infernal Blade","Wild Strike"],"picked":"SKIP","floor":24.0},{"not_picked":["Infernal Blade","Wild Strike"],"picked":"SKIP","floor":24.0},{"not_picked":["Perfected Strike"],"picked":"Body Slam+1","floor":27.0},{"not_picked":["Anger","Rupture+1"],"picked":"SKIP","floor":28.0},{"not_picked":["Wild Strike"],"picked":"Pommel Strike+1","floor":31},{"not_picked":["Fiend Fire"],"picked":"Feed","floor":33},{"not_picked":["Warcry"],"picked":"Flex","floor":35},{"not_picked":["Flex","Iron Wave"],"picked":"SKIP","floor":36},{"not_picked":["Fiend Fire"],"picked":"Seeing Red+1","floor":39},{"not_picked":["Pommel Strike"],"picked":"Thunderclap+1","floor":40},{"not_picked":["Armaments+1","True Grit"],"picked":"SKIP","floor":41}],"player_experience":509756,"relics_obtained":[{"floor":6.0,"key":"Torii"},{"floor":9.0,"key":"Question Card"},{"floor":24.0,"key":"Bottled Flame"},{"floor":26.0,"key":"Pantograph"},{"floor":39,"key":"Calipers"},{"floor":40,"key":"Dream Catcher"},{"floor":43,"key":"Bag of Preparation"}],"event_choices":[{"damage_healed":0.0,"max_hp_gain":0.0,"max_hp_loss":0.0,"gold_gain":0.0,"event_name":"Living Wall","player_choice":"Grow","floor":3.0,"gold_loss":0.0,"damage_taken":0.0,"cards_upgraded":["Flame Barrier"]},{"damage_healed":0.0,"max_hp_gain":0.0,"max_hp_loss":0.0,"gold_gain":0.0,"event_name":"Shining Light","player_choice":"Entered Light","floor":8.0,"gold_loss":0.0,"damage_taken":14.0,"cards_upgraded":["Defend_R","Defend_R"]},{"cards_removed":["Strike_R"],"damage_healed":0.0,"max_hp_gain":0.0,"max_hp_loss":0.0,"gold_gain":0.0,"event_name":"Beggar","player_choice":"Gave Gold","floor":20.0,"gold_loss":75.0,"damage_taken":0.0},{"cards_removed":["Defend_R"],"damage_healed":0.0,"max_hp_gain":0.0,"max_hp_loss":0.0,"gold_gain":0.0,"event_name":"Bonfire Elementals","player_choice":"Offered Basic","floor":21.0,"gold_loss":0.0,"damage_taken":0.0},{"damage_healed":0.0,"max_hp_gain":0.0,"max_hp_loss":0.0,"gold_gain":0.0,"event_name":"Addict","player_choice":"Stole Relic","floor":25.0,"gold_loss":0.0,"damage_taken":0.0,"relics_obtained":["Charon\u0027s Ashes"],"cards_obtained":["Shame"]},{"cards_removed":["Shame"],"damage_healed":0.0,"max_hp_gain":0.0,"max_hp_loss":0.0,"gold_gain":0.0,"event_name":"Fountain of Cleansing","player_choice":"Removed Curses","floor":30.0,"gold_loss":0.0,"damage_taken":0.0},{"damage_healed":0,"gold_gain":0,"player_choice":"Paid","damage_taken":0,"relics_obtained":["Red Mask"],"max_hp_gain":0,"max_hp_loss":0,"event_name":"Tomb of Lord Red Mask","floor":37,"gold_loss":303},{"damage_healed":0,"gold_gain":0,"player_choice":"Fight","damage_taken":0,"max_hp_gain":0,"max_hp_loss":0,"event_name":"MindBloom","floor":39,"gold_loss":0}],"is_beta":false,"boss_relics":[{"not_picked":["Calling Bell","White Beast Statue"],"picked":"Busted Crown"},{"not_picked":["Snecko Eye","Coffee Dripper"],"picked":"Empty Cage"}],"items_purged_floors":[],"is_endless":false,"potions_floor_spawned":[5,6,11,16,18,27,28,31,36,39],"killed_by":"Jaw Worm Horde","ascension_level":0}