{"gold_per_floor":[114,131,150,99,110,110,110,110,110,128,155,174,174,186,186,289,289,308,325,98,98,110,138,138,148,148,148,160,192,30,47,47,144,144,161,161,161,161,173,173,187,187,262,286,333,351,351,351],"floor_reached":48,"playtime":6329,"items_purged":[],"score":549,"play_id":"8b581b92-9795-4485-85b8-ac0e48723385","local_time":"20180916112625","is_ascension_mode":false,"campfire_choices":[{"data":"Dualcast","floor":6.0,"key":"SMITH"},{"data":"Glacier","floor":8.0,"key":"SMITH"},{"floor":13.0,"key":"REST"},{"floor":15.0,"key":"REST"},{"floor":24.0,"key":"REST"},{"data":"Electrodynamics","floor":27,"key":"SMITH"},{"floor":32,"key":"REST"},{"floor":40,"key":"REST"},{"data":"Secret Technique","floor":42,"key":"SMITH"},{"data":"Biased Cognition","floor":47,"key":"SMITH"}],"neow_cost":"NONE","seed_source_timestamp":0,"circlet_count":0,"master_deck":["Strike_B","Strike_B","Strike_B","Strike_B","Defend_B","Defend_B","Defend_B","Defend_B","Zap+1","Dualcast+1","Sweeping Beam","Storm","Ball Lightning","Sweeping Beam","Glacier+1","Sweeping Beam","Beam Cell","Stack","Barrage","Electrodynamics+1","Stack","Cold Snap","Tempest","Biased Cognition","Chill","Conserve Battery+1","Darkness+1","Genetic Algorithm","Melter","Hello World","Ghostly","Ghostly","Ghostly","Ghostly","Ghostly","Redo","Skim","Streamline+1","Sweeping Beam","Biased Cognition+1","All For One","Streamline+1","Biased Cognition","Conserve Battery+1","Secret Technique+1","Lockon+1","Conserve Battery+1","Coolheaded+1","Streamline+1"],"special_seed":0,"relics":["Cracked Core","FossilizedHelix","Calipers","PreservedInsect","Orrery","Ginger","Gremlin Horn","Gambling Chip","Eternal Feather","Mummified Hand","Lantern","Ice Cream"],"potions_floor_usage":[27,31,31,31,31,33,33,35,48],"damage_taken":[{"damage":10.0,"enemies":"Small Slimes","floor":1.0,"turns":3.0},{"damage":0.0,"enemies":"2 Louse","floor":2.0,"turns":3.0},{"damage":1.0,"enemies":"Jaw Worm","floor":3.0,"turns":3.0},{"damage":9.0,"enemies":"Blue Slaver","floor":5.0,"turns":3.0},{"damage":0.0,"enemies":"3 Louse","floor":10.0,"turns":3.0},{"damage":15.0,"enemies":"Lagavulin","floor":11.0,"turns":6.0},{"damage":0.0,"enemies":"Exordium Wildlife","floor":12.0,"turns":3.0},{"damage":0.0,"enemies":"Large Slime","floor":14.0,"turns":4.0},{"damage":43.0,"enemies":"Hexaghost","floor":16.0,"turns":12.0},{"damage":10.0,"enemies":"2 Thieves","floor":18.0,"turns":3.0},{"damage":5.0,"enemies":"Chosen","floor":19.0,"turns":3.0},{"damage":11.0,"enemies":"Centurion and Healer","floor":22.0,"turns":5.0},{"damage":7.0,"enemies":"Book of Stabbing","floor":23.0,"turns":5.0},{"damage":0.0,"enemies":"3 Cultists","floor":25.0,"turns":3.0},{"damage":0,"enemies":"Shelled Parasite and Fungi","floor":28,"turns":6},{"damage":18,"enemies":"Gremlin Leader","floor":29,"turns":5},{"damage":7,"enemies":"Snake Plant","floor":31,"turns":3},{"damage":20,"enemies":"Collector","floor":33,"turns":10},{"damage":7,"enemies":"3 Darklings","floor":35,"turns":5},{"damage":18,"enemies":"Orb Walker","floor":39,"turns":4},{"damage":0,"enemies":"Maw","floor":41,"turns":8},{"damage":1,"enemies":"Mysterious Sphere","floor":45,"turns":6},{"damage":9,"enemies":"Spire Growth","floor":46,"turns":5},{"damage":69,"enemies":"Giant Head","floor":48,"turns":10}],"seed_played":"6062000662956860388","potions_obtained":[{"floor":3.0,"key":"Swift Potion"},{"floor":11.0,"key":"EntropicBrew"},{"floor":14.0,"key":"Fire Potion"},{"floor":18.0,"key":"Fruit Juice"},{"floor":29,"key":"SpeedPotion"},{"floor":33,"key":"Ancient Potion"},{"floor":41,"key":"Regen Potion"}],"is_trial":false,"path_per_floor":["M","M","M","$","M","R","?","R","T","M","E","M","R","M","R","B",null,"M","M","$","?","M","E","R","M","T","R","M","E","$","M","R","B",null,"M","$","?","?","M","R","M","R","T","T","?","M","R"],"character_chosen":"DEFECT","items_purchased":["Sweeping Beam","Genetic Algorithm","Melter","Hello World","All For One"],"campfire_rested":5,"item_purchase_floors":[4,20,20,20,30],"current_hp_per_floor":[65,65,64,64,55,55,52,52,52,52,37,37,59,59,75,32,75,65,60,60,37,26,19,30,30,30,35,35,17,17,10,22,2,42,35,35,35,35,17,42,42,42,42,42,41,32,42,0],"gold":351,"neow_bonus":"UPGRADE_CARD","is_prod":false,"is_daily":false,"chose_seed":false,"campfire_upgraded":5,"win_rate":0.0,"timestamp":1537089985,"path_taken":["M","M","M","$","M","R","?","R","T","M","E","M","R","M","R","BOSS","M","M","$","?","M","E","R","M","T","R","M","E","$","M","R","BOSS","M","$","?","?","M","R","?","R","T","?","?","M","R","E"],"build_version":"2018-09-06","purchased_purges":0,"victory":false,"max_hp_per_floor":[75,75,75,75,75,75,75,75,75,75,75,75,75,75,75,75,75,75,75,75,37,37,37,37,37,37,42,42,42,42,42,42,42,42,42,42,42,42,42,42,42,42,42,42,42,42,42,42],"card_choices":[{"not_picked":["Compile Driver","Hologram"],"picked":"Sweeping Beam","floor":1.0},{"not_picked":["Gash","Hologram"],"picked":"Storm","floor":2.0},{"not_picked":["White Noise","Chill"],"picked":"Ball Lightning","floor":3.0},{"not_picked":["Coolheaded","Ball Lightning"],"picked":"Glacier","floor":5.0},{"not_picked":["Steam Power","Ball Lightning"],"picked":"Sweeping Beam","floor":10.0},{"not_picked":["Gash","Go for the Eyes"],"picked":"Beam Cell","floor":11.0},{"not_picked":["Steam Power","Compile Driver"],"picked":"Stack","floor":12.0},{"not_picked":["Beam Cell","Leap"],"picked":"Barrage","floor":14.0},{"not_picked":["Multi-Cast","Buffer"],"picked":"Electrodynamics","floor":16.0},{"not_picked":["Beam Cell","Barrage"],"picked":"Stack","floor":17.0},{"not_picked":["Go for the Eyes","Reinforced Body"],"picked":"Cold Snap","floor":17.0},{"not_picked":["Fusion","Stack"],"picked":"Tempest","floor":17.0},{"not_picked":["Static Discharge","Streamline"],"picked":"Biased Cognition","floor":17.0},{"not_picked":["Consume","Steam"],"picked":"Chill","floor":17.0},{"not_picked":["Cold Snap","Skim"],"picked":"Conserve Battery+1","floor":18.0},{"not_picked":["Sweeping Beam","Tempest"],"picked":"Darkness+1","floor":19.0},{"not_picked":["Sweeping Beam","Barrage"],"picked":"Redo","floor":22.0},{"not_picked":["Genetic Algorithm","Chaos"],"picked":"Skim","floor":23.0},{"not_picked":["Leap","Consume"],"picked":"Streamline+1","floor":25.0},{"not_picked":["Coolheaded","Cold Snap"],"picked":"Sweeping Beam","floor":28},{"not_picked":["Coolheaded","Sweeping Beam"],"picked":"Biased Cognition","floor":29},{"not_picked":["Beam Cell","Leap+1"],"picked":"Streamline+1","floor":31},{"not_picked":["Creative AI","Thunder Strike"],"picked":"Biased Cognition","floor":33},{"not_picked":["Beam Cell+1","Cold Snap"],"picked":"Conserve Battery+1","floor":35},{"not_picked":["Transmutation","Panacea"],"picked":"Secret Technique","floor":38},{"not_picked":["Gash+1","Stack+1"],"picked":"Lockon+1","floor":39},{"not_picked":["Redo+1","Hologram"],"picked":"Conserve Battery+1","floor":41},{"not_picked":["Steam","Leap"],"picked":"Coolheaded+1","floor":45},{"not_picked":["Seek","Hologram"],"picked":"Streamline+1","floor":46}],"player_experience":23522,"relics_obtained":[{"floor":9.0,"key":"Calipers"},{"floor":11.0,"key":"PreservedInsect"},{"floor":23.0,"key":"Ginger"},{"floor":26,"key":"Gremlin Horn"},{"floor":29,"key":"Gambling Chip"},{"floor":43,"key":"Mummified Hand"},{"floor":44,"key":"Lantern"},{"floor":45,"key":"Ice Cream"}],"event_choices":[{"event_name":"Scrap Ooze","player_choice":"success","floor":7.0,"damage_taken":3.0},{"event_name":"Ghosts","player_choice":"Became a Ghost","floor":21.0,"damage_taken":0.0},{"event_name":"Tomb of Lord Red Mask","player_choice":"Ignored","floor":37,"damage_taken":0},{"event_name":"SensoryStone","player_choice":"Memory 1","floor":38,"damage_taken":0},{"event_name":"Mysterious Sphere","player_choice":"Fight","floor":45,"damage_taken":0}],"is_beta":false,"boss_relics":[{"not_picked":["Empty Cage","Philosopher\u0027s Stone"],"picked":"Orrery"},{"not_picked":["Snecko Eye","Sozu"],"picked":"Eternal Feather"}],"items_purged_floors":[],"is_endless":false,"potions_floor_spawned":[3,11,14,18,23,29,33,41],"killed_by":"Giant Head","ascension_level":0}