{"gold_per_floor":[109,126,139,151,161,161,187,187,187,187,206,216,216,30,30,134,134,152,152,170,270,287,287,287],"floor_reached":24,"playtime":1524,"items_purged":[],"score":200,"play_id":"e94e8e6a-5325-4f35-bf66-ec2323194fb8","local_time":"20190829005238","is_ascension_mode":false,"campfire_choices":[{"data":"Metallicize","floor":6.0,"key":"SMITH"},{"floor":8.0,"key":"REST"},{"data":"Armaments","floor":13.0,"key":"SMITH"},{"data":"Feed","floor":15.0,"key":"SMITH"},{"data":"Bludgeon","floor":23,"key":"SMITH"}],"neow_cost":"PERCENT_DAMAGE","seed_source_timestamp":998282776473000,"circlet_count":0,"master_deck":["Strike_R","Strike_R","Strike_R","Strike_R","Strike_R","Defend_R","Defend_R","Defend_R","Defend_R","Bash","Metallicize+1","Shrug It Off","Feed+1","Metallicize","Armaments+1","Seeing Red","Bludgeon+1","Shockwave+1","Writhe","Ghostly Armor+1"],"special_seed":0,"relics":["Burning Blood","Nunchaku","Shuriken","Vajra","Velvet Choker","Toxic Egg 2"],"potions_floor_usage":[16,16,22,22],"damage_taken":[{"damage":10.0,"enemies":"Jaw Worm","floor":1.0,"turns":5.0},{"damage":2.0,"enemies":"Cultist","floor":2.0,"turns":4.0},{"damage":0.0,"enemies":"2 Louse","floor":3.0,"turns":3.0},{"damage":6.0,"enemies":"Blue Slaver","floor":4.0,"turns":6.0},{"damage":14.0,"enemies":"Red Slaver","floor":5.0,"turns":4.0},{"damage":46.0,"enemies":"Gremlin Nob","floor":7.0,"turns":7.0},{"damage":1.0,"enemies":"Looter","floor":11.0,"turns":4.0},{"damage":0.0,"enemies":"3 Louse","floor":12.0,"turns":5.0},{"damage":45,"enemies":"Slime Boss","floor":16,"turns":16},{"damage":7,"enemies":"Shell Parasite","floor":18,"turns":5},{"damage":17,"enemies":"2 Thieves","floor":20,"turns":5},{"damage":24,"enemies":"Shelled Parasite and Fungi","floor":22,"turns":9},{"damage":64,"enemies":"Gremlin Leader","floor":24,"turns":5}],"seed_played":"-5712616916697226405","potions_obtained":[{"floor":1.0,"key":"EssenceOfSteel"},{"floor":7.0,"key":"SpeedPotion"},{"floor":10.0,"key":"SpeedPotion"},{"floor":10.0,"key":"Fire Potion"},{"floor":11.0,"key":"Energy Potion"},{"floor":16,"key":"Energy Potion"}],"is_trial":false,"path_per_floor":["M","M","M","M","M","R","E","R","T","?","M","M","R","$","R","B",null,"M","?","M","?","M","R","E"],"character_chosen":"IRONCLAD","items_purchased":["Vajra","Seeing Red"],"campfire_rested":1,"item_purchase_floors":[14,14],"current_hp_per_floor":[52,56,62,62,54,54,14,38,38,38,46,55,55,55,55,20,90,89,89,78,78,64,64,0],"gold":287,"neow_bonus":"ONE_RARE_RELIC","is_prod":false,"is_daily":false,"chose_seed":false,"campfire_upgraded":4,"win_rate":0,"timestamp":1567054358,"path_taken":["M","M","M","M","M","R","E","R","T","?","M","?","R","$","R","BOSS","M","?","M","?","?","R","E"],"build_version":"2019-07-17","purchased_purges":0,"victory":false,"max_hp_per_floor":[80,80,80,80,80,80,80,80,80,80,83,86,86,86,86,90,90,90,90,90,90,94,94,94],"card_choices":[{"not_picked":["Warcry","Clothesline"],"picked":"Metallicize","floor":1.0},{"not_picked":["Rage","Dropkick","Thunderclap"],"picked":"SKIP","floor":2.0},{"not_picked":["Intimidate","Clash","Feel No Pain"],"picked":"SKIP","floor":3.0},{"not_picked":["Twin Strike","Fire Breathing","Cleave"],"picked":"SKIP","floor":4.0},{"not_picked":["Warcry","Dropkick"],"picked":"Shrug It Off","floor":5.0},{"not_picked":["Rupture","Fire Breathing"],"picked":"Feed","floor":7.0},{"not_picked":["Ghostly Armor","Headbutt"],"picked":"Metallicize","floor":11.0},{"not_picked":["Feel No Pain","Sword Boomerang"],"picked":"Armaments","floor":12.0},{"not_picked":["Berserk","Barricade"],"picked":"Bludgeon","floor":16},{"not_picked":["Anger","Body Slam"],"picked":"Shockwave+1","floor":18},{"not_picked":["Warcry+1","Clash","Perfected Strike"],"picked":"SKIP","floor":20},{"not_picked":["Wild Strike","Perfected Strike"],"picked":"Ghostly Armor+1","floor":22}],"player_experience":565942,"relics_obtained":[{"floor":7.0,"key":"Shuriken"}],"event_choices":[{"damage_healed":0.0,"max_hp_gain":0.0,"max_hp_loss":0.0,"gold_gain":0.0,"event_name":"Lab","player_choice":"Got Potions","floor":10.0,"gold_loss":0.0,"damage_taken":0.0},{"damage_healed":0,"gold_gain":0,"player_choice":"Opened","damage_taken":0,"relics_obtained":["Toxic Egg 2"],"max_hp_gain":0,"max_hp_loss":0,"event_name":"The Mausoleum","floor":19,"gold_loss":0,"cards_obtained":["Writhe"]},{"damage_healed":0,"gold_gain":100,"player_choice":"Pray","damage_taken":0,"max_hp_gain":0,"max_hp_loss":0,"event_name":"Golden Shrine","floor":21,"gold_loss":0}],"is_beta":false,"boss_relics":[{"not_picked":["Runic Cube","Eternal Feather"],"picked":"Velvet Choker"}],"items_purged_floors":[],"is_endless":false,"potions_floor_spawned":[1,7,11,16],"killed_by":"Gremlin Leader","ascension_level":0}