{"gold_per_floor":[18,29,29,29,44,74,74,91,91,91,102,128,303,148,148,244,244,255,255,11,11,21,56,56,81,81,81,91,91,106,106,106,201,201,212,212,267,367,380,411,430,185,185,200,200,216,233,247,247,247],"floor_reached":51,"playtime":3084,"items_purged":["Doubt","Decay"],"score":995,"play_id":"9e738c18-958a-4778-8057-e3908cbedc62","local_time":"20190525232455","is_ascension_mode":true,"campfire_choices":[{"floor":7.0,"key":"REST"},{"data":"Inflame","floor":10.0,"key":"SMITH"},{"floor":15.0,"key":"REST"},{"data":"Barricade","floor":24.0,"key":"SMITH"},{"data":"Flex","floor":27.0,"key":"SMITH"},{"floor":32.0,"key":"REST"},{"floor":49,"key":"REST"}],"neow_cost":"NO_GOLD","seed_source_timestamp":0,"circlet_count":0,"master_deck":["Bash","Inflame+1","Shrug It Off","Flex+1","Thunderclap+1","Perfected Strike+1","Pummel+1","Barricade+1","Whirlwind+1","Battle Trance","Flex+1","Immolate+1","Ghostly Armor","Impervious+1","Pommel Strike+1","Sentinel","Flame Barrier","Whirlwind+1","Searing Blow+1","Heavy Blade+1","Searing Blow+1","Shrug It Off+1","Metallicize+1","Uppercut+1","Carnage+1","Dropkick+1"],"special_seed":0,"relics":["Burning Blood","Bird Faced Urn","Molten Egg 2","Du-Vu Doll","Incense Burner","Velvet Choker","MutagenicStrength","Gremlin Horn","Centennial Puzzle","Paper Frog","Charon\u0027s Ashes","Letter Opener","Pandora\u0027s Box","Unceasing Top","Gambling Chip","Boot","Omamori","Lantern"],"potions_floor_usage":[50,50,50],"damage_taken":[{"damage":0.0,"enemies":"Small Slimes","floor":1.0,"turns":3.0},{"damage":6.0,"enemies":"Cultist","floor":2.0,"turns":4.0},{"damage":24.0,"enemies":"Jaw Worm","floor":5.0,"turns":6.0},{"damage":43.0,"enemies":"3 Sentries","floor":6.0,"turns":8.0},{"damage":11.0,"enemies":"2 Fungi Beasts","floor":8.0,"turns":4.0},{"damage":0.0,"enemies":"Large Slime","floor":11.0,"turns":5.0},{"damage":59.0,"enemies":"Lagavulin","floor":12.0,"turns":7.0},{"damage":21.0,"enemies":"Slime Boss","floor":16.0,"turns":10.0},{"damage":9.0,"enemies":"Chosen","floor":18.0,"turns":6.0},{"damage":6.0,"enemies":"3 Byrds","floor":22.0,"turns":6.0},{"damage":0.0,"enemies":"Slavers","floor":23.0,"turns":1.0},{"damage":25.0,"enemies":"Book of Stabbing","floor":25.0,"turns":3.0},{"damage":14.0,"enemies":"Shelled Parasite and Fungi","floor":28.0,"turns":2.0},{"damage":15.0,"enemies":"Snecko","floor":30.0,"turns":4.0},{"damage":62.0,"enemies":"Champ","floor":33.0,"turns":8.0},{"damage":0.0,"enemies":"3 Darklings","floor":35.0,"turns":1.0},{"damage":2.0,"enemies":"2 Orb Walkers","floor":37.0,"turns":2.0},{"damage":0.0,"enemies":"Mind Bloom Boss Battle","floor":38.0,"turns":4.0},{"damage":0.0,"enemies":"Orb Walker","floor":39.0,"turns":2.0},{"damage":47.0,"enemies":"Nemesis","floor":40.0,"turns":5.0},{"damage":37.0,"enemies":"Transient","floor":41.0,"turns":5.0},{"damage":0,"enemies":"Maw","floor":44,"turns":8},{"damage":0,"enemies":"Jaw Worm Horde","floor":46,"turns":3},{"damage":2,"enemies":"Writhing Mass","floor":47,"turns":4},{"damage":0,"enemies":"Maw","floor":48,"turns":9},{"damage":80,"enemies":"Time Eater","floor":50,"turns":12}],"seed_played":"4649423595403812375","potions_obtained":[{"floor":1.0,"key":"PowerPotion"},{"floor":8.0,"key":"Fire Potion"},{"floor":11.0,"key":"AttackPotion"},{"floor":12.0,"key":"Strength Potion"},{"floor":18.0,"key":"Ancient Potion"},{"floor":23.0,"key":"Poison Potion"},{"floor":30.0,"key":"EntropicBrew"},{"floor":33.0,"key":"AttackPotion"},{"floor":39.0,"key":"Energy Potion"},{"floor":48,"key":"Energy Potion"}],"is_trial":false,"path_per_floor":["M","M","?","$","M","E","R","M","T","R","M","E","?","$","R","B",null,"M","?","$","?","M","E","R","E","T","R","M","?","M","$","R","B",null,"M","?","?","?","M","E","M","$","T","M","?","M","M","M","R","B",null],"character_chosen":"IRONCLAD","items_purchased":["Pummel+1","Gremlin Horn","Omamori"],"campfire_rested":4,"item_purchase_floors":[14,20,42],"current_hp_per_floor":[78,80,80,80,64,31,55,52,52,52,64,17,17,17,43,34,78,79,79,79,79,85,91,91,74,74,74,66,66,61,61,89,41,85,91,91,95,100,100,61,32,32,32,44,44,52,60,72,100,28],"gold":247,"neow_bonus":"ONE_RARE_RELIC","is_prod":false,"is_daily":false,"chose_seed":false,"campfire_upgraded":3,"win_rate":0,"timestamp":1558841095,"path_taken":["M","M","?","?","?","E","R","M","T","R","M","E","?","$","R","BOSS","M","?","$","?","M","E","R","E","T","R","M","?","?","$","R","BOSS","M","?","?","?","M","E","M","$","T","M","?","?","M","M","R","BOSS"],"build_version":"2019-01-23","purchased_purges":2,"victory":true,"max_hp_per_floor":[80,80,80,80,80,80,80,80,80,80,84,88,88,88,88,92,92,92,92,92,92,96,96,96,96,96,96,96,96,96,96,96,100,100,100,100,100,100,100,100,100,100,100,100,100,100,100,100,100,100],"card_choices":[{"not_picked":["Corruption","Armaments"],"picked":"Inflame","floor":1.0},{"not_picked":["Havoc","Clothesline","Armaments"],"picked":"SKIP","floor":2.0},{"not_picked":["Dropkick","Spot Weakness"],"picked":"Shrug It Off","floor":5.0},{"not_picked":["Reckless Charge","True Grit"],"picked":"Flex","floor":6.0},{"not_picked":["Power Through","Cleave+1"],"picked":"Feed+1","floor":8.0},{"not_picked":["Headbutt+1","Fire Breathing"],"picked":"Thunderclap+1","floor":11.0},{"not_picked":["Hemokinesis+1","Cleave+1"],"picked":"Perfected Strike+1","floor":12.0},{"not_picked":["Fiend Fire+1","Impervious"],"picked":"Barricade","floor":16.0},{"not_picked":["Headbutt+1","Clash+1"],"picked":"Whirlwind+1","floor":18.0},{"not_picked":["Headbutt+1","Pummel+1"],"picked":"Battle Trance","floor":22.0},{"not_picked":["Seeing Red","Power Through"],"picked":"Flex+1","floor":23.0},{"not_picked":["Cleave+1","Anger+1","Infernal Blade"],"picked":"SKIP","floor":25.0},{"not_picked":["Thunderclap+1","Fire Breathing","Rupture"],"picked":"SKIP","floor":28.0},{"not_picked":["Havoc+1","Clothesline+1","Inflame"],"picked":"SKIP","floor":30.0},{"not_picked":["Exhume","Brutality"],"picked":"Immolate+1","floor":33.0},{"not_picked":["Evolve","Cleave+1"],"picked":"Shrug It Off+1","floor":35.0},{"not_picked":["Cleave+1","Blood for Blood+1"],"picked":"Metallicize+1","floor":38.0},{"not_picked":["Pommel Strike+1","Havoc+1"],"picked":"Uppercut+1","floor":39.0},{"not_picked":["Twin Strike+1","Hemokinesis+1"],"picked":"Carnage+1","floor":40.0},{"not_picked":["Cleave+1","Clothesline+1","Berserk"],"picked":"SKIP","floor":41.0},{"not_picked":["Wild Strike+1","Anger+1"],"picked":"Dropkick+1","floor":44},{"not_picked":["Clothesline+1","Pommel Strike+1","Shockwave+1"],"picked":"SKIP","floor":46},{"not_picked":["Hemokinesis+1","Iron Wave+1","Ghostly Armor"],"picked":"SKIP","floor":47},{"not_picked":["Warcry+1","Sever Soul+1","Clash+1"],"picked":"SKIP","floor":48}],"player_experience":268616,"relics_obtained":[{"floor":6.0,"key":"Molten Egg 2"},{"floor":9.0,"key":"Du-Vu Doll"},{"floor":12.0,"key":"Incense Burner"},{"floor":23.0,"key":"Paper Frog"},{"floor":25.0,"key":"Charon\u0027s Ashes"},{"floor":26.0,"key":"Letter Opener"},{"floor":37.0,"key":"Unceasing Top"},{"floor":38.0,"key":"Gambling Chip"},{"floor":40.0,"key":"Boot"},{"floor":43.0,"key":"Lantern"}],"event_choices":[{"damage_healed":0.0,"max_hp_gain":0.0,"max_hp_loss":0.0,"gold_gain":0.0,"event_name":"Wheel of Change","player_choice":"Cursed","floor":3.0,"gold_loss":0.0,"damage_taken":0.0,"cards_obtained":["Decay"]},{"damage_healed":0.0,"max_hp_gain":0.0,"max_hp_loss":0.0,"gold_gain":175.0,"event_name":"Liars Game","player_choice":"AGREE","floor":13.0,"gold_loss":0.0,"damage_taken":0.0,"cards_obtained":["Doubt"]},{"damage_healed":0.0,"max_hp_gain":0.0,"max_hp_loss":0.0,"gold_gain":0.0,"event_name":"Drug Dealer","player_choice":"Inject Mutagens","floor":19.0,"gold_loss":0.0,"damage_taken":0.0,"relics_obtained":["MutagenicStrength"]},{"damage_healed":0.0,"max_hp_gain":0.0,"max_hp_loss":0.0,"gold_gain":0.0,"event_name":"Addict","player_choice":"Stole Relic","floor":21.0,"gold_loss":0.0,"damage_taken":0.0,"relics_obtained":["Centennial Puzzle"],"cards_obtained":["Shame"]},{"cards_removed":["Shame"],"damage_healed":0.0,"max_hp_gain":0.0,"max_hp_loss":0.0,"gold_gain":0.0,"event_name":"Purifier","player_choice":"Purged","floor":29.0,"gold_loss":0.0,"damage_taken":0.0},{"cards_removed":["Feed"],"damage_healed":0.0,"max_hp_gain":0.0,"max_hp_loss":0.0,"gold_gain":0.0,"event_name":"Falling","player_choice":"Removed Attack","floor":36.0,"gold_loss":0.0,"damage_taken":0.0},{"damage_healed":0.0,"max_hp_gain":0.0,"max_hp_loss":0.0,"gold_gain":0.0,"event_name":"Mysterious Sphere","player_choice":"Fight","floor":37.0,"gold_loss":0.0,"damage_taken":0.0},{"damage_healed":0.0,"max_hp_gain":0.0,"max_hp_loss":0.0,"gold_gain":0.0,"event_name":"MindBloom","player_choice":"Fight","floor":38.0,"gold_loss":0.0,"damage_taken":0.0},{"damage_healed":0,"gold_gain":0,"player_choice":"Upgraded","damage_taken":0,"max_hp_gain":0,"max_hp_loss":0,"event_name":"Upgrade Shrine","floor":45,"gold_loss":0,"cards_upgraded":["Impervious"]}],"is_beta":false,"boss_relics":[{"not_picked":["Runic Cube","Astrolabe"],"picked":"Velvet Choker"},{"not_picked":["Coffee Dripper","Runic Dome"],"picked":"Pandora\u0027s Box"}],"items_purged_floors":[14,42],"is_endless":false,"potions_floor_spawned":[1,8,11,12,18,23,30,33,39,41,48],"ascension_level":6}