{"gold_per_floor":[109,109,89,14,26,26,56,56,82,101,114,131,131,144,144,144],"floor_reached":16,"playtime":517,"items_purged":["Defend_R"],"score":168,"play_id":"c78827ec-9e32-47de-8b75-ef7928922408","local_time":"20190609233640","is_ascension_mode":true,"campfire_choices":[{"floor":6.0,"key":"REST"},{"floor":8.0,"key":"REST"},{"floor":13.0,"key":"REST"},{"floor":15.0,"key":"REST"}],"neow_cost":"NONE","seed_source_timestamp":114147153321752,"circlet_count":0,"master_deck":["AscendersBane","Strike_R+1","Strike_R","Strike_R+1","Strike_R","Defend_R","Defend_R","Defend_R","Bash","Seeing Red","Pummel","Shrug It Off"],"special_seed":0,"relics":["Runic Cube","Ancient Tea Set","Whetstone"],"potions_floor_usage":[16],"damage_taken":[{"damage":9.0,"enemies":"Jaw Worm","floor":1.0,"turns":4.0},{"damage":15.0,"enemies":"2 Louse","floor":5.0,"turns":2.0},{"damage":33.0,"enemies":"Lagavulin","floor":7.0,"turns":5.0},{"damage":6.0,"enemies":"Cultist","floor":10.0,"turns":3.0},{"damage":20.0,"enemies":"Gremlin Gang","floor":11.0,"turns":5.0},{"damage":7.0,"enemies":"2 Fungi Beasts","floor":12.0,"turns":3.0},{"damage":12.0,"enemies":"Looter","floor":14.0,"turns":4.0},{"damage":63,"enemies":"Hexaghost","floor":16,"turns":11}],"seed_played":"2767663923792633721","potions_obtained":[{"floor":3.0,"key":"EssenceOfSteel"},{"floor":5.0,"key":"AttackPotion"},{"floor":10.0,"key":"Energy Potion"},{"floor":14.0,"key":"Dexterity Potion"}],"is_trial":false,"path_per_floor":["M","?","?","$","M","R","E","R","T","M","M","M","R","M","R","B"],"character_chosen":"IRONCLAD","items_purchased":[],"campfire_rested":4,"item_purchase_floors":[],"current_hp_per_floor":[63,56,56,56,41,65,32,56,56,50,30,23,47,35,59,0],"gold":144,"neow_bonus":"BOSS_RELIC","is_prod":false,"is_daily":false,"chose_seed":false,"campfire_upgraded":0,"win_rate":0,"timestamp":1560137800,"path_taken":["M","?","?","$","M","R","E","R","T","M","?","M","R","?","R","BOSS"],"build_version":"2019-01-23","purchased_purges":1,"victory":false,"max_hp_per_floor":[80,80,80,80,80,80,80,80,80,80,80,80,80,80,80,80],"card_choices":[{"not_picked":["Iron Wave","Headbutt","Bloodletting"],"picked":"SKIP","floor":1.0},{"not_picked":["Evolve","Pommel Strike"],"picked":"Seeing Red","floor":5.0},{"not_picked":["Cleave","Flex","Headbutt"],"picked":"SKIP","floor":7.0},{"not_picked":["Disarm","Clothesline"],"picked":"Pummel","floor":10.0},{"not_picked":["Sword Boomerang","Perfected Strike","Combust"],"picked":"SKIP","floor":11.0},{"not_picked":["Blood for Blood","Burning Pact","Brutality"],"picked":"SKIP","floor":12.0},{"not_picked":["Seeing Red","Clothesline"],"picked":"Shrug It Off","floor":14.0}],"player_experience":352110,"relics_obtained":[{"floor":7.0,"key":"Ancient Tea Set"},{"floor":9.0,"key":"Whetstone"}],"event_choices":[{"cards_removed":["Strike_R"],"damage_healed":0.0,"max_hp_gain":0.0,"max_hp_loss":0.0,"gold_gain":0.0,"event_name":"Golden Wing","player_choice":"Card Removal","floor":2.0,"gold_loss":0.0,"damage_taken":7.0},{"damage_healed":0.0,"max_hp_gain":0.0,"max_hp_loss":0.0,"gold_gain":0.0,"event_name":"The Woman in Blue","player_choice":"Bought 1 Potion","floor":3.0,"gold_loss":0.0,"damage_taken":0.0}],"is_beta":false,"boss_relics":[],"items_purged_floors":[4],"is_endless":false,"potions_floor_spawned":[5,10,14],"killed_by":"Hexaghost","ascension_level":13}