{"path_per_floor":["M","?","M","M","$","R","E","R","T","M","M","R","M","M","R","B",null,"M","M","$","?","M","R","M"],"character_chosen":"IRONCLAD","items_purchased":["Enlightenment"],"gold_per_floor":[111,111,125,136,61,61,86,86,168,188,198,198,210,228,228,324,354,364,382,180,105,118,118,128],"floor_reached":25,"campfire_rested":0,"playtime":2192,"current_hp_per_floor":[80,80,80,80,80,80,70,70,70,76,80,80,80,80,80,80,85,66,68,68,68,50,50,27],"items_purged":["Strike_R"],"gold":128,"score":207,"play_id":"35ec0169-f43d-4428-91c6-80496785317f","is_prod":false,"is_daily":false,"is_ascension_mode":false,"campfire_upgraded":5,"path_taken":["M","?","M","M","$","R","E","R","T","M","M","R","M","M","R","BOSS","M","M","$","?","M","R","M","M"],"build_version":"2018-02-08-PROD1","purchased_purges":1,"victory":false,"master_deck":["Strike_R","Strike_R","Strike_R","Defend_R","Defend_R+1","Defend_R+1","Bash","Perfected Strike+1","Rampage+1","Battle Trance","Anger+1","Shrug It Off+1","Barricade+1","Double Tap","Wild Strike+1","Uppercut+1","Enlightenment+1","Flex+1"],"max_hp_per_floor":[80,80,80,80,80,80,80,80,80,80,80,80,80,80,80,80,85,85,85,85,85,85,85,85],"relics":["Burning Blood","War Paint","Blue Candle","Tiny House"],"card_choices":[{"not_picked":["Pommel Strike","Dual Wield"],"picked":"Rampage"},{"not_picked":["Rupture","Flex"],"picked":"Battle Trance"},{"not_picked":["Combust","Body Slam"],"picked":"Anger"},{"not_picked":["Sword Boomerang","True Grit"],"picked":"Shrug It Off"},{"not_picked":["Disarm","Bloodletting"],"picked":"Barricade"},{"not_picked":["Bludgeon","Exhume"],"picked":"Double Tap"},{"not_picked":["Spot Weakness","Warcry"],"picked":"Wild Strike"},{"not_picked":["Corruption","Rampage"],"picked":"Uppercut"},{"not_picked":["Sword Boomerang","Reckless Charge"],"picked":"Flex"}],"player_experience":241181,"potions_floor_usage":[4,16,16,16,19,24,24],"damage_taken":[{"damage":3,"enemies":"Small Slimes","floor":1,"turns":4},{"damage":0,"enemies":"Cultist","floor":3,"turns":4},{"damage":6,"enemies":"Jaw Worm","floor":4,"turns":5},{"damage":16,"enemies":"Gremlin Nob","floor":7,"turns":4},{"damage":0,"enemies":"2 Fungi Beasts","floor":10,"turns":2},{"damage":0,"enemies":"Exordium Wildlife","floor":11,"turns":4},{"damage":0,"enemies":"Red Slaver","floor":13,"turns":4},{"damage":0,"enemies":"Looter","floor":14,"turns":3},{"damage":5,"enemies":"Slime Boss","floor":16,"turns":8},{"damage":25,"enemies":"Shell Parasite","floor":18,"turns":6},{"damage":4,"enemies":"2 Thieves","floor":19,"turns":4},{"damage":24,"enemies":"Snake Plant","floor":22,"turns":5},{"damage":29,"enemies":"3 Cultists","floor":24,"turns":6},{"damage":27,"enemies":"Centurion and Healer","floor":25,"turns":4}],"event_choices":[{"event_name":"Upgrade Shrine","player_choice":"Upgraded","floor":2,"damage_taken":0},{"event_name":"Beggar","player_choice":"Gave Gold","floor":21,"damage_taken":0}],"boss_relics":[{"not_picked":["Mark of Pain","Sozu"],"picked":"Tiny House"}],"potions_floor_spawned":[3,4,10,11,16,19],"seed_played":"3043674506744016013","killed_by":"Centurion and Healer","ascension_level":0,"is_trial":false}