{"gold_per_floor":[113,131,306,181,26,51,51,67,67,78,78,78,78,93,93,190,190,201,231,231,248,348,348,361,361,361,435,461,35,55,84,84,182,182,202,217,439,102,118,148,148,161,161,161,161,83,83,102,102,102],"floor_reached":51,"playtime":2614,"items_purged":["Doubt"],"score":788,"play_id":"2a7c540f-8c6b-4950-ab90-841f5220e376","local_time":"20190528020856","is_ascension_mode":false,"campfire_choices":[{"data":"Metallicize","floor":7.0,"key":"SMITH"},{"data":"Shrug It Off","floor":13.0,"key":"SMITH"},{"floor":15.0,"key":"REST"},{"data":"Bludgeon","floor":23.0,"key":"SMITH"},{"data":"Bash","floor":25.0,"key":"SMITH"},{"floor":32.0,"key":"REST"},{"data":"Apotheosis","floor":41.0,"key":"SMITH"},{"data":"Limit Break","floor":44.0,"key":"SMITH"},{"data":"Shockwave","floor":49,"key":"SMITH"}],"neow_cost":"PERCENT_DAMAGE","seed_source_timestamp":1095665435340863,"circlet_count":0,"master_deck":["Strike_R","Strike_R","Defend_R","Defend_R","Defend_R","Defend_R","Bash+1","Metallicize+1","Shrug It Off+1","Bludgeon+1","Flex+1","Flex+1","Apotheosis+1","Limit Break+1","Impervious","Shockwave+1","Heavy Blade+1","Metallicize+1","Seeing Red+1"],"special_seed":0,"relics":["Burning Blood","Pocketwatch","Blue Candle","Meat on the Bone","Pear","Lantern","Empty Cage","Red Mask","Magic Flower","Sundial","Frozen Egg 2","Darkstone Periapt","Boot","Pantograph","Du-Vu Doll","Cursed Key","Gremlin Horn","Vajra","Pen Nib"],"potions_floor_usage":[50,50],"damage_taken":[{"damage":1.0,"enemies":"Cultist","floor":1.0,"turns":3.0},{"damage":0.0,"enemies":"Small Slimes","floor":2.0,"turns":3.0},{"damage":31.0,"enemies":"3 Sentries","floor":6.0,"turns":10.0},{"damage":2.0,"enemies":"Jaw Worm","floor":8.0,"turns":4.0},{"damage":23.0,"enemies":"Exordium Thugs","floor":10.0,"turns":8.0},{"damage":3.0,"enemies":"2 Fungi Beasts","floor":14.0,"turns":5.0},{"damage":71.0,"enemies":"The Guardian","floor":16.0,"turns":18.0},{"damage":34.0,"enemies":"3 Byrds","floor":18.0,"turns":8.0},{"damage":20.0,"enemies":"Masked Bandits","floor":19.0,"turns":5.0},{"damage":20.0,"enemies":"Shell Parasite","floor":21.0,"turns":5.0},{"damage":12.0,"enemies":"Colosseum Slavers","floor":22.0,"turns":4.0},{"damage":21.0,"enemies":"Colosseum Nobs","floor":22.0,"turns":6.0},{"damage":27.0,"enemies":"Centurion and Healer","floor":24.0,"turns":5.0},{"damage":31.0,"enemies":"Book of Stabbing","floor":28.0,"turns":5.0},{"damage":11.0,"enemies":"Chosen and Byrds","floor":30.0,"turns":5.0},{"damage":41.0,"enemies":"Slavers","floor":31.0,"turns":8.0},{"damage":76.0,"enemies":"Automaton","floor":33.0,"turns":10.0},{"damage":7.0,"enemies":"Orb Walker","floor":35.0,"turns":4.0},{"damage":6.0,"enemies":"3 Shapes","floor":36.0,"turns":3.0},{"damage":9.0,"enemies":"Jaw Worm Horde","floor":39.0,"turns":5.0},{"damage":16.0,"enemies":"Nemesis","floor":40.0,"turns":7.0},{"damage":9.0,"enemies":"4 Shapes","floor":42.0,"turns":7.0},{"damage":1,"enemies":"Spire Growth","floor":48,"turns":3},{"damage":43,"enemies":"Donu and Deca","floor":50,"turns":5}],"seed_played":"-5715123720001878770","potions_obtained":[{"floor":6.0,"key":"Regen Potion"},{"floor":8.0,"key":"SpeedPotion"},{"floor":16.0,"key":"BloodPotion"},{"floor":21.0,"key":"Ancient Potion"},{"floor":28.0,"key":"PowerPotion"},{"floor":31.0,"key":"SpeedPotion"},{"floor":33.0,"key":"Explosive Potion"},{"floor":35.0,"key":"Explosive Potion"},{"floor":36.0,"key":"Energy Potion"}],"is_trial":false,"path_per_floor":["M","M","?","?","$","E","R","M","T","M","?","$","R","M","R","B",null,"M","?","?","M","?","R","M","R","T","T","E","$","M","E","R","B",null,"M","M","?","$","M","E","R","M","T","R","?","$","?","M","R","B",null],"character_chosen":"IRONCLAD","items_purchased":["Metallicize","Pantograph","Apotheosis","Shockwave","Gremlin Horn","Metallicize+1"],"campfire_rested":2,"item_purchase_floors":[5,29,29,38,38,46],"current_hp_per_floor":[61,67,67,67,67,42,42,58,68,66,48,48,48,63,90,37,90,62,60,60,58,58,58,58,58,58,58,54,54,70,56,83,41,90,90,90,90,90,90,83,83,83,89,89,89,89,89,96,96,62],"gold":102,"neow_bonus":"ONE_RARE_RELIC","is_prod":false,"is_daily":false,"chose_seed":false,"campfire_upgraded":7,"win_rate":0,"timestamp":1559023736,"path_taken":["M","?","?","?","$","E","R","?","T","M","?","$","R","M","R","BOSS","M","?","?","?","?","R","M","R","T","?","E","$","M","E","R","BOSS","M","M","?","$","M","E","R","M","T","R","?","$","?","?","R","BOSS"],"build_version":"2019-01-23","purchased_purges":1,"victory":true,"max_hp_per_floor":[80,80,80,80,80,80,80,80,90,90,90,90,90,90,90,90,90,90,90,90,90,90,90,90,90,90,90,90,90,90,90,90,90,90,90,90,90,90,90,90,90,90,96,96,96,96,96,96,96,96],"card_choices":[{"not_picked":["Body Slam","Entrench","Rage"],"picked":"SKIP","floor":1.0},{"not_picked":["Clash","Havoc","Anger"],"picked":"SKIP","floor":2.0},{"not_picked":["Spot Weakness","Twin Strike"],"picked":"Shrug It Off","floor":6.0},{"not_picked":["Clothesline","True Grit","Blood for Blood"],"picked":"SKIP","floor":8.0},{"not_picked":["Flex","Hemokinesis","Havoc"],"picked":"SKIP","floor":10.0},{"not_picked":["Clothesline","Combust","Searing Blow"],"picked":"SKIP","floor":14.0},{"not_picked":["Brutality","Double Tap"],"picked":"Bludgeon","floor":16.0},{"not_picked":["Twin Strike","Burning Pact+1","Shrug It Off"],"picked":"SKIP","floor":18.0},{"not_picked":["Uppercut","Heavy Blade"],"picked":"Flex+1","floor":21.0},{"not_picked":["Clothesline","Heavy Blade+1"],"picked":"Flex+1","floor":24.0},{"not_picked":["Clothesline+1","Fiend Fire","Cleave"],"picked":"SKIP","floor":28.0},{"not_picked":["Rage","Iron Wave","Searing Blow+1"],"picked":"SKIP","floor":30.0},{"not_picked":["Evolve+1","Warcry"],"picked":"Limit Break","floor":31.0},{"not_picked":["Bludgeon","Berserk+1"],"picked":"Impervious","floor":33.0},{"not_picked":["Flame Barrier","Havoc","Body Slam"],"picked":"SKIP","floor":35.0},{"not_picked":["Second Wind+1","Shrug It Off","Iron Wave+1"],"picked":"SKIP","floor":36.0},{"not_picked":["Rampage+1","Clash","Ghostly Armor"],"picked":"SKIP","floor":39.0},{"not_picked":["Sever Soul","Uppercut+1"],"picked":"Heavy Blade+1","floor":40.0},{"not_picked":["Twin Strike","Heavy Blade+1","Shrug It Off"],"picked":"SKIP","floor":42.0},{"not_picked":["Body Slam+1","Searing Blow"],"picked":"Seeing Red+1","floor":48}],"player_experience":294172,"relics_obtained":[{"floor":6.0,"key":"Meat on the Bone"},{"floor":9.0,"key":"Pear"},{"floor":19.0,"key":"Red Mask"},{"floor":22.0,"key":"Magic Flower"},{"floor":22.0,"key":"Sundial"},{"floor":26.0,"key":"Frozen Egg 2"},{"floor":27.0,"key":"Darkstone Periapt"},{"floor":28.0,"key":"Boot"},{"floor":31.0,"key":"Du-Vu Doll"},{"floor":40.0,"key":"Vajra"},{"floor":43.0,"key":"Pen Nib"}],"event_choices":[{"damage_healed":0.0,"max_hp_gain":0.0,"max_hp_loss":0.0,"gold_gain":175.0,"event_name":"Liars Game","player_choice":"AGREE","floor":3.0,"gold_loss":0.0,"damage_taken":0.0,"cards_obtained":["Doubt"]},{"damage_healed":0.0,"max_hp_gain":0.0,"max_hp_loss":0.0,"gold_gain":0.0,"event_name":"WeMeetAgain","player_choice":"Paid Gold","floor":4.0,"gold_loss":125.0,"damage_taken":0.0,"relics_obtained":["Blue Candle"]},{"damage_healed":0.0,"max_hp_gain":0.0,"max_hp_loss":0.0,"gold_gain":0.0,"event_name":"Scrap Ooze","player_choice":"Success","floor":11.0,"gold_loss":0.0,"damage_taken":18.0,"relics_obtained":["Lantern"]},{"damage_healed":0.0,"max_hp_gain":0.0,"max_hp_loss":0.0,"gold_gain":0.0,"event_name":"Masked Bandits","player_choice":"Fought Bandits","floor":19.0,"gold_loss":0.0,"damage_taken":0.0},{"damage_healed":0.0,"max_hp_gain":0.0,"max_hp_loss":0.0,"gold_gain":0.0,"event_name":"Ghosts","player_choice":"Ignored","floor":20.0,"gold_loss":0.0,"damage_taken":0.0},{"damage_healed":0.0,"max_hp_gain":0.0,"max_hp_loss":0.0,"gold_gain":0.0,"event_name":"Colosseum","player_choice":"Fight","floor":22.0,"gold_loss":0.0,"damage_taken":0.0},{"damage_healed":0.0,"max_hp_gain":0.0,"max_hp_loss":0.0,"gold_gain":0.0,"event_name":"Colosseum","player_choice":"Fought Nobs","floor":22.0,"gold_loss":0.0,"damage_taken":0.0},{"damage_healed":0.0,"max_hp_gain":0.0,"max_hp_loss":0.0,"gold_gain":222.0,"event_name":"Tomb of Lord Red Mask","player_choice":"Wore Mask","floor":37.0,"gold_loss":0.0,"damage_taken":0.0},{"cards_removed":["Strike_R"],"damage_healed":0.0,"max_hp_gain":0.0,"max_hp_loss":0.0,"gold_gain":0.0,"event_name":"Falling","player_choice":"Removed Attack","floor":45.0,"gold_loss":0.0,"damage_taken":0.0},{"cards_removed":["Regret"],"damage_healed":0.0,"max_hp_gain":0.0,"max_hp_loss":0.0,"gold_gain":0.0,"event_name":"Purifier","player_choice":"Purged","floor":47.0,"gold_loss":0.0,"damage_taken":0.0}],"is_beta":false,"boss_relics":[{"not_picked":["Busted Crown","Pandora\u0027s Box"],"picked":"Empty Cage"},{"not_picked":["Runic Pyramid","Fusion Hammer"],"picked":"Cursed Key"}],"items_purged_floors":[5],"is_endless":false,"potions_floor_spawned":[6,8,16,21,28,31,33,35,36,42],"ascension_level":0}