{"gold_per_floor":[214,214,214,239,263,263,294,294,345,345,368,368,393,393,393,518,518,541,566,566,566,577,577,577,577,577,593,628,628,642,660,660,764,764,783,803,803,111,130,130],"floor_reached":40,"playtime":1990,"items_purged":[],"score":408,"play_id":"895a9bf0-97fe-4232-935f-193301ac778f","local_time":"20190730005937","is_ascension_mode":false,"campfire_choices":[{"floor":6.0,"key":"REST"},{"floor":8.0,"key":"REST"},{"data":"Dagger Spray","floor":12.0,"key":"SMITH"},{"data":"Footwork","floor":15.0,"key":"SMITH"},{"floor":23.0,"key":"RECALL"},{"floor":25.0,"key":"REST"},{"floor":29.0,"key":"REST"},{"floor":32.0,"key":"REST"}],"neow_cost":"NONE","seed_source_timestamp":3979458542980924,"circlet_count":0,"master_deck":["Strike_G","Strike_G","Strike_G","Strike_G","Strike_G","Defend_G","Defend_G","Defend_G+1","Defend_G","Defend_G+1","Survivor","Neutralize","Dagger Spray+1","Noxious Fumes+1","Backflip","Deflect","Footwork+1","Corpse Explosion","Quick Slash+1","Bane+1","Flying Knee+1","Blur","Crippling Poison","Prepared+1","Die Die Die","Flechettes+1","Leg Sweep+1","Dark Shackles","Flying Knee+1"],"special_seed":0,"relics":["Ring of the Snake","Bloody Idol","War Paint","Bag of Preparation","Bronze Scales","Matryoshka","Fusion Hammer","Ancient Tea Set","Gremlin Horn","Boot","Omamori","Runic Pyramid","Tingsha","Shovel"],"potions_floor_usage":[40,40],"damage_taken":[{"damage":0.0,"enemies":"Small Slimes","floor":1.0,"turns":6.0},{"damage":0.0,"enemies":"2 Louse","floor":4.0,"turns":3.0},{"damage":1.0,"enemies":"Cultist","floor":5.0,"turns":5.0},{"damage":32.0,"enemies":"3 Sentries","floor":7.0,"turns":8.0},{"damage":0.0,"enemies":"3 Louse","floor":11.0,"turns":3.0},{"damage":0.0,"enemies":"Looter","floor":13.0,"turns":3.0},{"damage":14.0,"enemies":"Slime Boss","floor":16.0,"turns":10.0},{"damage":9.0,"enemies":"2 Thieves","floor":18.0,"turns":3.0},{"damage":0.0,"enemies":"3 Byrds","floor":19.0,"turns":3.0},{"damage":0.0,"enemies":"Centurion and Healer","floor":22.0,"turns":5.0},{"damage":1.0,"enemies":"Snake Plant","floor":27.0,"turns":4.0},{"damage":20.0,"enemies":"Slavers","floor":28.0,"turns":3.0},{"damage":0.0,"enemies":"Sentry and Sphere","floor":30.0,"turns":3.0},{"damage":1.0,"enemies":"Centurion and Healer","floor":31.0,"turns":3.0},{"damage":38.0,"enemies":"Collector","floor":33.0,"turns":9.0},{"damage":5.0,"enemies":"Orb Walker","floor":35.0,"turns":4.0},{"damage":0.0,"enemies":"3 Shapes","floor":36.0,"turns":3.0},{"damage":10.0,"enemies":"Sphere and 2 Shapes","floor":39.0,"turns":4.0},{"damage":69,"enemies":"Giant Head","floor":40,"turns":12}],"seed_played":"313438243552894459","potions_obtained":[{"floor":4.0,"key":"Regen Potion"},{"floor":5.0,"key":"EntropicBrew"},{"floor":11.0,"key":"EssenceOfSteel"},{"floor":18.0,"key":"Swift Potion"},{"floor":22.0,"key":"Swift Potion"},{"floor":30.0,"key":"Block Potion"},{"floor":37.0,"key":"Block Potion"},{"floor":39.0,"key":"GamblersBrew"}],"is_trial":false,"path_per_floor":["M","?","?","M","M","R","E","R","T","?","M","R","M","T","R","B",null,"M","M","T","?","M","R","?","R","T","M","E","R","M","M","R","B",null,"M","M","?","$","M","E"],"character_chosen":"THE_SILENT","items_purchased":["Tingsha","Shovel","Dark Shackles"],"campfire_rested":5,"item_purchase_floors":[38,38,38],"current_hp_per_floor":[70,53,35,35,34,55,38,59,59,59,59,59,59,59,59,45,70,61,61,61,61,66,66,66,70,70,70,55,70,70,70,70,37,70,70,70,70,70,65,0],"gold":130,"neow_bonus":"HUNDRED_GOLD","is_prod":false,"is_daily":false,"chose_seed":false,"campfire_upgraded":2,"win_rate":0,"timestamp":1564462777,"path_taken":["M","?","?","M","M","R","E","R","T","?","M","R","M","?","R","BOSS","M","M","?","?","M","R","?","R","T","M","E","R","M","M","R","BOSS","M","M","?","$","M","E"],"build_version":"2019-07-17","purchased_purges":0,"victory":false,"max_hp_per_floor":[70,70,70,70,70,70,70,70,70,70,70,70,70,70,70,70,70,70,70,70,70,70,70,70,70,70,70,70,70,70,70,70,70,70,70,70,70,70,70,70],"card_choices":[{"not_picked":["PiercingWail","Bane"],"picked":"Dagger Spray","floor":1.0},{"not_picked":["Bane","Deflect"],"picked":"Noxious Fumes","floor":4.0},{"not_picked":["Slice","Prepared"],"picked":"Backflip","floor":5.0},{"not_picked":["Blade Dance","Sucker Punch","Predator"],"picked":"SKIP","floor":7.0},{"not_picked":["Flying Knee","Tools of the Trade"],"picked":"Deflect","floor":11.0},{"not_picked":["Deadly Poison","Slice"],"picked":"Footwork","floor":13.0},{"not_picked":["A Thousand Cuts","Glass Knife"],"picked":"Corpse Explosion","floor":16.0},{"not_picked":["Skewer+1","Sucker Punch+1"],"picked":"Quick Slash+1","floor":18.0},{"not_picked":["All Out Attack+1","Blade Dance"],"picked":"Bane+1","floor":19.0},{"not_picked":["Flying Knee","Backflip","Skewer"],"picked":"SKIP","floor":22.0},{"not_picked":["Dagger Throw+1","Dodge and Roll+1"],"picked":"Flying Knee+1","floor":27.0},{"not_picked":["Die Die Die","Acrobatics+1"],"picked":"Blur","floor":28.0},{"not_picked":["Predator","Underhanded Strike"],"picked":"Crippling Poison","floor":30.0},{"not_picked":["Quick Slash","Backstab"],"picked":"Prepared+1","floor":31.0},{"not_picked":["Grand Finale","Tools of the Trade"],"picked":"Die Die Die","floor":33.0},{"not_picked":["Bane+1","Reflex"],"picked":"Flechettes+1","floor":35.0},{"not_picked":["Endless Agony+1","Bane+1"],"picked":"Leg Sweep+1","floor":36.0},{"not_picked":["Deflect+1","Riddle With Holes"],"picked":"Flying Knee+1","floor":39.0}],"player_experience":497549,"relics_obtained":[{"floor":7.0,"key":"Bag of Preparation"},{"floor":9.0,"key":"Bronze Scales"},{"floor":14.0,"key":"Matryoshka"},{"floor":20.0,"key":"Ancient Tea Set"},{"floor":20.0,"key":"Gremlin Horn"},{"floor":26.0,"key":"Boot"},{"floor":28.0,"key":"Omamori"}],"event_choices":[{"damage_healed":0.0,"max_hp_gain":0.0,"max_hp_loss":0.0,"gold_gain":0.0,"event_name":"Golden Idol","player_choice":"Take Damage","floor":2.0,"gold_loss":0.0,"damage_taken":17.0,"relics_obtained":["Golden Idol"]},{"damage_healed":0.0,"max_hp_gain":0.0,"max_hp_loss":0.0,"gold_gain":0.0,"event_name":"Scrap Ooze","player_choice":"Success","floor":3.0,"gold_loss":0.0,"damage_taken":18.0,"relics_obtained":["War Paint"]},{"damage_healed":0.0,"max_hp_gain":0.0,"max_hp_loss":0.0,"gold_gain":0.0,"event_name":"Living Wall","player_choice":"Grow","floor":10.0,"gold_loss":0.0,"damage_taken":0.0,"cards_upgraded":["Noxious Fumes"]},{"damage_healed":0.0,"max_hp_gain":0.0,"max_hp_loss":0.0,"gold_gain":0.0,"event_name":"Forgotten Altar","player_choice":"Gave Idol","floor":21.0,"relics_lost":["Golden Idol"],"gold_loss":0.0,"damage_taken":0.0,"relics_obtained":["Bloody Idol"]},{"damage_healed":0.0,"max_hp_gain":0.0,"max_hp_loss":0.0,"gold_gain":0.0,"event_name":"Vampires","player_choice":"Ignored","floor":24.0,"gold_loss":0.0,"damage_taken":0.0},{"damage_healed":0.0,"max_hp_gain":0.0,"max_hp_loss":0.0,"gold_gain":0.0,"event_name":"Lab","player_choice":"Got Potions","floor":37.0,"gold_loss":0.0,"damage_taken":0.0}],"is_beta":false,"boss_relics":[{"not_picked":["HoveringKite","Astrolabe"],"picked":"Fusion Hammer"},{"not_picked":["Orrery","Sozu"],"picked":"Runic Pyramid"}],"items_purged_floors":[],"is_endless":false,"potions_floor_spawned":[4,5,11,13,16,18,22,30,39],"killed_by":"Giant Head","ascension_level":0}