{"gold_per_floor":[18,34,34,52,2,2,35,35,58,58,58,78,78,96,96,96],"floor_reached":16,"playtime":959,"items_purged":[],"score":100,"play_id":"b1695964-a7ba-47d2-9481-c72516d6f8e5","local_time":"20190820134017","is_ascension_mode":false,"campfire_choices":[{"data":"Dualcast","floor":6.0,"key":"SMITH"},{"data":"Conserve Battery","floor":8.0,"key":"SMITH"},{"data":"Zap","floor":10.0,"key":"SMITH"},{"floor":13.0,"key":"RECALL"},{"data":"Cold Snap","floor":15.0,"key":"SMITH"}],"neow_cost":"NO_GOLD","seed_source_timestamp":0,"circlet_count":0,"master_deck":["Strike_B","Strike_B","Strike_B","Defend_B","Defend_B","Defend_B","Defend_B","Zap+1","Dualcast+1","Undo+1","Cold Snap+1","Conserve Battery+1","BootSequence"],"special_seed":0,"relics":["Cracked Core","Unceasing Top","Lantern"],"potions_floor_usage":[16],"damage_taken":[{"damage":0.0,"enemies":"Jaw Worm","floor":1.0,"turns":3.0},{"damage":0.0,"enemies":"2 Louse","floor":2.0,"turns":2.0},{"damage":0.0,"enemies":"Cultist","floor":4.0,"turns":4.0},{"damage":23.0,"enemies":"Lagavulin","floor":7.0,"turns":10.0},{"damage":1.0,"enemies":"Lots of Slimes","floor":12.0,"turns":5.0},{"damage":0.0,"enemies":"Looter","floor":14.0,"turns":4.0},{"damage":51,"enemies":"Slime Boss","floor":16,"turns":18}],"seed_played":"-1685153674019786171","potions_obtained":[{"floor":2.0,"key":"GamblersBrew"}],"is_trial":false,"path_per_floor":["M","M","?","M","?","R","E","R","T","R","$","M","R","M","R","B"],"character_chosen":"DEFECT","items_purchased":[],"campfire_rested":0,"item_purchase_floors":[],"current_hp_per_floor":[75,75,75,75,75,75,52,52,52,52,52,51,51,51,51,0],"gold":96,"neow_bonus":"ONE_RARE_RELIC","is_prod":false,"is_daily":false,"chose_seed":false,"campfire_upgraded":4,"win_rate":0,"timestamp":1566322817,"path_taken":["M","M","?","M","?","R","E","R","T","R","?","M","R","M","R","BOSS"],"build_version":"2019-07-17","purchased_purges":0,"victory":false,"max_hp_per_floor":[75,75,75,75,75,75,75,75,75,75,75,75,75,75,75,75],"card_choices":[{"not_picked":["Hologram","Rebound","Hello World"],"picked":"SKIP","floor":1.0},{"not_picked":["Recycle","Go for the Eyes"],"picked":"Undo","floor":2.0},{"not_picked":["Compile Driver","Barrage"],"picked":"Cold Snap","floor":4.0},{"not_picked":["Capacitor","Steam"],"picked":"Conserve Battery","floor":7.0},{"not_picked":["Fusion","Compile Driver"],"picked":"BootSequence","floor":12.0},{"not_picked":["Redo","Turbo","Gash"],"picked":"SKIP","floor":14.0}],"player_experience":548462,"relics_obtained":[{"floor":7.0,"key":"Lantern"}],"event_choices":[{"damage_healed":0.0,"max_hp_gain":0.0,"max_hp_loss":0.0,"gold_gain":0.0,"event_name":"Living Wall","player_choice":"Grow","floor":3.0,"gold_loss":0.0,"damage_taken":0.0,"cards_upgraded":["Undo"]},{"cards_removed":["Strike_B"],"damage_healed":0.0,"max_hp_gain":0.0,"max_hp_loss":0.0,"gold_gain":0.0,"event_name":"The Cleric","player_choice":"Card Removal","floor":5.0,"gold_loss":50.0,"damage_taken":0.0}],"is_beta":false,"boss_relics":[],"items_purged_floors":[],"is_endless":false,"potions_floor_spawned":[2],"killed_by":"Slime Boss","ascension_level":0}