{"gold_per_floor":[119,50,68,84,94,94,108,108,160,160,174,187,187,25,25,103,103,118,137,157,171,182,182,196,196,223,223,233,267,267,280,280,280],"floor_reached":33,"playtime":991,"items_purged":[],"score":437,"play_id":"46c12c2c-0b5e-4f4a-845a-207dd75992d7","local_time":"20190613235301","is_ascension_mode":true,"campfire_choices":[{"data":"Whirlwind","floor":6.0,"key":"SMITH"},{"data":"Carnage","floor":8.0,"key":"SMITH"},{"data":"Bash","floor":10.0,"key":"SMITH"},{"floor":13.0,"key":"REST"},{"data":"Bludgeon","floor":15.0,"key":"SMITH"},{"floor":23.0,"key":"REST"},{"floor":25,"key":"REST"},{"data":"Bludgeon","floor":27,"key":"SMITH"},{"floor":30,"key":"REST"},{"floor":32,"key":"REST"}],"neow_cost":"TEN_PERCENT_HP_LOSS","seed_source_timestamp":2220591907077,"circlet_count":0,"master_deck":["AscendersBane","Strike_R","Strike_R","Strike_R","Strike_R","Defend_R","Defend_R","Defend_R","Bash+1","Carnage+1","Whirlwind+1","Bludgeon+1","Bludgeon+1","Shame","Shame","Injury","Rage+1","Shrug It Off","Spot Weakness+1","Reaper+1"],"special_seed":0,"relics":["Burning Blood","Strawberry","Calling Bell","Lantern","Gremlin Horn","Du-Vu Doll","PreservedInsect","Molten Egg 2"],"potions_floor_usage":[24],"damage_taken":[{"damage":6.0,"enemies":"Cultist","floor":1.0,"turns":4.0},{"damage":0.0,"enemies":"2 Louse","floor":3.0,"turns":2.0},{"damage":0.0,"enemies":"Small Slimes","floor":4.0,"turns":3.0},{"damage":0.0,"enemies":"3 Louse","floor":5.0,"turns":2.0},{"damage":13.0,"enemies":"Large Slime","floor":7.0,"turns":4.0},{"damage":13.0,"enemies":"Red Slaver","floor":11.0,"turns":3.0},{"damage":11.0,"enemies":"3 Louse","floor":12.0,"turns":2.0},{"damage":71.0,"enemies":"The Guardian","floor":16.0,"turns":7.0},{"damage":34.0,"enemies":"2 Thieves","floor":18.0,"turns":4.0},{"damage":11.0,"enemies":"Spheric Guardian","floor":19.0,"turns":3.0},{"damage":14.0,"enemies":"Centurion and Healer","floor":20.0,"turns":4.0},{"damage":10.0,"enemies":"Chosen and Byrds","floor":21.0,"turns":3.0},{"damage":12.0,"enemies":"3 Cultists","floor":22.0,"turns":4.0},{"damage":6,"enemies":"Sentry and Sphere","floor":24,"turns":3},{"damage":0,"enemies":"Snecko","floor":28,"turns":2},{"damage":30,"enemies":"Book of Stabbing","floor":29,"turns":3},{"damage":16,"enemies":"Cultist and Chosen","floor":31,"turns":4},{"damage":76,"enemies":"Champ","floor":33,"turns":10}],"seed_played":"7102147402099422106","potions_obtained":[{"floor":1.0,"key":"AttackPotion"},{"floor":3.0,"key":"PowerPotion"},{"floor":24,"key":"SkillPotion"},{"floor":31,"key":"AttackPotion"}],"is_trial":false,"path_per_floor":["M","$","M","M","M","R","M","R","T","R","M","M","R","$","R","B",null,"M","M","M","M","M","R","M","R","T","R","M","E","R","M","R","B"],"character_chosen":"IRONCLAD","items_purchased":["Whirlwind","Bludgeon"],"campfire_rested":5,"item_purchase_floors":[2,14],"current_hp_per_floor":[72,72,72,72,72,72,65,65,72,72,65,60,79,79,79,14,63,35,30,22,18,12,35,35,58,58,58,64,40,63,53,76,0],"gold":280,"neow_bonus":"REMOVE_TWO","is_prod":false,"is_daily":false,"chose_seed":false,"campfire_upgraded":5,"win_rate":0,"timestamp":1560484381,"path_taken":["M","?","M","?","M","R","M","R","T","R","M","M","R","$","R","BOSS","M","?","M","M","M","R","M","R","T","R","?","E","R","M","R","BOSS"],"build_version":"2019-01-23","purchased_purges":0,"victory":false,"max_hp_per_floor":[72,72,72,72,72,72,72,72,79,79,79,79,79,79,79,79,79,79,79,79,79,79,79,79,79,79,79,79,79,79,79,79,79],"card_choices":[{"not_picked":["Rampage","Flex"],"picked":"Carnage","floor":1.0},{"not_picked":["Rupture","Blood for Blood","Anger"],"picked":"SKIP","floor":3.0},{"not_picked":["Bloodletting","Intimidate","Rage"],"picked":"SKIP","floor":4.0},{"not_picked":["Pommel Strike","Clash","Searing Blow"],"picked":"SKIP","floor":5.0},{"not_picked":["Clothesline","Second Wind","Pommel Strike"],"picked":"SKIP","floor":7.0},{"not_picked":["Havoc","Heavy Blade","Whirlwind"],"picked":"SKIP","floor":11.0},{"not_picked":["Intimidate","Cleave","Metallicize"],"picked":"SKIP","floor":12.0},{"not_picked":["Limit Break","Berserk"],"picked":"Bludgeon","floor":16.0},{"not_picked":["Evolve","Whirlwind"],"picked":"Rage+1","floor":18.0},{"not_picked":["Metallicize","Anger","Thunderclap"],"picked":"SKIP","floor":19.0},{"not_picked":["Anger","Searing Blow","Cleave"],"picked":"SKIP","floor":20.0},{"not_picked":["Corruption","Searing Blow","Flex"],"picked":"SKIP","floor":21.0},{"not_picked":["Sword Boomerang","Combust"],"picked":"Shrug It Off","floor":22.0},{"not_picked":["Infernal Blade","Anger"],"picked":"Spot Weakness+1","floor":24},{"not_picked":["Wild Strike","Clash+1","Hemokinesis"],"picked":"SKIP","floor":28},{"not_picked":["True Grit","Rage","Ghostly Armor"],"picked":"SKIP","floor":29},{"not_picked":["Flex","Havoc"],"picked":"Reaper+1","floor":31}],"player_experience":356360,"relics_obtained":[{"floor":9.0,"key":"Strawberry"},{"floor":17.0,"key":"Lantern"},{"floor":17.0,"key":"Gremlin Horn"},{"floor":17.0,"key":"Du-Vu Doll"},{"floor":26,"key":"PreservedInsect"},{"floor":29,"key":"Molten Egg 2"}],"event_choices":[],"is_beta":false,"boss_relics":[{"not_picked":["Astrolabe","Mark of Pain"],"picked":"Calling Bell"}],"items_purged_floors":[],"is_endless":false,"potions_floor_spawned":[1,3,7,11,12,22,24,28,29,31],"killed_by":"Champ","ascension_level":13}