{"gold_per_floor":[10,27,27,48,73,109,127,127,195,21,35,35,35,49,49,172,172,150,150,50,64,64,100,199,14,69,69,132,145,170,189,189,310,310,330,355,355,374,389,389,420,420,420,460,460,560,159,190,190,190],"floor_reached":51,"playtime":9483,"items_purged":["Strike_R","Defend_R","Strike_R+1"],"score":1215,"play_id":"ca25ef20-d43f-4e57-8d46-29a986ce1371","local_time":"20190914172524","is_ascension_mode":true,"campfire_choices":[{"data":"Feel No Pain","floor":13.0,"key":"SMITH"},{"floor":15.0,"key":"REST"},{"data":"Corruption","floor":27.0,"key":"SMITH"},{"floor":32.0,"key":"REST"},{"data":"Feel No Pain","floor":40.0,"key":"SMITH"},{"data":"Feel No Pain","floor":42.0,"key":"SMITH"},{"data":"Demon Form","floor":45.0,"key":"SMITH"},{"data":"Rampage","floor":49.0,"key":"SMITH"}],"neow_cost":"NO_GOLD","seed_source_timestamp":0,"circlet_count":0,"master_deck":["Strike_R+1","Strike_R+1","Strike_R+1","Defend_R+1","Defend_R+1","Defend_R+1","Warcry","Shrug It Off","Feel No Pain+1","Havoc","Battle Trance","Feel No Pain+1","Warcry","Body Slam","Havoc+1","Demon Form+1","Corruption+1","Sentinel+1","Armaments+1","Shockwave+1","Master of Strategy+1","Limit Break+1","Feel No Pain+1","Warcry+1","Seeing Red+1","Exhume+1","Warcry+1","Ghostly Armor+1","Burning Pact+1","Disarm+1","True Grit+1","Rampage+1"],"special_seed":0,"relics":["Black Blood","Golden Idol","Smiling Mask","StoneCalendar","Self Forming Clay","Toxic Egg 2","Bag of Preparation","Centennial Puzzle","Tiny Chest","Lizard Tail","Pocketwatch","Red Skull","Juzu Bracelet","Shuriken","Magic Flower"],"potions_floor_usage":[50,50],"damage_taken":[{"damage":1.0,"enemies":"Cultist","floor":1.0,"turns":3.0},{"damage":6.0,"enemies":"Jaw Worm","floor":2.0,"turns":6.0},{"damage":1.0,"enemies":"2 Louse","floor":4.0,"turns":3.0},{"damage":9.0,"enemies":"Blue Slaver","floor":5.0,"turns":6.0},{"damage":41.0,"enemies":"Lagavulin","floor":6.0,"turns":10.0},{"damage":6.0,"enemies":"Looter","floor":7.0,"turns":3.0},{"damage":8.0,"enemies":"3 Louse","floor":11.0,"turns":6.0},{"damage":5.0,"enemies":"Large Slime","floor":14.0,"turns":7.0},{"damage":0.0,"enemies":"Slime Boss","floor":16.0,"turns":10.0},{"damage":44.0,"enemies":"2 Thieves","floor":18.0,"turns":5.0},{"damage":18.0,"enemies":"3 Byrds","floor":21.0,"turns":7.0},{"damage":19.0,"enemies":"Slavers","floor":23.0,"turns":7.0},{"damage":7.0,"enemies":"Gremlin Leader","floor":28.0,"turns":4.0},{"damage":6.0,"enemies":"Sentry and Sphere","floor":29.0,"turns":4.0},{"damage":10.0,"enemies":"Snecko","floor":30.0,"turns":6.0},{"damage":0.0,"enemies":"Chosen and Byrds","floor":31.0,"turns":6.0},{"damage":36.0,"enemies":"Champ","floor":33.0,"turns":8.0},{"damage":0.0,"enemies":"3 Darklings","floor":35.0,"turns":6.0},{"damage":1.0,"enemies":"3 Shapes","floor":36.0,"turns":4.0},{"damage":36.0,"enemies":"Sphere and 2 Shapes","floor":38.0,"turns":4.0},{"damage":0.0,"enemies":"Jaw Worm Horde","floor":39.0,"turns":5.0},{"damage":0.0,"enemies":"Giant Head","floor":41.0,"turns":6.0},{"damage":3.0,"enemies":"Nemesis","floor":44.0,"turns":7.0},{"damage":4.0,"enemies":"Reptomancer","floor":48.0,"turns":4.0},{"damage":0,"enemies":"Time Eater","floor":50,"turns":9}],"seed_played":"-3396388515789550525","potions_obtained":[{"floor":1.0,"key":"PowerPotion"},{"floor":5.0,"key":"Fruit Juice"},{"floor":7.0,"key":"Fruit Juice"},{"floor":14.0,"key":"Block Potion"},{"floor":18.0,"key":"FairyPotion"},{"floor":33.0,"key":"Energy Potion"},{"floor":35.0,"key":"BloodPotion"},{"floor":38.0,"key":"Strength Potion"},{"floor":39.0,"key":"Dexterity Potion"}],"is_trial":false,"path_per_floor":["M","M","?","M","M","E","M","?","T","$","M","T","R","M","R","B",null,"M","?","$","M","?","E","?","$","T","R","E","M","M","M","R","B",null,"M","M","?","M","M","R","E","R","T","E","R","?","$","E","R","B",null],"character_chosen":"IRONCLAD","items_purchased":["Feel No Pain","Warcry","Armaments+1","Master of Strategy+1","True Grit+1","Rampage","Shuriken"],"campfire_rested":2,"item_purchase_floors":[10,10,20,25,47,47,47],"current_hp_per_floor":[93,93,69,74,76,41,46,39,39,39,37,37,37,38,69,75,98,64,64,64,56,56,47,47,47,47,47,50,54,54,64,95,69,97,106,106,106,106,106,106,106,106,106,106,106,106,106,106,106,106],"gold":190,"neow_bonus":"TWENTY_PERCENT_HP_BONUS","is_prod":false,"is_daily":false,"chose_seed":false,"campfire_upgraded":6,"win_rate":0,"timestamp":1568474724,"path_taken":["M","?","?","M","M","E","M","?","T","$","M","?","R","M","R","BOSS","M","?","$","M","?","E","?","$","T","R","E","M","M","M","R","BOSS","M","M","?","M","M","R","E","R","T","E","R","?","$","E","R","BOSS"],"build_version":"2019-07-17","purchased_purges":3,"victory":true,"max_hp_per_floor":[96,96,96,96,101,101,106,106,106,106,106,106,106,106,106,106,106,106,106,106,106,106,106,106,106,106,106,106,106,106,106,106,106,106,106,106,106,106,106,106,106,106,106,106,106,106,106,106,106,106],"card_choices":[{"not_picked":["Disarm","Body Slam"],"picked":"Warcry","floor":1.0},{"not_picked":["Flex","Dual Wield"],"picked":"Shrug It Off","floor":2.0},{"not_picked":["Burning Pact","Corruption"],"picked":"Feel No Pain","floor":4.0},{"not_picked":["Anger","Thunderclap","Flex"],"picked":"SKIP","floor":5.0},{"not_picked":["Rupture","Flex"],"picked":"Havoc","floor":6.0},{"not_picked":["Power Through","Warcry"],"picked":"Battle Trance","floor":7.0},{"not_picked":["Twin Strike","Sword Boomerang"],"picked":"Body Slam","floor":11.0},{"not_picked":["Clash","Sword Boomerang"],"picked":"Havoc+1","floor":14.0},{"not_picked":["Immolate","Brutality"],"picked":"Demon Form","floor":16.0},{"not_picked":["Burning Pact+1","Blood for Blood"],"picked":"Corruption","floor":18.0},{"not_picked":["Infernal Blade+1","Twin Strike+1"],"picked":"Shockwave+1","floor":21.0},{"not_picked":["Dropkick","Iron Wave","Twin Strike"],"picked":"SKIP","floor":23.0},{"not_picked":["Thunderclap","Twin Strike"],"picked":"Limit Break+1","floor":28.0},{"not_picked":["Infernal Blade+1","Thunderclap"],"picked":"Feel No Pain","floor":29.0},{"not_picked":["Headbutt","Iron Wave"],"picked":"Warcry+1","floor":30.0},{"not_picked":["Second Wind+1","Spot Weakness+1"],"picked":"Seeing Red+1","floor":31.0},{"not_picked":["Berserk","Dark Embrace"],"picked":"Exhume+1","floor":33.0},{"not_picked":["Heavy Blade+1","Pommel Strike"],"picked":"Warcry+1","floor":35.0},{"not_picked":["Clash","Flex+1"],"picked":"Ghostly Armor+1","floor":36.0},{"not_picked":["Clothesline","Cleave+1"],"picked":"Burning Pact+1","floor":38.0},{"not_picked":["Pummel","Corruption","Bludgeon"],"picked":"SKIP","floor":39.0},{"not_picked":["Twin Strike+1","Warcry+1"],"picked":"Disarm+1","floor":41.0},{"not_picked":["Perfected Strike+1","Sword Boomerang+1","Heavy Blade+1"],"picked":"SKIP","floor":44.0},{"not_picked":["Metallicize+1","Pommel Strike+1","Heavy Blade"],"picked":"SKIP","floor":48.0}],"player_experience":295390,"relics_obtained":[{"floor":6.0,"key":"Smiling Mask"},{"floor":9.0,"key":"Self Forming Clay"},{"floor":12.0,"key":"Toxic Egg 2"},{"floor":23.0,"key":"Bag of Preparation"},{"floor":26.0,"key":"Centennial Puzzle"},{"floor":28.0,"key":"Tiny Chest"},{"floor":41.0,"key":"Pocketwatch"},{"floor":43.0,"key":"Red Skull"},{"floor":44.0,"key":"Juzu Bracelet"},{"floor":48.0,"key":"Magic Flower"}],"event_choices":[{"damage_healed":0.0,"max_hp_gain":0.0,"max_hp_loss":0.0,"gold_gain":0.0,"event_name":"Golden Idol","player_choice":"Take Damage","floor":3.0,"gold_loss":0.0,"damage_taken":24.0,"relics_obtained":["Golden Idol"]},{"damage_healed":0.0,"max_hp_gain":0.0,"max_hp_loss":0.0,"gold_gain":0.0,"event_name":"Scrap Ooze","player_choice":"Success","floor":8.0,"gold_loss":0.0,"damage_taken":7.0,"relics_obtained":["StoneCalendar"]},{"damage_healed":0.0,"max_hp_gain":0.0,"max_hp_loss":0.0,"gold_gain":0.0,"event_name":"The Library","player_choice":"Read","floor":19.0,"gold_loss":0.0,"damage_taken":0.0,"cards_obtained":["Sentinel"]},{"damage_healed":0.0,"max_hp_gain":0.0,"max_hp_loss":0.0,"gold_gain":0.0,"event_name":"Back to Basics","player_choice":"Simplicity","floor":22.0,"gold_loss":0.0,"damage_taken":0.0,"cards_upgraded":["Strike_R","Strike_R","Strike_R","Strike_R","Defend_R","Defend_R","Defend_R"]},{"damage_healed":0.0,"max_hp_gain":0.0,"max_hp_loss":0.0,"gold_gain":99.0,"event_name":"Nest","player_choice":"Stole From Cult","floor":24.0,"gold_loss":0.0,"damage_taken":0.0},{"cards_removed":["Bash"],"damage_healed":0.0,"max_hp_gain":0.0,"max_hp_loss":0.0,"gold_gain":0.0,"event_name":"Purifier","player_choice":"Purged","floor":37.0,"gold_loss":0.0,"damage_taken":0.0},{"damage_healed":0.0,"max_hp_gain":0.0,"max_hp_loss":0.0,"gold_gain":100.0,"event_name":"Golden Shrine","player_choice":"Pray","floor":46.0,"gold_loss":0.0,"damage_taken":0.0}],"is_beta":false,"boss_relics":[{"not_picked":["Calling Bell","Orrery"],"picked":"Black Blood"},{"not_picked":["Philosopher\u0027s Stone","Eternal Feather"],"picked":"Lizard Tail"}],"items_purged_floors":[10,20,47],"is_endless":false,"potions_floor_spawned":[1,5,7,14,18,33,35,38,39,44,48],"ascension_level":6}