{"gold_per_floor":[216,216,216,216,235,235,250,282,282,54,84,155,155,182,182,298,298,338,24,24,43,66,66,98,98,98,98,198,228,248,47,47,149,149,162,162,162,162,182,182,197,297,297,297,297,322,340,353,353,353],"floor_reached":50,"playtime":2395,"items_purged":[],"score":711,"play_id":"0e4d033e-1f94-456d-89ae-b2caf40583c1","local_time":"20190526015722","is_ascension_mode":true,"campfire_choices":[{"floor":13.0,"key":"REST"},{"floor":15.0,"key":"REST"},{"floor":23.0,"key":"REST"},{"data":"Crippling Poison","floor":25.0,"key":"SMITH"},{"floor":27.0,"key":"REST"},{"floor":32.0,"key":"REST"},{"floor":40.0,"key":"REST"},{"floor":44.0,"key":"REST"},{"floor":49,"key":"REST"}],"neow_cost":"NONE","seed_source_timestamp":922228662274045,"circlet_count":0,"master_deck":["Defend_G+1","Defend_G","Defend_G+1","Defend_G","Defend_G","Strike_G","Strike_G","Strike_G","Survivor","Neutralize","Backflip","Dagger Spray","Dagger Spray","Deadly Poison","Flying Knee","A Thousand Cuts+1","Quick Slash+1","Crippling Poison+1","Flying Knee+1","A Thousand Cuts+1","Distraction+1","Outmaneuver","Noxious Fumes+1","Flying Knee+1","Dramatic Entrance","Writhe","Crippling Poison+1","Slice+1","Calculated Gamble","Dagger Spray+1","Blade Dance","Bane+1"],"special_seed":0,"relics":["Ring of the Snake","Frozen Egg 2","PreservedInsect","Art of War","Gremlin Horn","Snake Skull","White Beast Statue","Bottled Tornado","Smiling Mask","Dead Branch","Lantern","Tingsha","Ornamental Fan","Oddly Smooth Stone","Membership Card","Runic Pyramid","Girya","Molten Egg 2","Darkstone Periapt"],"potions_floor_usage":[47,47,47,48,50],"damage_taken":[{"damage":6.0,"enemies":"Jaw Worm","floor":1.0,"turns":6.0},{"damage":9.0,"enemies":"2 Louse","floor":5.0,"turns":3.0},{"damage":0.0,"enemies":"Cultist","floor":7.0,"turns":5.0},{"damage":21.0,"enemies":"3 Sentries","floor":8.0,"turns":10.0},{"damage":4.0,"enemies":"Exordium Thugs","floor":11.0,"turns":3.0},{"damage":21.0,"enemies":"Hexaghost","floor":16.0,"turns":10.0},{"damage":38.0,"enemies":"2 Thieves","floor":18.0,"turns":4.0},{"damage":24.0,"enemies":"Spheric Guardian","floor":21.0,"turns":5.0},{"damage":23.0,"enemies":"Book of Stabbing","floor":24.0,"turns":5.0},{"damage":36.0,"enemies":"Colosseum Slavers","floor":28.0,"turns":4.0},{"damage":30.0,"enemies":"Colosseum Nobs","floor":28.0,"turns":3.0},{"damage":0.0,"enemies":"Gremlin Leader","floor":29.0,"turns":3.0},{"damage":0.0,"enemies":"3 Cultists","floor":30.0,"turns":2.0},{"damage":18.0,"enemies":"Collector","floor":33.0,"turns":7.0},{"damage":43.0,"enemies":"3 Shapes","floor":35.0,"turns":2.0},{"damage":9.0,"enemies":"Orb Walker","floor":39.0,"turns":3.0},{"damage":9.0,"enemies":"Jaw Worm Horde","floor":41.0,"turns":3.0},{"damage":12.0,"enemies":"Mind Bloom Boss Battle","floor":42.0,"turns":6.0},{"damage":7.0,"enemies":"Giant Head","floor":46.0,"turns":7.0},{"damage":16,"enemies":"Maw","floor":47,"turns":6},{"damage":31,"enemies":"3 Darklings","floor":48,"turns":2},{"damage":30,"enemies":"Time Eater","floor":50,"turns":2}],"seed_played":"-1754373514878723924","potions_obtained":[{"floor":11.0,"key":"LiquidBronze"},{"floor":16.0,"key":"LiquidBronze"},{"floor":18.0,"key":"GhostInAJar"},{"floor":21.0,"key":"Ancient Potion"},{"floor":24.0,"key":"FearPotion"},{"floor":28.0,"key":"Explosive Potion"},{"floor":29.0,"key":"SpeedPotion"},{"floor":30.0,"key":"Energy Potion"},{"floor":33.0,"key":"Ancient Potion"},{"floor":35.0,"key":"Explosive Potion"},{"floor":39.0,"key":"Fire Potion"},{"floor":41.0,"key":"Poison Potion"},{"floor":42.0,"key":"Block Potion"},{"floor":45.0,"key":"PowerPotion"},{"floor":46.0,"key":"Dexterity Potion"},{"floor":47,"key":"AttackPotion"},{"floor":48,"key":"Weak Potion"}],"is_trial":false,"path_per_floor":["M","?","?","?","M","?","M","E","T","$","M","T","R","T","R","B",null,"M","$","?","M","T","R","E","R","T","R","?","E","M","$","R","B",null,"M","?","?","?","M","R","M","?","T","R","?","E","M","M","R","B"],"character_chosen":"THE_SILENT","items_purchased":["Deadly Poison","HandOfGreed","Crippling Poison","Bottled Tornado","Membership Card"],"campfire_rested":8,"item_purchase_floors":[10,10,19,19,31],"current_hp_per_floor":[64,61,47,40,31,31,31,10,10,10,6,6,27,27,48,27,59,21,21,80,56,56,80,57,57,57,80,14,14,14,14,38,20,65,22,22,42,42,33,57,48,36,36,60,60,53,37,6,30,0],"gold":353,"neow_bonus":"HUNDRED_GOLD","is_prod":false,"is_daily":false,"chose_seed":false,"campfire_upgraded":1,"win_rate":0,"timestamp":1558850242,"path_taken":["M","?","?","?","?","?","M","E","T","$","M","?","R","?","R","BOSS","M","$","?","?","?","R","E","R","T","R","?","E","M","$","R","BOSS","M","?","?","?","M","R","?","?","T","R","?","E","?","M","R","BOSS"],"build_version":"2019-01-23","purchased_purges":0,"victory":false,"max_hp_per_floor":[70,70,70,70,70,70,70,70,70,70,70,70,70,70,70,70,70,70,70,80,80,80,80,80,80,80,80,80,80,80,80,80,80,80,80,80,80,80,80,80,80,80,80,80,80,80,80,80,80,80],"card_choices":[{"not_picked":["Outmaneuver","Eviscerate"],"picked":"Backflip","floor":1.0},{"not_picked":["PiercingWail","All Out Attack","Unload"],"picked":"SKIP","floor":5.0},{"not_picked":["Eviscerate","Predator"],"picked":"Dagger Spray","floor":7.0},{"not_picked":["Infinite Blades+1","Finisher"],"picked":"Dagger Spray","floor":8.0},{"not_picked":["Sucker Punch","Acrobatics"],"picked":"Flying Knee","floor":11.0},{"not_picked":["Phantasmal Killer","Bullet Time"],"picked":"A Thousand Cuts+1","floor":16.0},{"not_picked":["Cloak And Dagger","Blade Dance"],"picked":"Quick Slash+1","floor":18.0},{"not_picked":["Outmaneuver","Sucker Punch"],"picked":"Flying Knee+1","floor":21.0},{"not_picked":["Noxious Fumes+1","Escape Plan"],"picked":"A Thousand Cuts+1","floor":24.0},{"not_picked":["Predator","Infinite Blades+1"],"picked":"Distraction+1","floor":28.0},{"not_picked":["Eviscerate","Slice"],"picked":"Outmaneuver","floor":29.0},{"not_picked":["All Out Attack+1","Outmaneuver+1"],"picked":"Noxious Fumes+1","floor":30.0},{"not_picked":["All Out Attack+1","Dagger Throw+1"],"picked":"Flying Knee+1","floor":35.0},{"not_picked":["Blind","Madness"],"picked":"Dramatic Entrance","floor":36.0},{"not_picked":["Heel Hook","Acrobatics+1"],"picked":"Slice+1","floor":39.0},{"not_picked":["Underhanded Strike","Accuracy+1"],"picked":"Calculated Gamble","floor":41.0},{"not_picked":["Bouncing Flask","Calculated Gamble+1"],"picked":"Dagger Spray+1","floor":46.0},{"not_picked":["Prepared","Well Laid Plans+1"],"picked":"Blade Dance","floor":47},{"not_picked":["PiercingWail+1","Calculated Gamble"],"picked":"Bane+1","floor":48}],"player_experience":276058,"relics_obtained":[{"floor":8.0,"key":"PreservedInsect"},{"floor":9.0,"key":"Art of War"},{"floor":12.0,"key":"Gremlin Horn"},{"floor":14.0,"key":"Snake Skull"},{"floor":22.0,"key":"Smiling Mask"},{"floor":24.0,"key":"Dead Branch"},{"floor":26.0,"key":"Lantern"},{"floor":28.0,"key":"Tingsha"},{"floor":28.0,"key":"Ornamental Fan"},{"floor":29.0,"key":"Oddly Smooth Stone"},{"floor":42.0,"key":"Girya"},{"floor":43.0,"key":"Molten Egg 2"},{"floor":46.0,"key":"Darkstone Periapt"}],"event_choices":[{"damage_healed":0.0,"max_hp_gain":0.0,"max_hp_loss":0.0,"gold_gain":0.0,"event_name":"Scrap Ooze","player_choice":"Success","floor":2.0,"gold_loss":0.0,"damage_taken":3.0,"relics_obtained":["Frozen Egg 2"]},{"damage_healed":0.0,"max_hp_gain":0.0,"max_hp_loss":0.0,"gold_gain":0.0,"event_name":"Shining Light","player_choice":"Entered Light","floor":3.0,"gold_loss":0.0,"damage_taken":14.0,"cards_upgraded":["Defend_G","Defend_G"]},{"cards_removed":["Strike_G"],"damage_healed":0.0,"max_hp_gain":0.0,"max_hp_loss":0.0,"gold_gain":0.0,"event_name":"Golden Wing","player_choice":"Card Removal","floor":4.0,"gold_loss":0.0,"damage_taken":7.0},{"cards_removed":["Strike_G"],"damage_healed":0.0,"max_hp_gain":0.0,"max_hp_loss":0.0,"gold_gain":0.0,"event_name":"Living Wall","player_choice":"Forget","floor":6.0,"gold_loss":0.0,"damage_taken":0.0},{"cards_removed":["HandOfGreed"],"damage_healed":49.0,"max_hp_gain":10.0,"max_hp_loss":0.0,"gold_gain":0.0,"event_name":"Bonfire Elementals","player_choice":"Offered Rare","floor":20.0,"gold_loss":0.0,"damage_taken":0.0},{"damage_healed":0.0,"max_hp_gain":0.0,"max_hp_loss":0.0,"gold_gain":0.0,"event_name":"Colosseum","player_choice":"Fight","floor":28.0,"gold_loss":0.0,"damage_taken":0.0},{"damage_healed":0.0,"max_hp_gain":0.0,"max_hp_loss":0.0,"gold_gain":0.0,"event_name":"Colosseum","player_choice":"Fought Nobs","floor":28.0,"gold_loss":0.0,"damage_taken":0.0},{"damage_healed":0.0,"max_hp_gain":0.0,"max_hp_loss":0.0,"gold_gain":0.0,"event_name":"SensoryStone","player_choice":"Memory 1","floor":36.0,"gold_loss":0.0,"damage_taken":0.0},{"damage_healed":20.0,"max_hp_gain":0.0,"max_hp_loss":0.0,"gold_gain":0.0,"event_name":"Winding Halls","player_choice":"Writhe","floor":37.0,"gold_loss":0.0,"damage_taken":0.0,"cards_obtained":["Writhe"]},{"damage_healed":0.0,"max_hp_gain":0.0,"max_hp_loss":0.0,"gold_gain":0.0,"event_name":"Duplicator","player_choice":"Copied","floor":38.0,"gold_loss":0.0,"damage_taken":0.0,"cards_obtained":["Crippling Poison"]},{"damage_healed":0.0,"max_hp_gain":0.0,"max_hp_loss":0.0,"gold_gain":0.0,"event_name":"MindBloom","player_choice":"Fight","floor":42.0,"gold_loss":0.0,"damage_taken":0.0},{"damage_healed":0.0,"max_hp_gain":0.0,"max_hp_loss":0.0,"gold_gain":0.0,"event_name":"Lab","player_choice":"Got Potions","floor":45.0,"gold_loss":0.0,"damage_taken":0.0}],"is_beta":false,"boss_relics":[{"not_picked":["WristBlade","Eternal Feather"],"picked":"White Beast Statue"},{"not_picked":["Runic Dome","Calling Bell"],"picked":"Runic Pyramid"}],"items_purged_floors":[],"is_endless":false,"potions_floor_spawned":[11,16,18,21,24,28,28,29,30,33,35,39,41,42,46,47,48],"killed_by":"Time Eater","ascension_level":5}