{"gold_per_floor":[112,132,82,98,114,114,129,142,142,142,157,157,167,185,185,284,284,298,310,326,346,366,366,381,381,381,33,33,33,33,33,33,33],"floor_reached":33,"playtime":1366,"items_purged":[],"score":245,"play_id":"942cb557-05ee-4fad-abdd-dcc593acbbec","local_time":"20180801215351","is_ascension_mode":false,"campfire_choices":[{"data":"Flex","floor":6,"key":"SMITH"},{"floor":10,"key":"REST"},{"data":"Inflame","floor":12,"key":"SMITH"},{"data":"Anger","floor":15,"key":"SMITH"},{"floor":23,"key":"REST"},{"floor":28,"key":"REST"},{"floor":32,"key":"REST"}],"neow_cost":"NONE","seed_source_timestamp":614475003547972,"circlet_count":0,"master_deck":["Strike_R","Strike_R","Defend_R","Defend_R","Defend_R","Defend_R","Bash","Flame Barrier","Cleave","Flex+1","Metallicize","Clash","Cleave","Inflame+1","Pommel Strike","Anger+1","Impervious","Sever Soul","Flex+1","Shrug It Off+1","Whirlwind","Bludgeon","Shrug It Off"],"relics":["Burning Blood","Darkstone Periapt","Mark of Pain","Enchiridion","Gremlin Horn","Lantern"],"potions_floor_usage":[16,21,24,33],"damage_taken":[{"damage":14,"enemies":"2 Louse","floor":1,"turns":3},{"damage":5,"enemies":"Jaw Worm","floor":2,"turns":4},{"damage":0,"enemies":"Small Slimes","floor":4,"turns":2},{"damage":7,"enemies":"2 Fungi Beasts","floor":5,"turns":3},{"damage":25,"enemies":"Large Slime","floor":7,"turns":7},{"damage":17,"enemies":"Exordium Wildlife","floor":8,"turns":5},{"damage":2,"enemies":"2 Fungi Beasts","floor":11,"turns":3},{"damage":10,"enemies":"Large Slime","floor":13,"turns":5},{"damage":1,"enemies":"Exordium Wildlife","floor":14,"turns":4},{"damage":46,"enemies":"Hexaghost","floor":16,"turns":9},{"damage":20,"enemies":"2 Thieves","floor":18,"turns":4},{"damage":7,"enemies":"3 Byrds","floor":19,"turns":4},{"damage":9,"enemies":"Snecko","floor":20,"turns":6},{"damage":17,"enemies":"Centurion and Healer","floor":21,"turns":5},{"damage":19,"enemies":"Snake Plant","floor":22,"turns":4},{"damage":21,"enemies":"Sentry and Sphere","floor":24,"turns":7},{"damage":83,"enemies":"Automaton","floor":33,"turns":6}],"seed_played":"2758710710648658787","potions_obtained":[{"floor":1,"key":"Strength Potion"},{"floor":5,"key":"GamblersBrew"},{"floor":8,"key":"Regen Potion"},{"floor":16,"key":"Block Potion"},{"floor":21,"key":"SmokeBomb"},{"floor":22,"key":"Ancient Potion"},{"floor":24,"key":"PowerPotion"}],"is_trial":false,"path_per_floor":["M","M","?","M","M","R","M","M","T","R","M","R","M","M","R","B",null,"M","M","M","M","M","R","M","?","T","$","R","?","?","?","R"],"character_chosen":"IRONCLAD","items_purchased":["Lantern","Bludgeon","Shrug It Off"],"campfire_rested":4,"item_purchase_floors":[27,27,27],"current_hp_per_floor":[72,73,73,79,78,78,59,48,48,72,76,76,72,77,77,37,80,66,65,62,51,38,62,56,40,40,40,64,64,64,64,80,0],"gold":33,"neow_bonus":"REMOVE_CARD","is_prod":false,"is_daily":false,"chose_seed":false,"campfire_upgraded":3,"win_rate":0,"timestamp":1533174831,"path_taken":["M","M","?","M","M","R","M","M","T","R","M","R","M","M","R","BOSS","M","M","M","M","M","R","M","?","T","$","R","?","?","?","R","BOSS"],"build_version":"2018-07-26","purchased_purges":0,"victory":false,"max_hp_per_floor":[80,80,80,80,80,80,80,80,80,80,80,80,80,80,80,80,80,80,80,80,80,80,80,80,80,80,80,80,80,80,80,80,80],"card_choices":[{"not_picked":["Havoc","Sword Boomerang"],"picked":"Flame Barrier","floor":1},{"not_picked":["Entrench","Intimidate"],"picked":"Cleave","floor":2},{"not_picked":["Havoc","Anger"],"picked":"Flex","floor":4},{"not_picked":["Warcry","Brutality"],"picked":"Metallicize","floor":5},{"not_picked":["Body Slam","Headbutt"],"picked":"Clash","floor":7},{"not_picked":["Clothesline","Thunderclap"],"picked":"Cleave","floor":8},{"not_picked":["Thunderclap","Evolve"],"picked":"Inflame","floor":11},{"not_picked":["True Grit","Battle Trance"],"picked":"Pommel Strike","floor":13},{"not_picked":["Thunderclap","Wild Strike"],"picked":"Anger","floor":14},{"not_picked":["Double Tap","Exhume"],"picked":"Impervious","floor":16},{"not_picked":["Dropkick","Clothesline","Battle Trance"],"picked":"SKIP","floor":18},{"not_picked":["Body Slam","Intimidate"],"picked":"Sever Soul","floor":19},{"not_picked":["Cleave","Infernal Blade","Twin Strike"],"picked":"SKIP","floor":20},{"not_picked":["Rampage","Clash"],"picked":"Flex+1","floor":21},{"not_picked":["Body Slam","Sword Boomerang+1"],"picked":"Shrug It Off+1","floor":22},{"not_picked":["Battle Trance","Thunderclap"],"picked":"Whirlwind","floor":24}],"player_experience":89094,"relics_obtained":[{"floor":9,"key":"Darkstone Periapt"},{"floor":25,"key":"Enchiridion"},{"floor":26,"key":"Gremlin Horn"}],"event_choices":[{"event_name":"The Cleric","player_choice":"Card Removal","floor":3,"damage_taken":0},{"event_name":"Cursed Tome","player_choice":"Obtained Book","floor":25,"damage_taken":0},{"event_name":"Ghosts","player_choice":"Ignored","floor":29,"damage_taken":0},{"event_name":"Back to Basics","player_choice":"Elegance","floor":30,"damage_taken":0},{"event_name":"Beggar","player_choice":"Ignored","floor":31,"damage_taken":0}],"is_beta":false,"boss_relics":[{"not_picked":["Velvet Choker","Orrery"],"picked":"Mark of Pain"}],"items_purged_floors":[],"is_endless":false,"potions_floor_spawned":[1,5,8,16,21,22,24],"killed_by":"Automaton","ascension_level":0}