{"gold_per_floor":[115,133,145,145,145,145,155,330,330,54,68,85,98,98,98,222,222,242,262,285,303,328,328,328,47,73,73,73,84,94,9,9,9],"floor_reached":33,"playtime":2295,"items_purged":["Doubt","Injury"],"score":304,"play_id":"5bef7ef0-c2a8-44e4-93d5-d49b3191d854","local_time":"20180727172259","is_ascension_mode":true,"campfire_choices":[{"data":"Dualcast","floor":6,"key":"SMITH"},{"data":"Leap","floor":15,"key":"SMITH"},{"floor":23,"key":"REST"},{"floor":27,"key":"REST"},{"floor":32,"key":"REST"}],"neow_cost":"NONE","seed_source_timestamp":450242054508637,"circlet_count":0,"master_deck":["Strike_B","Strike_B","Strike_B","Strike_B","Defend_B","Defend_B","Defend_B+1","Defend_B","Zap+1","Dualcast+1","Gash","Gash","Go for the Eyes","Coolheaded+1","Steam","Beam Cell","Leap+1","Machine Learning","Gash","Beam Cell+1","Go for the Eyes","Glacier","Gash","Normality","BootSequence","Turbo"],"relics":["Cracked Core","Bag of Preparation","CultistMask","War Paint","OrangePellets","Bloody Idol","Cursed Key","Regal Pillow","Juzu Bracelet","Nilry\u0027s Codex","Mummified Hand"],"potions_floor_usage":[11,11,12,16,20,21,30,33],"damage_taken":[{"damage":0,"enemies":"Cultist","floor":1,"turns":3},{"damage":7,"enemies":"Jaw Worm","floor":2,"turns":3},{"damage":0,"enemies":"2 Louse","floor":3,"turns":2},{"damage":4,"enemies":"Blue Slaver","floor":7,"turns":3},{"damage":10,"enemies":"Gremlin Gang","floor":11,"turns":4},{"damage":0,"enemies":"Large Slime","floor":12,"turns":4},{"damage":0,"enemies":"3 Louse","floor":13,"turns":3},{"damage":12,"enemies":"The Guardian","floor":16,"turns":14},{"damage":8,"enemies":"3 Byrds","floor":18,"turns":7},{"damage":17,"enemies":"2 Thieves","floor":19,"turns":4},{"damage":26,"enemies":"Centurion and Healer","floor":20,"turns":8},{"damage":23,"enemies":"Snake Plant","floor":21,"turns":3},{"damage":6,"enemies":"Chosen and Byrds","floor":22,"turns":8},{"damage":8,"enemies":"3 Cultists","floor":29,"turns":6},{"damage":0,"enemies":"Cultist and Chosen","floor":30,"turns":5},{"damage":112,"enemies":"Automaton","floor":33,"turns":12}],"seed_played":"1846821775347792183","potions_obtained":[{"floor":1,"key":"Regen Potion"},{"floor":3,"key":"Weak Potion"},{"floor":7,"key":"SteroidPotion"},{"floor":11,"key":"FocusPotion"},{"floor":13,"key":"PowerPotion"},{"floor":19,"key":"Regen Potion"},{"floor":29,"key":"Swift Potion"},{"floor":30,"key":"Block Potion"}],"is_trial":false,"path_per_floor":["M","M","M","?","?","R","M","?","T","$","M","M","M","?","R","B",null,"M","M","M","M","M","R","?","$","T","R","?","M","M","?","R"],"character_chosen":"DEFECT","items_purchased":["OrangePellets","Regal Pillow","Gash"],"campfire_rested":3,"item_purchase_floors":[10,25,25],"current_hp_per_floor":[75,68,68,68,68,68,64,64,64,64,66,66,66,66,66,54,75,67,50,39,16,10,32,32,32,37,74,58,55,60,60,75,0],"gold":9,"neow_bonus":"RANDOM_COMMON_RELIC","is_prod":false,"is_daily":false,"chose_seed":false,"campfire_upgraded":2,"win_rate":0,"timestamp":1532683379,"path_taken":["M","?","M","?","?","R","M","?","T","$","?","M","M","?","R","BOSS","M","M","?","M","M","R","?","$","T","R","?","M","M","?","R","BOSS"],"build_version":"2018-07-26","purchased_purges":2,"victory":false,"max_hp_per_floor":[75,75,75,75,75,75,75,75,75,75,75,75,75,75,75,75,75,75,75,75,75,75,75,75,75,75,75,75,75,75,75,75,75],"card_choices":[{"not_picked":["BootSequence","FTL"],"picked":"Gash","floor":1},{"not_picked":["Blizzard","Rip and Tear"],"picked":"Gash","floor":2},{"not_picked":["Turbo","Compile Driver"],"picked":"Go for the Eyes","floor":3},{"not_picked":["Ball Lightning","Doom and Gloom"],"picked":"Coolheaded","floor":7},{"not_picked":["Defragment","Aggregate"],"picked":"Steam","floor":11},{"not_picked":["Reprogram","Coolheaded"],"picked":"Beam Cell","floor":12},{"not_picked":["Consume","Coolheaded"],"picked":"Leap","floor":13},{"not_picked":["Rainbow","Biased Cognition"],"picked":"Machine Learning","floor":16},{"not_picked":["Steam Power","Auto Shields"],"picked":"Gash","floor":18},{"not_picked":["Rebound","Ball Lightning"],"picked":"Beam Cell+1","floor":19},{"not_picked":["Stack","Ball Lightning"],"picked":"Go for the Eyes","floor":20},{"not_picked":["Rebound","Hologram"],"picked":"Glacier","floor":21},{"not_picked":["Barrage+1","Auto Shields","Cold Snap"],"picked":"SKIP","floor":22},{"not_picked":["Coolheaded","Leap"],"picked":"BootSequence","floor":29},{"not_picked":["Redo","Barrage"],"picked":"Turbo","floor":30}],"player_experience":834481,"relics_obtained":[{"floor":9,"key":"War Paint"},{"floor":26,"key":"Juzu Bracelet"},{"floor":28,"key":"Nilry\u0027s Codex"}],"event_choices":[{"event_name":"FaceTrader","player_choice":"Trade","floor":4,"damage_taken":0},{"event_name":"Upgrade Shrine","player_choice":"Upgraded","floor":5,"damage_taken":0},{"event_name":"Liars Game","player_choice":"agreed","floor":8,"damage_taken":0},{"event_name":"Golden Idol","player_choice":"Take Wound","floor":14,"damage_taken":0},{"event_name":"Forgotten Altar","player_choice":"Gave Idol","floor":24,"damage_taken":0},{"event_name":"Cursed Tome","player_choice":"Obtained Book","floor":28,"damage_taken":0},{"event_name":"Addict","player_choice":"Obtained Relic","floor":31,"damage_taken":0}],"is_beta":false,"boss_relics":[{"not_picked":["Busted Crown","Inserter"],"picked":"Cursed Key"}],"items_purged_floors":[10,25],"is_endless":false,"potions_floor_spawned":[1,3,7,11,13,19,29,30],"killed_by":"Automaton","ascension_level":3}