{"gold_per_floor":[113,113,126,126,145,145,195,227,251,251,263,279,309,319,319,391,391,407,407,114,126,136,136,116,116,116,141,158,6,6,24,24,24],"floor_reached":33,"playtime":2003,"items_purged":["Strike_G","Strike_G"],"score":559,"play_id":"902ad7e9-e240-47b1-a66f-6e5adb27d92e","local_time":"20190906075133","is_ascension_mode":true,"campfire_choices":[{"data":"Neutralize","floor":6,"key":"SMITH"},{"data":"Leg Sweep","floor":10,"key":"SMITH"},{"floor":15,"key":"REST"},{"data":"Corpse Explosion","floor":23,"key":"SMITH"},{"data":"Crippling Poison","floor":25,"key":"SMITH"},{"floor":30,"key":"REST"},{"floor":32,"key":"REST"}],"neow_cost":"NONE","seed_source_timestamp":42849640702200,"circlet_count":0,"master_deck":["AscendersBane","Strike_G+1","Strike_G+1","Strike_G+1","Defend_G","Defend_G","Defend_G","Defend_G","Defend_G","Survivor","Neutralize+1","Noxious Fumes+1","Crippling Poison+1","PiercingWail","Leg Sweep+1","Quick Slash","Leg Sweep","Noxious Fumes","Blur","Corpse Explosion+1","Poisoned Stab","PiercingWail"],"relics":["Ring of the Snake","Bag of Marbles","Orichalcum","Whetstone","Lantern","Busted Crown","Frozen Eye","Sundial","Tough Bandages"],"potions_floor_usage":[8,16,16,22,28,33,33],"damage_taken":[{"damage":2,"enemies":"Jaw Worm","floor":1,"turns":4},{"damage":4,"enemies":"Small Slimes","floor":3,"turns":3},{"damage":4,"enemies":"Cultist","floor":5,"turns":4},{"damage":19,"enemies":"Lagavulin","floor":8,"turns":8},{"damage":6,"enemies":"Large Slime","floor":11,"turns":6},{"damage":0,"enemies":"2 Fungi Beasts","floor":12,"turns":4},{"damage":2,"enemies":"3 Sentries","floor":13,"turns":7},{"damage":15,"enemies":"Exordium Thugs","floor":14,"turns":4},{"damage":5,"enemies":"Slime Boss","floor":16,"turns":9},{"damage":8,"enemies":"Shell Parasite","floor":18,"turns":5},{"damage":0,"enemies":"3 Byrds","floor":21,"turns":3},{"damage":7,"enemies":"Centurion and Healer","floor":22,"turns":6},{"damage":40,"enemies":"Gremlin Leader","floor":27,"turns":7},{"damage":0,"enemies":"Snecko","floor":28,"turns":6},{"damage":0,"enemies":"Snake Plant","floor":31,"turns":5},{"damage":51,"enemies":"Champ","floor":33,"turns":10}],"seed_played":"7614910251980385922","potions_obtained":[{"floor":1,"key":"Strength Potion"},{"floor":5,"key":"Weak Potion"},{"floor":8,"key":"Energy Potion"},{"floor":16,"key":"LiquidBronze"},{"floor":21,"key":"AttackPotion"},{"floor":24,"key":"SpeedPotion"},{"floor":27,"key":"Block Potion"},{"floor":31,"key":"Poison Potion"}],"is_trial":false,"path_per_floor":["M","?","M","?","M","R","?","E","T","R","M","M","E","M","R","B",null,"M","?","$","M","M","R","?","R","T","E","M","$","R","M","R","B"],"character_chosen":"THE_SILENT","items_purchased":["Frozen Eye","PiercingWail"],"campfire_rested":3,"item_purchase_floors":[20,29],"current_hp_per_floor":[57,37,33,55,51,51,51,32,32,32,26,26,24,9,28,23,55,47,60,60,60,53,53,53,53,53,13,13,13,32,32,51,0],"gold":24,"neow_bonus":"RANDOM_COMMON_RELIC","is_prod":false,"is_daily":false,"chose_seed":false,"campfire_upgraded":4,"win_rate":0,"timestamp":1567781493,"path_taken":["M","?","M","?","M","R","?","E","T","R","M","?","E","M","R","BOSS","M","?","$","M","M","R","?","R","T","E","M","$","R","M","R","BOSS"],"build_version":"2019-07-17","purchased_purges":2,"victory":false,"max_hp_per_floor":[66,66,66,66,66,66,66,66,66,66,66,66,66,66,66,66,66,66,66,66,66,66,66,66,66,66,66,66,66,66,66,66,66],"card_choices":[{"not_picked":["Dodge and Roll","Tactician"],"picked":"Noxious Fumes","floor":1},{"not_picked":["Outmaneuver","Deflect"],"picked":"Crippling Poison","floor":3},{"not_picked":["Distraction","Dodge and Roll"],"picked":"PiercingWail","floor":5},{"not_picked":["Prepared","Dagger Spray"],"picked":"Leg Sweep","floor":8},{"not_picked":["Slice","Eviscerate"],"picked":"Quick Slash","floor":11},{"not_picked":["Dagger Throw","Dagger Spray"],"picked":"Leg Sweep","floor":12},{"not_picked":["Outmaneuver","Distraction"],"picked":"Noxious Fumes","floor":13},{"not_picked":["Slice","Eviscerate"],"picked":"Blur","floor":14},{"not_picked":["Malaise","A Thousand Cuts"],"picked":"Corpse Explosion","floor":16},{"not_picked":[],"picked":"Poisoned Stab","floor":18},{"not_picked":["Dagger Throw"],"picked":"SKIP","floor":21},{"not_picked":["Acrobatics"],"picked":"SKIP","floor":22},{"not_picked":["Bane+1"],"picked":"SKIP","floor":27},{"not_picked":["Dagger Spray"],"picked":"SKIP","floor":28},{"not_picked":["Bane"],"picked":"SKIP","floor":31}],"player_experience":842040,"relics_obtained":[{"floor":8,"key":"Orichalcum"},{"floor":9,"key":"Whetstone"},{"floor":13,"key":"Lantern"},{"floor":26,"key":"Sundial"},{"floor":27,"key":"Tough Bandages"}],"event_choices":[{"damage_healed":0,"gold_gain":0,"player_choice":"Entered Light","damage_taken":20,"max_hp_gain":0,"max_hp_loss":0,"event_name":"Shining Light","floor":2,"gold_loss":0,"cards_upgraded":["Noxious Fumes","Strike_G"]},{"damage_healed":22,"gold_gain":0,"player_choice":"Banana","damage_taken":0,"max_hp_gain":0,"max_hp_loss":0,"event_name":"Big Fish","floor":4,"gold_loss":0},{"damage_healed":0,"gold_gain":50,"player_choice":"Pray","damage_taken":0,"max_hp_gain":0,"max_hp_loss":0,"event_name":"Golden Shrine","floor":7,"gold_loss":0},{"damage_healed":13,"gold_gain":0,"player_choice":"Heal","damage_taken":0,"max_hp_gain":0,"max_hp_loss":0,"event_name":"The Library","floor":19,"gold_loss":0},{"damage_healed":0,"gold_gain":0,"player_choice":"Bought 1 Potion","damage_taken":0,"max_hp_gain":0,"max_hp_loss":0,"event_name":"The Woman in Blue","floor":24,"gold_loss":0}],"is_beta":false,"boss_relics":[{"not_picked":["Coffee Dripper","White Beast Statue"],"picked":"Busted Crown"}],"items_purged_floors":[20,29],"is_endless":false,"potions_floor_spawned":[1,5,8,13,16,21,27,31],"killed_by":"Champ","ascension_level":17}