{"gold_per_floor":[144,159,174,189,189,189,204,204,254,4,34,49,64,79,79,179,179,194,209,209,45,60,72,114,141,153,165,192,204,216,258,270,382,444,471,30,45,60,7,37,52,67,117,117,132,132,132,147,147,147],"floor_reached":51,"playtime":4312,"items_purged":["Shame"],"score":825,"play_id":"db6dffde-0409-48a4-8a08-d98c140827d8","local_time":"20180929133650","daily_mods":["Shiny","Vintage","Careless"],"is_ascension_mode":false,"campfire_choices":[{"data":"Fiend Fire","floor":6,"key":"SMITH"},{"data":"Reaper","floor":8,"key":"SMITH"},{"data":"Limit Break","floor":15,"key":"SMITH"},{"data":"Offering","floor":23,"key":"SMITH"},{"data":"Double Tap","floor":27,"key":"SMITH"},{"data":"Demon Form","floor":29,"key":"SMITH"},{"data":"Exhume","floor":32,"key":"SMITH"},{"data":"Berserk","floor":44,"key":"SMITH"},{"data":"Bludgeon","floor":49,"key":"SMITH"}],"neow_cost":"","seed_source_timestamp":0,"circlet_count":0,"master_deck":["Double Tap+1","Demon Form+1","Bludgeon+1","Feed+1","Limit Break+1","Fiend Fire+1","Dark Embrace","Berserk+1","Impervious","Juggernaut","Brutality","Reaper+1","Exhume+1","Offering+1","Immolate+1","Rampage","Bludgeon+1","Purity+1","Cleave","RitualDagger","Feed+1","Flex","Blind+1","Flex","Madness","Madness"],"special_seed":17803,"relics":["Burning Blood","Tiny Chest","Incense Burner","Kunai","Centennial Puzzle","Mango","Whetstone","Sling","Oddly Smooth Stone","Paper Frog","Bag of Preparation","Pantograph","Boot","Busted Crown","Meat on the Bone","Red Skull","Mummified Hand","MawBank","Anchor","Matryoshka","Singing Bowl","Question Card","Bottled Tornado","Pocketwatch","Bronze Scales","Tiny House","Pear","Thread and Needle","Vajra","War Paint","Bag of Marbles","FossilizedHelix","Ice Cream","Omamori","Juzu Bracelet","Nunchaku","Smiling Mask"],"potions_floor_usage":[3,11,13,16,19,24,40,45,48,48,50,50],"damage_taken":[{"damage":7,"enemies":"Small Slimes","floor":1,"turns":2},{"damage":0,"enemies":"Cultist","floor":2,"turns":2},{"damage":16,"enemies":"Jaw Worm","floor":3,"turns":2},{"damage":21,"enemies":"2 Fungi Beasts","floor":4,"turns":3},{"damage":2,"enemies":"Large Slime","floor":7,"turns":3},{"damage":19,"enemies":"3 Sentries","floor":11,"turns":5},{"damage":30,"enemies":"Exordium Thugs","floor":12,"turns":3},{"damage":10,"enemies":"Lots of Slimes","floor":13,"turns":2},{"damage":0,"enemies":"Large Slime","floor":14,"turns":3},{"damage":66,"enemies":"Hexaghost","floor":16,"turns":3},{"damage":10,"enemies":"Spheric Guardian","floor":18,"turns":3},{"damage":12,"enemies":"3 Byrds","floor":19,"turns":4},{"damage":22,"enemies":"Cultist and Chosen","floor":22,"turns":3},{"damage":13,"enemies":"Book of Stabbing","floor":24,"turns":2},{"damage":0,"enemies":"Snake Plant","floor":25,"turns":1},{"damage":12,"enemies":"Centurion and Healer","floor":28,"turns":3},{"damage":5,"enemies":"Slavers","floor":31,"turns":2},{"damage":33,"enemies":"Champ","floor":33,"turns":6},{"damage":0,"enemies":"Orb Walker","floor":35,"turns":2},{"damage":11,"enemies":"3 Darklings","floor":37,"turns":3},{"damage":6,"enemies":"Spire Growth","floor":38,"turns":4},{"damage":13,"enemies":"Giant Head","floor":40,"turns":3},{"damage":0,"enemies":"4 Shapes","floor":41,"turns":2},{"damage":0,"enemies":"Reptomancer","floor":42,"turns":2},{"damage":0,"enemies":"Maw","floor":45,"turns":4},{"damage":11,"enemies":"Transient","floor":48,"turns":5},{"damage":62,"enemies":"Awakened One","floor":50,"turns":5}],"seed_played":"5914657231768522492","potions_obtained":[{"floor":2,"key":"Fire Potion"},{"floor":4,"key":"SneckoOil"},{"floor":11,"key":"SmokeBomb"},{"floor":12,"key":"Strength Potion"},{"floor":14,"key":"Dexterity Potion"},{"floor":18,"key":"SteroidPotion"},{"floor":19,"key":"PowerPotion"},{"floor":33,"key":"Block Potion"},{"floor":34,"key":"Strength Potion"},{"floor":37,"key":"Swift Potion"},{"floor":42,"key":"Swift Potion"},{"floor":45,"key":"Explosive Potion"},{"floor":48,"key":"Poison Potion"}],"is_trial":false,"path_per_floor":["M","M","M","M","?","R","M","R","T","$","E","M","M","M","R","B",null,"M","M","?","$","M","R","E","M","T","R","M","R","?","E","R","B",null,"M","$","M","M","$","E","M","M","T","R","M","?","?","M","R","B"],"character_chosen":"IRONCLAD","items_purchased":["Sling","Energy Potion","Purity","Thread and Needle","Flex","Blind","Flex"],"campfire_rested":0,"item_purchase_floors":[10,10,21,36,36,36,39],"current_hp_per_floor":[79,80,70,63,63,63,89,89,89,89,81,71,91,105,105,46,106,102,110,110,110,94,94,91,97,97,97,101,101,95,116,116,97,131,141,141,141,141,141,142,147,151,151,151,155,136,136,150,150,117],"gold":147,"neow_bonus":"","is_prod":false,"is_daily":true,"chose_seed":false,"campfire_upgraded":9,"win_rate":0,"timestamp":1538199410,"path_taken":["M","M","M","M","?","R","M","R","T","$","E","M","M","M","R","BOSS","M","M","?","$","M","R","E","M","T","R","M","R","?","E","R","BOSS","M","$","M","M","$","E","M","M","T","R","M","?","?","M","R","BOSS"],"build_version":"2018-09-27","purchased_purges":1,"victory":true,"max_hp_per_floor":[80,80,80,80,80,80,94,94,94,94,94,98,102,106,106,106,106,106,110,110,110,110,110,114,114,114,114,114,114,114,124,124,124,131,141,141,141,141,141,143,147,151,151,151,155,155,155,155,155,155],"card_choices":[{"not_picked":["Anger","True Grit"],"picked":"Rampage","floor":11},{"not_picked":["Brutality","Berserk"],"picked":"Bludgeon","floor":16},{"not_picked":[],"picked":"Cleave","floor":24},{"not_picked":["Headbutt","Infernal Blade"],"picked":"Singing Bowl","floor":31},{"not_picked":["Limit Break"],"picked":"Feed","floor":33},{"not_picked":["Clothesline+1","Reckless Charge"],"picked":"Singing Bowl","floor":34},{"not_picked":["True Grit","Power Through"],"picked":"Singing Bowl","floor":40}],"player_experience":976267,"relics_obtained":[{"floor":1,"key":"Tiny Chest"},{"floor":2,"key":"Incense Burner"},{"floor":3,"key":"Kunai"},{"floor":4,"key":"Centennial Puzzle"},{"floor":7,"key":"Mango"},{"floor":9,"key":"Whetstone"},{"floor":11,"key":"Oddly Smooth Stone"},{"floor":12,"key":"Paper Frog"},{"floor":13,"key":"Bag of Preparation"},{"floor":14,"key":"Pantograph"},{"floor":16,"key":"Boot"},{"floor":18,"key":"Meat on the Bone"},{"floor":19,"key":"Red Skull"},{"floor":22,"key":"MawBank"},{"floor":24,"key":"Anchor"},{"floor":25,"key":"Matryoshka"},{"floor":26,"key":"Singing Bowl"},{"floor":26,"key":"Question Card"},{"floor":28,"key":"Bottled Tornado"},{"floor":31,"key":"Pocketwatch"},{"floor":33,"key":"Bronze Scales"},{"floor":35,"key":"Pear"},{"floor":37,"key":"Vajra"},{"floor":38,"key":"War Paint"},{"floor":40,"key":"Bag of Marbles"},{"floor":41,"key":"FossilizedHelix"},{"floor":42,"key":"Ice Cream"},{"floor":43,"key":"Omamori"},{"floor":43,"key":"Juzu Bracelet"},{"floor":45,"key":"Nunchaku"},{"floor":48,"key":"Smiling Mask"}],"event_choices":[{"event_name":"Upgrade Shrine","player_choice":"Upgraded","floor":5,"damage_taken":0},{"event_name":"Addict","player_choice":"Stole Relic","floor":20,"damage_taken":0},{"event_name":"Nest","player_choice":"Joined the Cult","floor":30,"damage_taken":0},{"event_name":"Winding Halls","player_choice":"Embrace Madness","floor":46,"damage_taken":0},{"event_name":"Falling","player_choice":"Removed Power","floor":47,"damage_taken":0}],"is_beta":false,"boss_relics":[{"not_picked":["Calling Bell","Fusion Hammer"],"picked":"Busted Crown"},{"not_picked":["Black Star","Snecko Eye"],"picked":"Tiny House"}],"items_purged_floors":[21],"is_endless":false,"potions_floor_spawned":[2,4,11,12,14,18,19,33,37,42,45,48],"ascension_level":0}