{"gold_per_floor":[110,185,199,210,226,226,241,241,241,257,282,282,295,322,322,421,421,439,452,464,483,10,42,42,52,52,52,65,65,81,93,93,93],"floor_reached":33,"playtime":2464,"items_purged":[],"score":285,"play_id":"27bd12a2-82a6-4be9-a2c9-d1607e647cc2","local_time":"20190901195353","is_ascension_mode":false,"campfire_choices":[{"data":"Cloak And Dagger","floor":6.0,"key":"SMITH"},{"floor":12.0,"key":"REST"},{"floor":15.0,"key":"REST"},{"floor":24.0,"key":"REST"},{"floor":27.0,"key":"REST"},{"data":"Storm of Steel","floor":29.0,"key":"SMITH"},{"data":"Accuracy","floor":32,"key":"SMITH"}],"neow_cost":"NONE","seed_source_timestamp":1325022212180200,"circlet_count":0,"master_deck":["Strike_G","Strike_G","Strike_G","Strike_G","Strike_G","Defend_G","Defend_G","Defend_G","Defend_G","Defend_G","Survivor","Neutralize","Accuracy+1","Cloak And Dagger+1","Dash","Accuracy","Dodge and Roll","PiercingWail","Escape Plan","Blade Dance","Storm of Steel+1","Riddle With Holes+1","Backstab","Deflect","Setup+1","Dagger Throw+1","Leg Sweep+1"],"special_seed":0,"relics":["Ring of the Snake","NeowsBlessing","Calipers","Nunchaku","Letter Opener","Thread and Needle","Runic Dome","Oddly Smooth Stone","Sling","Ancient Tea Set"],"potions_floor_usage":[],"damage_taken":[{"damage":0.0,"enemies":"Jaw Worm","floor":1.0,"turns":1.0},{"damage":0.0,"enemies":"2 Louse","floor":3.0,"turns":1.0},{"damage":0.0,"enemies":"Cultist","floor":4.0,"turns":1.0},{"damage":2.0,"enemies":"Red Slaver","floor":5.0,"turns":6.0},{"damage":9.0,"enemies":"3 Louse","floor":7.0,"turns":3.0},{"damage":4.0,"enemies":"Blue Slaver","floor":10.0,"turns":4.0},{"damage":21.0,"enemies":"3 Sentries","floor":11.0,"turns":15.0},{"damage":1.0,"enemies":"Looter","floor":13.0,"turns":4.0},{"damage":19.0,"enemies":"Lagavulin","floor":14.0,"turns":9.0},{"damage":27.0,"enemies":"Slime Boss","floor":16.0,"turns":15.0},{"damage":9.0,"enemies":"Chosen","floor":18.0,"turns":5.0},{"damage":6.0,"enemies":"3 Byrds","floor":19.0,"turns":5.0},{"damage":24.0,"enemies":"3 Cultists","floor":20.0,"turns":6.0},{"damage":2.0,"enemies":"Centurion and Healer","floor":21.0,"turns":10.0},{"damage":12.0,"enemies":"Gremlin Leader","floor":23.0,"turns":6.0},{"damage":0.0,"enemies":"Chosen and Byrds","floor":25.0,"turns":7.0},{"damage":2.0,"enemies":"Cultist and Chosen","floor":28.0,"turns":7.0},{"damage":8.0,"enemies":"Snake Plant","floor":30.0,"turns":6.0},{"damage":8,"enemies":"Chosen and Byrds","floor":31,"turns":7},{"damage":55,"enemies":"Automaton","floor":33,"turns":12}],"seed_played":"-1211635120129146922","potions_obtained":[{"floor":1.0,"key":"AttackPotion"},{"floor":11.0,"key":"SkillPotion"},{"floor":13.0,"key":"PowerPotion"},{"floor":21.0,"key":"Strength Potion"},{"floor":23.0,"key":"Swift Potion"},{"floor":25.0,"key":"Block Potion"},{"floor":31,"key":"SteroidPotion"}],"is_trial":false,"path_per_floor":["M","?","M","M","M","R","M","?","T","M","E","R","M","E","R","B",null,"M","M","M","M","$","E","R","M","T","R","M","R","M","M","R","B"],"character_chosen":"THE_SILENT","items_purchased":["Oddly Smooth Stone","Backstab","Sling","Block Potion"],"campfire_rested":4,"item_purchase_floors":[22,22,22,22],"current_hp_per_floor":[70,59,59,59,57,57,48,45,45,41,20,41,40,21,42,15,70,61,55,31,29,29,17,38,38,38,59,57,57,49,41,41,0],"gold":93,"neow_bonus":"THREE_ENEMY_KILL","is_prod":false,"is_daily":false,"chose_seed":false,"campfire_upgraded":3,"win_rate":0,"timestamp":1567382033,"path_taken":["M","?","M","M","M","R","M","?","T","M","E","R","M","E","R","BOSS","M","M","M","M","$","E","R","M","T","R","M","R","M","M","R","BOSS"],"build_version":"2019-07-17","purchased_purges":0,"victory":false,"max_hp_per_floor":[70,70,70,70,70,70,70,70,70,70,70,70,70,70,70,70,70,70,70,70,70,70,70,70,70,70,70,70,70,70,70,70,70],"card_choices":[{"not_picked":["Expertise","Acrobatics"],"picked":"Accuracy","floor":1.0},{"not_picked":["Prepared","Tactician"],"picked":"Cloak And Dagger","floor":3.0},{"not_picked":["PiercingWail","Bouncing Flask"],"picked":"Dash","floor":4.0},{"not_picked":["Poisoned Stab","Bane"],"picked":"Accuracy","floor":5.0},{"not_picked":["Distraction","Grand Finale"],"picked":"Dodge and Roll","floor":7.0},{"not_picked":["Dodge and Roll","Choke","PiercingWail"],"picked":"SKIP","floor":10.0},{"not_picked":["Poisoned Stab","Bouncing Flask"],"picked":"PiercingWail","floor":11.0},{"not_picked":["PiercingWail","Underhanded Strike"],"picked":"Escape Plan","floor":13.0},{"not_picked":["Escape Plan","Bane"],"picked":"Blade Dance","floor":14.0},{"not_picked":["Wraith Form v2","A Thousand Cuts"],"picked":"Storm of Steel","floor":16.0},{"not_picked":["Acrobatics","Flying Knee","Skewer+1"],"picked":"SKIP","floor":18.0},{"not_picked":["Slice","PiercingWail","Sucker Punch"],"picked":"SKIP","floor":19.0},{"not_picked":["Outmaneuver","Riddle With Holes","Distraction"],"picked":"SKIP","floor":20.0},{"not_picked":["Dagger Throw","Bouncing Flask+1"],"picked":"Riddle With Holes+1","floor":21.0},{"not_picked":["Masterful Stab","Slice"],"picked":"Deflect","floor":23.0},{"not_picked":["Sucker Punch","Deflect"],"picked":"Setup+1","floor":25.0},{"not_picked":["Bane","Bullet Time","Riddle With Holes"],"picked":"SKIP","floor":28.0},{"not_picked":["Dagger Throw+1","Bane","Acrobatics+1"],"picked":"SKIP","floor":30.0},{"not_picked":["Bane","Acrobatics+1"],"picked":"Dagger Throw+1","floor":30.0},{"not_picked":["Reflex","Expertise"],"picked":"Leg Sweep+1","floor":31}],"player_experience":570791,"relics_obtained":[{"floor":9.0,"key":"Nunchaku"},{"floor":11.0,"key":"Letter Opener"},{"floor":14.0,"key":"Thread and Needle"},{"floor":23.0,"key":"Ancient Tea Set"}],"event_choices":[{"damage_healed":0.0,"max_hp_gain":0.0,"max_hp_loss":0.0,"gold_gain":75.0,"event_name":"World of Goop","player_choice":"Gather Gold","floor":2.0,"gold_loss":0.0,"damage_taken":11.0},{"damage_healed":0.0,"max_hp_gain":0.0,"max_hp_loss":0.0,"gold_gain":0.0,"event_name":"Scrap Ooze","player_choice":"Success","floor":8.0,"gold_loss":0.0,"damage_taken":3.0,"relics_obtained":["Calipers"]}],"is_beta":false,"boss_relics":[{"not_picked":["Snecko Eye","Busted Crown"],"picked":"Runic Dome"}],"items_purged_floors":[],"is_endless":false,"potions_floor_spawned":[1,11,13,21,23,25,31],"killed_by":"Automaton","ascension_level":0}