{"gold_per_floor":[117,117,132,132,31,31,41,41,93,93,107,107,123,142,142,247,247,264,87,87,87,99,134,134,145,170,170,120,120,120,120,120,221,221,238,238,238,254,354,354,59,0,0,0,16,16,33,47,47,47],"floor_reached":50,"playtime":2011,"items_purged":["Defend_G"],"score":473,"play_id":"57a3c19f-a14c-4312-8011-71a9be308b5e","local_time":"20180728144948","is_ascension_mode":false,"campfire_choices":[{"data":"Bane","floor":6,"key":"SMITH"},{"floor":8,"key":"REST"},{"data":"Footwork","floor":12,"key":"SMITH"},{"data":"Dagger Spray","floor":15,"key":"SMITH"},{"floor":24,"key":"REST"},{"floor":27,"key":"REST"},{"floor":30,"key":"REST"},{"floor":32,"key":"REST"},{"floor":40,"key":"REST"},{"data":"Glass Knife","floor":44,"key":"SMITH"},{"floor":46,"key":"REST"},{"floor":49,"key":"REST"}],"neow_cost":"FIFTY_PERCENT_DAMAGE","seed_source_timestamp":242792974750815,"circlet_count":0,"master_deck":["Defend_G+1","Defend_G+1","Strike_G+1","Strike_G+1","Survivor","Neutralize","Bane+1","Corpse Explosion","Deadly Poison","Blade Dance","Flying Knee","Footwork+1","Dagger Spray+1","Slice","Die Die Die","Riddle With Holes+1","Slice+1","Deadly Poison+1","Bane","Panache","RitualDagger","Adrenaline","Dagger Spray","Glass Knife+1","Dodge and Roll+1","Madness","Madness","Bane+1","Glass Knife","Flash of Steel","Acrobatics","Dagger Spray+1","Outmaneuver+1"],"relics":["Ring of the Serpent","Orichalcum","Astrolabe","Lantern","Bronze Scales","Red Mask","Dodecahedron"],"potions_floor_usage":[16,23,23,25,33,45,50],"damage_taken":[{"damage":10,"enemies":"Small Slimes","floor":1,"turns":3},{"damage":2,"enemies":"Jaw Worm","floor":3,"turns":3},{"damage":0,"enemies":"Cultist","floor":7,"turns":2},{"damage":8,"enemies":"Large Slime","floor":11,"turns":4},{"damage":6,"enemies":"Exordium Wildlife","floor":13,"turns":3},{"damage":0,"enemies":"3 Louse","floor":14,"turns":3},{"damage":15,"enemies":"Hexaghost","floor":16,"turns":9},{"damage":12,"enemies":"Shell Parasite","floor":18,"turns":4},{"damage":14,"enemies":"3 Byrds","floor":22,"turns":3},{"damage":22,"enemies":"Book of Stabbing","floor":23,"turns":4},{"damage":6,"enemies":"Snecko","floor":25,"turns":4},{"damage":68,"enemies":"Champ","floor":33,"turns":10},{"damage":25,"enemies":"3 Shapes","floor":35,"turns":1},{"damage":17,"enemies":"Orb Walker","floor":38,"turns":3},{"damage":0,"enemies":"Flame Bruiser 2 Orb","floor":45,"turns":5},{"damage":13,"enemies":"Transient","floor":47,"turns":5},{"damage":19,"enemies":"4 Shapes","floor":48,"turns":2},{"damage":70,"enemies":"Time Eater","floor":50,"turns":5}],"seed_played":"-5358513462256039914","potions_obtained":[{"floor":4,"key":"SkillPotion"},{"floor":4,"key":"SteroidPotion"},{"floor":4,"key":"SpeedPotion"},{"floor":11,"key":"Strength Potion"},{"floor":23,"key":"Dexterity Potion"},{"floor":25,"key":"Regen Potion"},{"floor":33,"key":"FearPotion"},{"floor":38,"key":"Regen Potion"},{"floor":45,"key":"GamblersBrew"}],"is_trial":false,"path_per_floor":["M","?","M","?","$","R","M","R","T","?","M","R","M","M","R","B",null,"M","$","?","?","M","E","R","M","T","R","?","?","R","?","R","B",null,"M","?","?","M","?","R","$","?","T","R","M","R","M","M","R"],"character_chosen":"THE_SILENT","items_purchased":["Flying Knee","Panache","Glass Knife","Flash of Steel","Acrobatics"],"campfire_rested":8,"item_purchase_floors":[5,19,41,41,41],"current_hp_per_floor":[25,48,46,46,46,46,46,67,67,70,62,62,56,56,56,41,70,58,58,45,39,25,3,25,19,19,41,41,25,47,47,69,15,75,50,50,41,24,24,46,46,46,46,46,55,75,62,43,65,0],"gold":47,"neow_bonus":"TRANSFORM_TWO_CARDS","is_prod":false,"is_daily":false,"chose_seed":false,"campfire_upgraded":4,"win_rate":0.0,"timestamp":1532803788,"path_taken":["M","?","M","?","$","R","?","R","T","?","M","R","?","M","R","BOSS","M","$","?","?","?","E","R","?","T","R","?","?","R","?","R","BOSS","M","?","?","?","?","R","$","?","T","R","M","R","M","M","R","BOSS"],"build_version":"2018-07-26","purchased_purges":1,"victory":false,"max_hp_per_floor":[70,70,70,70,70,70,70,70,70,70,70,70,70,70,70,70,70,70,70,75,75,75,75,75,75,75,75,75,75,75,75,75,75,75,75,75,75,75,75,75,75,75,75,75,75,75,75,75,75,75],"card_choices":[{"not_picked":["Deflect","Backflip"],"picked":"Deadly Poison","floor":1},{"not_picked":["Deadly Poison","Calculated Gamble"],"picked":"Blade Dance","floor":3},{"not_picked":["Terror","Prepared"],"picked":"Blade Dance","floor":7},{"not_picked":["Outmaneuver","Prepared"],"picked":"Footwork","floor":11},{"not_picked":["Night Terror","Acrobatics"],"picked":"Dagger Spray","floor":13},{"not_picked":["Sucker Punch","Dagger Throw"],"picked":"Slice","floor":14},{"not_picked":["Doppelganger","Envenom"],"picked":"Die Die Die","floor":16},{"not_picked":["Dagger Spray","Slice"],"picked":"Bane","floor":18},{"not_picked":["Caltrops","Blur"],"picked":"Adrenaline","floor":22},{"not_picked":["Escape Plan+1","Dodge and Roll"],"picked":"Flying Knee","floor":23},{"not_picked":["Bouncing Flask+1","Poisoned Stab"],"picked":"Dagger Spray","floor":25},{"not_picked":["Night Terror","Corpse Explosion"],"picked":"Glass Knife","floor":33},{"not_picked":["Deflect","Tactician+1"],"picked":"Dodge and Roll+1","floor":35},{"not_picked":["Underhanded Strike+1","PiercingWail+1"],"picked":"Bane+1","floor":38},{"not_picked":["Deadly Poison+1","Poisoned Stab"],"picked":"Dagger Spray+1","floor":45},{"not_picked":["PiercingWail+1","Terror+1","Dagger Throw"],"picked":"SKIP","floor":47},{"not_picked":["Dagger Throw","Escape Plan"],"picked":"Outmaneuver+1","floor":48}],"player_experience":47478,"relics_obtained":[{"floor":9,"key":"Orichalcum"},{"floor":23,"key":"Lantern"},{"floor":26,"key":"Bronze Scales"},{"floor":43,"key":"Dodecahedron"}],"event_choices":[{"event_name":"Big Fish","player_choice":"Banana","floor":2,"damage_taken":0},{"event_name":"The Lab","player_choice":"Got Potions","floor":4,"damage_taken":0},{"event_name":"Bonfire Elementals","player_choice":"UNCOMMON","floor":10,"damage_taken":0},{"event_name":"Forgotten Altar","player_choice":"Shed Blood","floor":20,"damage_taken":0},{"event_name":"Nest","player_choice":"Joined the Cult","floor":21,"damage_taken":0},{"event_name":"The Joust","player_choice":"Bet on Owner","floor":28,"damage_taken":0},{"event_name":"Cursed Tome","player_choice":"Obtained Book","floor":29,"damage_taken":0},{"event_name":"Back to Basics","player_choice":"Simplicity","floor":31,"damage_taken":0},{"event_name":"Falling","player_choice":"Removed Attack","floor":36,"damage_taken":0},{"event_name":"Winding Halls","player_choice":"Embrace Madness","floor":37,"damage_taken":0},{"event_name":"Golden Shrine","player_choice":"Pray","floor":39,"damage_taken":0},{"event_name":"Tomb of Lord Red Mask","player_choice":"Paid","floor":42,"damage_taken":0}],"is_beta":false,"boss_relics":[{"not_picked":["White Beast Statue","HoveringKite"],"picked":"Astrolabe"},{"not_picked":["Busted Crown","Lizard Tail"],"picked":"Ring of the Serpent"}],"items_purged_floors":[5],"is_endless":false,"potions_floor_spawned":[11,14,23,25,33,38,45],"killed_by":"Time Eater","ascension_level":0}