{"gold_per_floor":[113,113,126,139,159,159,178,210,246,223,255,267,295,320,332,444,456,482,513,525,555,567,579,604,616,628,74,89,89,89,40,40,40],"floor_reached":33,"playtime":1644,"items_purged":[],"score":251,"play_id":"d022eb64-4f83-4886-ad45-2f59f7124367","local_time":"20180802233504","is_ascension_mode":false,"campfire_choices":[{"data":"Flying Knee","floor":6,"key":"SMITH"},{"data":"Dagger Spray","floor":12,"key":"SMITH"},{"floor":15,"key":"REST"},{"floor":23,"key":"REST"},{"floor":25,"key":"REST"},{"floor":32,"key":"REST"}],"neow_cost":"NONE","seed_source_timestamp":706671774563899,"circlet_count":0,"master_deck":["Defend_G","Defend_G","Defend_G","Defend_G","Strike_G","Strike_G","Strike_G","Survivor","Neutralize","Cloak And Dagger","Flying Knee+1","Cloak And Dagger","Poisoned Stab","Dagger Spray+1","Unload","Slice","Blade Dance","Accuracy","Grand Finale","Accuracy+1","Riddle With Holes+1","Riddle With Holes+1","Dagger Spray","PiercingWail+1","Bane","Footwork+1","Enlightenment","Corpse Explosion","Bane+1","Writhe","Cloak And Dagger","Distraction+1"],"relics":["Ring of the Snake","Happy Flower","MawBank","Bag of Marbles","Astrolabe","Nilry\u0027s Codex","Mummified Hand","Dodecahedron","Prayer Wheel","Dream Catcher"],"potions_floor_usage":[8,16,21,28,33],"damage_taken":[{"damage":0,"enemies":"Jaw Worm","floor":1,"turns":5},{"damage":0,"enemies":"Small Slimes","floor":3,"turns":3},{"damage":1,"enemies":"Cultist","floor":4,"turns":4},{"damage":5,"enemies":"3 Louse","floor":5,"turns":4},{"damage":2,"enemies":"2 Fungi Beasts","floor":7,"turns":3},{"damage":20,"enemies":"Lagavulin","floor":8,"turns":7},{"damage":6,"enemies":"Exordium Thugs","floor":11,"turns":4},{"damage":2,"enemies":"Lots of Slimes","floor":13,"turns":3},{"damage":0,"enemies":"Exordium Wildlife","floor":14,"turns":2},{"damage":28,"enemies":"Hexaghost","floor":16,"turns":11},{"damage":10,"enemies":"Spheric Guardian","floor":18,"turns":4},{"damage":13,"enemies":"Shell Parasite","floor":19,"turns":5},{"damage":11,"enemies":"Chosen and Byrds","floor":21,"turns":5},{"damage":20,"enemies":"Centurion and Healer","floor":24,"turns":5},{"damage":28,"enemies":"Snake Plant","floor":28,"turns":5},{"damage":42,"enemies":"Collector","floor":33,"turns":3}],"seed_played":"-8788061532354734645","potions_obtained":[{"floor":1,"key":"LiquidBronze"},{"floor":4,"key":"Weak Potion"},{"floor":5,"key":"GhostInAJar"},{"floor":7,"key":"Explosive Potion"},{"floor":16,"key":"Explosive Potion"},{"floor":24,"key":"PowerPotion"}],"is_trial":false,"path_per_floor":["M","?","M","M","M","R","M","E","T","?","M","R","M","M","R","B",null,"M","M","?","M","T","R","M","R","T","$","M","?","?","$","R"],"character_chosen":"THE_SILENT","items_purchased":["Enlightenment","Corpse Explosion","Prayer Wheel","Cloak And Dagger"],"campfire_rested":4,"item_purchase_floors":[27,27,27,31],"current_hp_per_floor":[70,67,67,66,61,61,59,39,39,56,50,50,48,48,69,41,70,60,47,31,20,20,41,21,42,42,42,14,14,14,14,35,0],"gold":40,"neow_bonus":"THREE_CARDS","is_prod":false,"is_daily":false,"chose_seed":false,"campfire_upgraded":2,"win_rate":0.0,"timestamp":1533267304,"path_taken":["M","?","M","M","M","R","?","E","T","?","?","R","M","M","R","BOSS","M","M","?","?","?","R","M","R","T","$","?","?","?","$","R","BOSS"],"build_version":"2018-08-02","purchased_purges":0,"victory":false,"max_hp_per_floor":[70,70,70,70,70,70,70,70,70,70,70,70,70,70,70,70,70,70,70,70,70,70,70,70,70,70,70,70,70,70,70,70,70],"card_choices":[{"not_picked":["Bane","Tactician"],"picked":"Cloak And Dagger","floor":0},{"not_picked":["Tactician","Noxious Fumes"],"picked":"Flying Knee","floor":1},{"not_picked":["Blade Dance","Distraction"],"picked":"Cloak And Dagger","floor":3},{"not_picked":["Sucker Punch","Deadly Poison"],"picked":"Poisoned Stab","floor":4},{"not_picked":["Choke","Poisoned Stab","Dodge and Roll"],"picked":"SKIP","floor":5},{"not_picked":["Dodge and Roll","Dagger Throw"],"picked":"Dagger Spray","floor":7},{"not_picked":["Outmaneuver","Prepared"],"picked":"Unload","floor":8},{"not_picked":["Finisher","Choke"],"picked":"Slice","floor":11},{"not_picked":["Underhanded Strike","Distraction"],"picked":"Blade Dance","floor":13},{"not_picked":["Blade Dance","Crippling Poison"],"picked":"Accuracy","floor":14},{"not_picked":["Doppelganger","Tools of the Trade"],"picked":"Grand Finale","floor":16},{"not_picked":["Dagger Spray","Backflip","Dash"],"picked":"SKIP","floor":18},{"not_picked":["Backflip","Dash"],"picked":"Dagger Spray","floor":18},{"not_picked":["Bouncing Flask+1","Underhanded Strike"],"picked":"PiercingWail+1","floor":19},{"not_picked":["Dagger Spray","A Thousand Cuts"],"picked":"Bane","floor":21},{"not_picked":["Masterful Stab+1","Slice"],"picked":"Footwork+1","floor":24},{"not_picked":["Deadly Poison","Distraction+1"],"picked":"Bane+1","floor":28},{"not_picked":["Deflect","Prepared","Choke"],"picked":"SKIP","floor":28},{"not_picked":["Deflect","Prepared","Choke"],"picked":"SKIP","floor":28},{"not_picked":["Quick Slash","Skewer"],"picked":"Distraction+1","floor":32}],"player_experience":101039,"relics_obtained":[{"floor":8,"key":"MawBank"},{"floor":9,"key":"Bag of Marbles"},{"floor":20,"key":"Nilry\u0027s Codex"},{"floor":22,"key":"Mummified Hand"},{"floor":26,"key":"Dodecahedron"}],"event_choices":[{"event_name":"Scrap Ooze","player_choice":"success","floor":2,"damage_taken":3},{"event_name":"The Cleric","player_choice":"Healed","floor":10,"damage_taken":0},{"event_name":"Cursed Tome","player_choice":"Obtained Book","floor":20,"damage_taken":0},{"event_name":"Vampires","player_choice":"Ignored","floor":29,"damage_taken":0},{"event_name":"The Mausoleum","player_choice":"Yes","floor":30,"damage_taken":0}],"is_beta":false,"boss_relics":[{"not_picked":["Orrery","Empty Cage"],"picked":"Astrolabe"}],"items_purged_floors":[],"is_endless":false,"potions_floor_spawned":[1,4,5,7,16,24],"killed_by":"Collector","ascension_level":0}