{"gold_per_floor":[117,129,143,68,168,168,184,84,158,158,33,33,50,62,62,62],"floor_reached":16,"playtime":577,"items_purged":["Strike_R","Defend_R","Second Wind"],"score":92,"play_id":"58ab26dc-7d70-4540-bc36-2d7ef7141caf","local_time":"20190911165127","is_ascension_mode":false,"campfire_choices":[{"data":"Bash","floor":6,"key":"SMITH"},{"data":"Body Slam","floor":10,"key":"SMITH"},{"data":"Shrug It Off","floor":15,"key":"SMITH"}],"neow_cost":"NONE","seed_source_timestamp":508668308548800,"circlet_count":0,"master_deck":["Strike_R","Strike_R","Defend_R","Defend_R","Defend_R","Bash+1","Body Slam+1","Shrug It Off+1"],"relics":["Burning Blood","Self Forming Clay"],"potions_floor_usage":[16,16],"damage_taken":[{"damage":0,"enemies":"2 Louse","floor":1,"turns":3},{"damage":5,"enemies":"Cultist","floor":2,"turns":5},{"damage":1,"enemies":"Jaw Worm","floor":3,"turns":3},{"damage":14,"enemies":"Blue Slaver","floor":7,"turns":4},{"damage":0,"enemies":"Exordium Wildlife","floor":13,"turns":5},{"damage":10,"enemies":"Large Slime","floor":14,"turns":6},{"damage":78,"enemies":"Slime Boss","floor":16,"turns":13}],"seed_played":"-1897515420976512870","potions_obtained":[{"floor":1,"key":"SteroidPotion"},{"floor":2,"key":"GamblersBrew"}],"is_trial":false,"path_per_floor":["M","M","M","$","?","R","M","$","T","R","$","?","M","M","R","B"],"character_chosen":"IRONCLAD","items_purchased":[],"campfire_rested":0,"item_purchase_floors":[],"current_hp_per_floor":[80,80,80,80,80,80,72,72,72,72,72,72,78,74,74,0],"gold":62,"neow_bonus":"TRANSFORM_CARD","is_prod":false,"is_daily":false,"chose_seed":false,"campfire_upgraded":3,"win_rate":0,"timestamp":1568245887,"path_taken":["M","M","M","$","?","R","M","$","T","R","$","?","?","M","R","BOSS"],"build_version":"2019-07-17","purchased_purges":3,"victory":false,"max_hp_per_floor":[80,80,80,80,80,80,80,80,80,80,80,80,80,80,80,80],"card_choices":[{"not_picked":["Infernal Blade","True Grit","Wild Strike"],"picked":"SKIP","floor":1},{"not_picked":["Anger","Thunderclap","Sword Boomerang"],"picked":"SKIP","floor":2},{"not_picked":["Metallicize","Thunderclap"],"picked":"Body Slam","floor":3},{"not_picked":["Flex","Fire Breathing"],"picked":"Shrug It Off","floor":7},{"not_picked":["Barricade","Pommel Strike","Perfected Strike"],"picked":"SKIP","floor":13},{"not_picked":["Cleave","Seeing Red","Second Wind"],"picked":"SKIP","floor":14}],"player_experience":920854,"relics_obtained":[{"floor":9,"key":"Self Forming Clay"}],"event_choices":[{"damage_healed":0,"gold_gain":100,"player_choice":"Pray","damage_taken":0,"max_hp_gain":0,"max_hp_loss":0,"event_name":"Golden Shrine","floor":5,"gold_loss":0},{"cards_removed":["Strike_R"],"damage_healed":0,"gold_gain":0,"player_choice":"Offered Basic","damage_taken":0,"max_hp_gain":0,"max_hp_loss":0,"event_name":"Bonfire Elementals","floor":12,"gold_loss":0}],"is_beta":false,"boss_relics":[],"items_purged_floors":[4,8,11],"is_endless":false,"potions_floor_spawned":[1,2],"killed_by":"Slime Boss","ascension_level":0}