{"gold_per_floor":[110,110,123,143,163,163,189,199,249,249,263,45,10,10,10,110,110,121,141,141,159,175,175,205,205,205,205,218,229,229,249,249,349,349,364,464,484,494,508,508,542,542,542,542,554,37,37,63,63,63],"floor_reached":51,"playtime":17029,"items_purged":["Strike_G","Strike_G"],"score":756,"play_id":"5d39a928-6606-435f-8d95-8caba403eed7","local_time":"20190909014342","is_ascension_mode":false,"campfire_choices":[{"data":"Poisoned Stab","floor":6.0,"key":"SMITH"},{"data":"Bouncing Flask","floor":10.0,"key":"SMITH"},{"data":"Backflip","floor":15.0,"key":"SMITH"},{"data":"Footwork","floor":23.0,"key":"SMITH"},{"data":"Calculated Gamble","floor":25.0,"key":"SMITH"},{"data":"Neutralize","floor":27.0,"key":"SMITH"},{"data":"Glass Knife","floor":32.0,"key":"SMITH"},{"data":"Catalyst","floor":40,"key":"SMITH"},{"floor":42,"key":"REST"},{"data":"Backflip","floor":44,"key":"SMITH"},{"floor":47,"key":"REST"},{"data":"Survivor","floor":49,"key":"SMITH"}],"neow_cost":"NONE","seed_source_timestamp":1935863706848200,"circlet_count":0,"master_deck":["Strike_G","Strike_G","Strike_G","Defend_G","Defend_G","Defend_G","Defend_G+1","Defend_G","Survivor+1","Neutralize+1","Poisoned Stab+1","Backflip+1","Bouncing Flask+1","Backstab","Malaise+1","Sucker Punch+1","Heel Hook+1","Footwork+1","Calculated Gamble+1","Outmaneuver+1","Glass Knife+1","Catalyst+1","Envenom","Corpse Explosion","Backflip+1","Acrobatics+1","Blur","Acrobatics+1","Mind Blast","Calculated Gamble+1","Tactician+1"],"special_seed":0,"relics":["Ring of the Snake","Meat on the Bone","Shuriken","Oddly Smooth Stone","Letter Opener","Snecko Eye","Happy Flower","War Paint","Philosopher\u0027s Stone","Toxic Egg 2","Snake Skull","Medical Kit","Centennial Puzzle"],"potions_floor_usage":[33,35,38,50,50],"damage_taken":[{"damage":0.0,"enemies":"Small Slimes","floor":1.0,"turns":6.0},{"damage":3.0,"enemies":"Jaw Worm","floor":3.0,"turns":4.0},{"damage":1.0,"enemies":"Cultist","floor":4.0,"turns":4.0},{"damage":2.0,"enemies":"Looter","floor":5.0,"turns":3.0},{"damage":34.0,"enemies":"Lagavulin","floor":7.0,"turns":8.0},{"damage":0.0,"enemies":"2 Fungi Beasts","floor":8.0,"turns":3.0},{"damage":12.0,"enemies":"Gremlin Gang","floor":11.0,"turns":5.0},{"damage":21.0,"enemies":"The Guardian","floor":16.0,"turns":8.0},{"damage":5.0,"enemies":"2 Thieves","floor":18.0,"turns":4.0},{"damage":11.0,"enemies":"3 Byrds","floor":19.0,"turns":5.0},{"damage":9.0,"enemies":"Snecko","floor":21.0,"turns":4.0},{"damage":0.0,"enemies":"Centurion and Healer","floor":22.0,"turns":6.0},{"damage":0.0,"enemies":"Book of Stabbing","floor":24.0,"turns":5.0},{"damage":3.0,"enemies":"3 Cultists","floor":28.0,"turns":4.0},{"damage":6.0,"enemies":"Snake Plant","floor":29.0,"turns":4.0},{"damage":0.0,"enemies":"Centurion and Healer","floor":31.0,"turns":5.0},{"damage":25,"enemies":"Automaton","floor":33,"turns":12},{"damage":4,"enemies":"3 Shapes","floor":35,"turns":3},{"damage":0,"enemies":"Orb Walker","floor":37,"turns":3},{"damage":3,"enemies":"Sphere and 2 Shapes","floor":38,"turns":4},{"damage":18,"enemies":"4 Shapes","floor":39,"turns":3},{"damage":29,"enemies":"Reptomancer","floor":41,"turns":8},{"damage":14,"enemies":"Maw","floor":45,"turns":8},{"damage":0,"enemies":"Nemesis","floor":48,"turns":7},{"damage":18,"enemies":"Donu and Deca","floor":50,"turns":5}],"seed_played":"-2302836287502648658","potions_obtained":[{"floor":5.0,"key":"Strength Potion"},{"floor":8.0,"key":"Weak Potion"},{"floor":19.0,"key":"Energy Potion"},{"floor":21.0,"key":"Swift Potion"},{"floor":24.0,"key":"Fire Potion"},{"floor":37,"key":"SneckoOil"},{"floor":39,"key":"SteroidPotion"}],"is_trial":false,"path_per_floor":["M","?","M","M","M","R","E","M","T","R","M","$","?","T","R","B",null,"M","M","?","M","M","R","E","R","T","R","M","M","?","M","R","B",null,"M","?","M","M","M","R","E","R","T","R","M","$","R","E","R","B",null],"character_chosen":"THE_SILENT","items_purchased":["Oddly Smooth Stone","Mind Blast","Calculated Gamble+1","Medical Kit","SkillPotion"],"campfire_rested":2,"item_purchase_floors":[12,46,46,46,46],"current_hp_per_floor":[77,74,71,70,68,68,46,46,46,46,46,46,65,65,65,44,77,72,61,61,52,52,52,52,52,52,52,49,43,29,41,41,28,82,78,78,78,75,57,57,40,64,64,64,50,50,74,74,74,56],"gold":63,"neow_bonus":"TEN_PERCENT_HP_BONUS","is_prod":false,"is_daily":false,"chose_seed":false,"campfire_upgraded":10,"win_rate":0,"timestamp":1568007822,"path_taken":["M","?","M","M","M","R","E","M","T","R","M","$","?","?","R","BOSS","M","M","?","?","M","R","E","R","T","R","M","M","?","M","R","BOSS","M","?","?","M","M","R","E","R","T","R","M","$","R","E","R","BOSS"],"build_version":"2019-07-17","purchased_purges":2,"victory":true,"max_hp_per_floor":[77,77,77,77,77,77,77,77,77,77,77,77,77,77,77,77,77,77,77,77,77,77,77,77,77,77,77,77,77,82,82,82,82,82,82,82,82,82,82,82,82,82,82,82,82,82,82,82,82,82],"card_choices":[{"not_picked":["Dodge and Roll","Deadly Poison"],"picked":"Poisoned Stab","floor":1.0},{"not_picked":["Distraction","Deadly Poison","Sucker Punch"],"picked":"SKIP","floor":3.0},{"not_picked":["Flying Knee","Underhanded Strike","Prepared"],"picked":"SKIP","floor":4.0},{"not_picked":["Bane","Unload"],"picked":"Backflip","floor":5.0},{"not_picked":["Sucker Punch","Dodge and Roll","Flying Knee"],"picked":"SKIP","floor":7.0},{"not_picked":["Slice","Cloak And Dagger"],"picked":"Bouncing Flask","floor":8.0},{"not_picked":["Sucker Punch","PiercingWail"],"picked":"Backstab","floor":11.0},{"not_picked":["A Thousand Cuts","Unload"],"picked":"Malaise","floor":16.0},{"not_picked":["Poisoned Stab","Deflect"],"picked":"Sucker Punch+1","floor":18.0},{"not_picked":["Acrobatics","Underhanded Strike+1"],"picked":"Heel Hook+1","floor":19.0},{"not_picked":["Choke","Dash"],"picked":"Footwork","floor":21.0},{"not_picked":["Acrobatics","After Image"],"picked":"Calculated Gamble","floor":22.0},{"not_picked":["Cloak And Dagger","Acrobatics"],"picked":"Outmaneuver+1","floor":24.0},{"not_picked":["Poisoned Stab","Dodge and Roll"],"picked":"Glass Knife","floor":28.0},{"not_picked":["Deadly Poison","Terror"],"picked":"Catalyst","floor":29.0},{"not_picked":["Deflect","Deadly Poison"],"picked":"Envenom","floor":31.0},{"not_picked":["Night Terror","Venomology"],"picked":"Corpse Explosion","floor":33},{"not_picked":["Predator","Slice+1","Blade Dance+1"],"picked":"SKIP","floor":35},{"not_picked":["Endless Agony","Underhanded Strike"],"picked":"Backflip","floor":37},{"not_picked":["Choke","Backflip"],"picked":"Acrobatics+1","floor":38},{"not_picked":["Finisher+1","Cloak And Dagger"],"picked":"Blur","floor":39},{"not_picked":["Quick Slash+1","Heel Hook"],"picked":"Acrobatics+1","floor":45},{"not_picked":["PiercingWail+1","Skewer"],"picked":"Tactician+1","floor":48}],"player_experience":583749,"relics_obtained":[{"floor":7.0,"key":"Shuriken"},{"floor":14.0,"key":"Letter Opener"},{"floor":24.0,"key":"Happy Flower"},{"floor":26.0,"key":"War Paint"},{"floor":41,"key":"Toxic Egg 2"},{"floor":43,"key":"Snake Skull"},{"floor":48,"key":"Centennial Puzzle"}],"event_choices":[{"damage_healed":0.0,"max_hp_gain":0.0,"max_hp_loss":0.0,"gold_gain":0.0,"event_name":"Scrap Ooze","player_choice":"Success","floor":2.0,"gold_loss":0.0,"damage_taken":3.0,"relics_obtained":["Meat on the Bone"]},{"damage_healed":19.0,"max_hp_gain":0.0,"max_hp_loss":0.0,"gold_gain":0.0,"event_name":"The Cleric","player_choice":"Healed","floor":13.0,"gold_loss":35.0,"damage_taken":0.0},{"damage_healed":0.0,"max_hp_gain":0.0,"max_hp_loss":0.0,"gold_gain":0.0,"event_name":"NoteForYourself","player_choice":"Ignored","floor":20.0,"gold_loss":0.0,"damage_taken":0.0},{"damage_healed":0.0,"max_hp_gain":5.0,"max_hp_loss":0.0,"gold_gain":0.0,"event_name":"Forgotten Altar","player_choice":"Shed Blood","floor":30.0,"gold_loss":0.0,"damage_taken":19.0},{"damage_healed":0,"gold_gain":100,"player_choice":"Pray","damage_taken":0,"max_hp_gain":0,"max_hp_loss":0,"event_name":"Golden Shrine","floor":36,"gold_loss":0}],"is_beta":false,"boss_relics":[{"not_picked":["Ectoplasm","WristBlade"],"picked":"Snecko Eye"},{"not_picked":["White Beast Statue","Sozu"],"picked":"Philosopher\u0027s Stone"}],"items_purged_floors":[12,46],"is_endless":false,"potions_floor_spawned":[5,8,19,21,24,37,39],"ascension_level":0}