{"gold_per_floor":[110,128,128,128,142,173,173,201,228,6,6,6,31,41,41,146,146,165,80,95,95,95,95,106,139,139,165,89,119,129,129,129,233,233,250,260,16,33,33,33,67,87,87,87,103,119,136,11,11,11],"floor_reached":51,"playtime":4948,"items_purged":["Strike_B","Strike_B","Aggregate"],"score":1202,"play_id":"834f513a-bdd6-4bb1-a0bd-7efabc06a779","local_time":"20181009230201","is_ascension_mode":true,"campfire_choices":[{"data":"Zap","floor":7.0,"key":"SMITH"},{"data":"Go for the Eyes","floor":11.0,"key":"SMITH"},{"floor":15.0,"key":"REST"},{"data":"Defragment","floor":23.0,"key":"SMITH"},{"data":"Defragment","floor":32.0,"key":"SMITH"},{"data":"Buffer","floor":40.0,"key":"SMITH"},{"floor":49,"key":"REST"}],"neow_cost":"TEN_PERCENT_HP_LOSS","seed_source_timestamp":0,"circlet_count":0,"master_deck":["Strike_B","Defend_B+1","Defend_B","Defend_B","Defend_B","Zap+1","Dualcast","Streamline+1","Barrage","Rebound","Go for the Eyes+1","Auto Shields","Seek+1","Skim","Biased Cognition","Ball Lightning","Cold Snap+1","Defragment+1","Cold Snap","Ghostly","Ghostly","Ghostly","Ghostly","Ghostly","Undo+1","Sunder+1","Echo Form","Defragment+1","BootSequence+1","Buffer+1","Glacier","Creative AI","Glacier+1","Defragment+1"],"special_seed":0,"relics":["Cracked Core","Thread and Needle","Regal Pillow","Potion Belt","Orichalcum","DataDisk","Prayer Wheel","Inserter","War Paint","Dodecahedron","Strawberry","Dream Catcher","Centennial Puzzle","Cursed Key","Omamori","WingedGreaves","Anchor","Blue Candle","Pantograph"],"potions_floor_usage":[50,50,50,50],"damage_taken":[{"damage":0.0,"enemies":"2 Louse","floor":1.0,"turns":2.0},{"damage":0.0,"enemies":"Cultist","floor":2.0,"turns":3.0},{"damage":4.0,"enemies":"Small Slimes","floor":5.0,"turns":3.0},{"damage":28.0,"enemies":"3 Sentries","floor":6.0,"turns":7.0},{"damage":11.0,"enemies":"Gremlin Nob","floor":8.0,"turns":3.0},{"damage":13.0,"enemies":"Lagavulin","floor":13.0,"turns":4.0},{"damage":0.0,"enemies":"3 Louse","floor":14.0,"turns":2.0},{"damage":27.0,"enemies":"Hexaghost","floor":16.0,"turns":11.0},{"damage":3.0,"enemies":"Shell Parasite","floor":18.0,"turns":6.0},{"damage":7.0,"enemies":"Spheric Guardian","floor":20.0,"turns":4.0},{"damage":5.0,"enemies":"Snecko","floor":24.0,"turns":6.0},{"damage":0.0,"enemies":"Book of Stabbing","floor":25.0,"turns":6.0},{"damage":0.0,"enemies":"Slavers","floor":27.0,"turns":6.0},{"damage":0.0,"enemies":"Book of Stabbing","floor":29.0,"turns":6.0},{"damage":0.0,"enemies":"Snake Plant","floor":30.0,"turns":5.0},{"damage":0.0,"enemies":"Collector","floor":33.0,"turns":9.0},{"damage":1.0,"enemies":"3 Darklings","floor":35.0,"turns":7.0},{"damage":0.0,"enemies":"3 Shapes","floor":36.0,"turns":7.0},{"damage":0.0,"enemies":"Transient","floor":38.0,"turns":5.0},{"damage":0.0,"enemies":"Mind Bloom Boss Battle","floor":39.0,"turns":8.0},{"damage":0.0,"enemies":"Nemesis","floor":41.0,"turns":11.0},{"damage":0.0,"enemies":"Reptomancer","floor":42.0,"turns":6.0},{"damage":0,"enemies":"Sphere and 2 Shapes","floor":45,"turns":6},{"damage":0,"enemies":"Spire Growth","floor":46,"turns":7},{"damage":0,"enemies":"3 Darklings","floor":47,"turns":7},{"damage":0,"enemies":"Donu and Deca","floor":50,"turns":12}],"seed_played":"288748548330513941","potions_obtained":[{"floor":2.0,"key":"FocusPotion"},{"floor":5.0,"key":"SteroidPotion"},{"floor":6.0,"key":"SteroidPotion"},{"floor":13.0,"key":"Block Potion"},{"floor":20.0,"key":"PowerPotion"},{"floor":24.0,"key":"AttackPotion"},{"floor":29.0,"key":"Ancient Potion"},{"floor":33.0,"key":"FairyPotion"},{"floor":36.0,"key":"Swift Potion"},{"floor":42.0,"key":"FearPotion"},{"floor":45,"key":"Energy Potion"},{"floor":46,"key":"SpeedPotion"}],"is_trial":false,"path_per_floor":["M","M","?","?","M","E","R","E","T","$","R","$","E","M","R","B",null,"M","?","M","$","?","R","M","E","T","E","$","E","M","?","R","B",null,"M","M","$","M","?","R","E","M","T","T","M","M","M","$","R","B"],"character_chosen":"DEFECT","items_purchased":["DataDisk","Defragment","Omamori"],"campfire_rested":2,"item_purchase_floors":[10,28,37],"current_hp_per_floor":[68,68,68,68,64,36,36,25,25,25,25,25,12,12,47,20,56,53,53,46,46,34,34,29,29,36,36,36,36,36,36,36,36,40,39,39,39,39,39,39,39,39,39,39,39,39,39,39,41,41],"gold":11,"neow_bonus":"ONE_RARE_RELIC","is_prod":false,"is_daily":false,"chose_seed":false,"campfire_upgraded":5,"win_rate":0,"timestamp":1539118921,"path_taken":["M","M","?","?","M","E","R","E","T","$","R","$","E","?","R","BOSS","M","?","M","$","?","R","M","E","T","E","$","E","M","?","R","BOSS","M","M","$","?","?","R","E","?","T","?","?","M","?","$","R","BOSS"],"build_version":"2018-10-04v2","purchased_purges":3,"victory":true,"max_hp_per_floor":[68,68,68,68,68,68,68,68,68,68,68,68,68,68,68,68,68,68,68,68,68,34,34,34,34,41,41,41,41,41,41,41,41,41,41,41,41,41,41,41,41,41,41,41,41,41,41,41,41,41],"card_choices":[{"not_picked":["Cold Snap","Rip and Tear"],"picked":"Streamline","floor":1.0},{"not_picked":["Recycle","Gash"],"picked":"Barrage","floor":2.0},{"not_picked":["Coolheaded","BootSequence"],"picked":"Rebound","floor":5.0},{"not_picked":["Multi-Cast","Reinforced Body"],"picked":"Go for the Eyes","floor":6.0},{"not_picked":["Coolheaded","Chaos"],"picked":"Auto Shields","floor":8.0},{"not_picked":["Darkness","Cold Snap"],"picked":"Seek","floor":13.0},{"not_picked":["Undo","Static Discharge"],"picked":"Skim","floor":14.0},{"not_picked":["Static Discharge","Barrage","Double Energy"],"picked":"SKIP","floor":14.0},{"not_picked":["Multi-Cast","Amplify"],"picked":"Biased Cognition","floor":16.0},{"not_picked":["Gash","Reprogram"],"picked":"Ball Lightning","floor":18.0},{"not_picked":["Compile Driver","Force Field"],"picked":"Cold Snap+1","floor":18.0},{"not_picked":["BootSequence","Go for the Eyes"],"picked":"Defragment","floor":20.0},{"not_picked":["Streamline+1","Gash+1"],"picked":"Cold Snap","floor":20.0},{"not_picked":["Go for the Eyes","Self Repair"],"picked":"Undo+1","floor":24.0},{"not_picked":["Genetic Algorithm+1","Barrage","Sweeping Beam+1"],"picked":"SKIP","floor":24.0},{"not_picked":["Streamline","Fusion"],"picked":"Sunder+1","floor":25.0},{"not_picked":["Hologram","Melter+1"],"picked":"Echo Form","floor":27.0},{"not_picked":["Tempest+1","Leap"],"picked":"BootSequence+1","floor":29.0},{"not_picked":["Static Discharge+1","Redo","Leap"],"picked":"SKIP","floor":30.0},{"not_picked":["Hologram","Redo","Chaos"],"picked":"SKIP","floor":30.0},{"not_picked":["Fission","Thunder Strike"],"picked":"Buffer","floor":33.0},{"not_picked":["Lockon+1","Coolheaded","Conserve Battery"],"picked":"SKIP","floor":35.0},{"not_picked":["Rebound","Capacitor","Steam"],"picked":"SKIP","floor":35.0},{"not_picked":["Turbo+1","Loop+1"],"picked":"Glacier","floor":36.0},{"not_picked":["Sweeping Beam","Ball Lightning","Hologram"],"picked":"SKIP","floor":36.0},{"not_picked":["Hologram+1","Beam Cell+1","Scrape"],"picked":"SKIP","floor":38.0},{"not_picked":["Reinforced Body+1","Heatsinks","Conserve Battery+1"],"picked":"SKIP","floor":38.0},{"not_picked":["Auto Shields","Ball Lightning+1","Stack"],"picked":"SKIP","floor":41.0},{"not_picked":["Chaos","Reprogram+1","Beam Cell"],"picked":"SKIP","floor":42.0},{"not_picked":["Turbo+1","Hello World+1","Tempest"],"picked":"SKIP","floor":42.0},{"not_picked":["Beam Cell+1","Stack","Coolheaded"],"picked":"SKIP","floor":45},{"not_picked":["Genetic Algorithm+1","Self Repair+1","Conserve Battery"],"picked":"SKIP","floor":45},{"not_picked":["Stack+1","Ball Lightning+1"],"picked":"Creative AI","floor":46},{"not_picked":["Ball Lightning","Leap+1","Steam+1"],"picked":"SKIP","floor":46},{"not_picked":["Gash","Beam Cell+1"],"picked":"Glacier+1","floor":47},{"not_picked":["Stack","Beam Cell","Compile Driver+1"],"picked":"SKIP","floor":47},{"not_picked":["Reboot","Cold Snap"],"picked":"Defragment+1","floor":49}],"player_experience":239188,"relics_obtained":[{"floor":6.0,"key":"Regal Pillow"},{"floor":8.0,"key":"Potion Belt"},{"floor":9.0,"key":"Orichalcum"},{"floor":13.0,"key":"Prayer Wheel"},{"floor":25.0,"key":"Dodecahedron"},{"floor":26.0,"key":"Strawberry"},{"floor":27.0,"key":"Dream Catcher"},{"floor":29.0,"key":"Centennial Puzzle"},{"floor":39.0,"key":"WingedGreaves"},{"floor":41.0,"key":"Anchor"},{"floor":43.0,"key":"Blue Candle"},{"floor":44,"key":"Pantograph"}],"event_choices":[{"event_name":"Upgrade Shrine","player_choice":"Upgraded","floor":3.0,"damage_taken":0.0},{"event_name":"Transmorgrifier","player_choice":"Transform","floor":4.0,"damage_taken":0.0},{"event_name":"Addict","player_choice":"Obtained Relic","floor":19.0,"damage_taken":0.0},{"event_name":"Ghosts","player_choice":"Became a Ghost","floor":22.0,"damage_taken":0.0},{"event_name":"Vampires","player_choice":"Ignored","floor":31.0,"damage_taken":0.0},{"event_name":"MindBloom","player_choice":"Fight","floor":39.0,"damage_taken":0.0}],"is_beta":false,"boss_relics":[{"not_picked":["Orrery","Calling Bell"],"picked":"Inserter"},{"not_picked":["Velvet Choker","Tiny House"],"picked":"Cursed Key"}],"items_purged_floors":[10,37,48],"is_endless":false,"potions_floor_spawned":[2,5,6,13,20,24,29,33,36,42,45,46],"ascension_level":6}