{"gold_per_floor":[114,114,129,146,146,175,175,194,224,249,263,263,24,36,36,141,141,158,73,85,104,104,137,156,156,156,156,167,177,177,196,196,301,301,316,39,49,49,49,49,66,66,134,134,134,64,75,94,94,94],"floor_reached":51,"playtime":3900,"items_purged":["Strike_R","Doubt"],"score":806,"play_id":"0adf5da6-73d7-49e6-8124-190b6e21a51e","local_time":"20190909025820","is_ascension_mode":false,"campfire_choices":[{"data":"Flame Barrier","floor":7.0,"key":"SMITH"},{"data":"Exhume","floor":12.0,"key":"SMITH"},{"floor":15.0,"key":"REST"},{"data":"Heavy Blade","floor":25.0,"key":"SMITH"},{"data":"Shrug It Off","floor":27.0,"key":"SMITH"},{"floor":32.0,"key":"REST"},{"data":"Ghostly","floor":40.0,"key":"SMITH"},{"data":"Spot Weakness","floor":42,"key":"SMITH"},{"data":"Ghostly","floor":49,"key":"SMITH"}],"neow_cost":"NONE","seed_source_timestamp":1953481873339200,"circlet_count":0,"master_deck":["Strike_R","Strike_R","Strike_R","Strike_R","Defend_R","Defend_R","Defend_R","Bash","Flame Barrier+1","Armaments+1","Exhume+1","Feel No Pain","Infernal Blade","Havoc","Rage","Barricade+1","Inflame+1","Shrug It Off+1","Battle Trance","Ghostly+1","Ghostly","Ghostly","Ghostly","Ghostly+1","Inflame+1","Heavy Blade+1","Parasite","Feel No Pain+1","Sever Soul+1","Dark Embrace+1","Doubt","Clumsy","Feel No Pain+1","Spot Weakness+1","Normality","Secret Technique","Chrysalis","Writhe","Pummel","Body Slam+1"],"special_seed":0,"relics":["Burning Blood","Smiling Mask","Tiny Chest","Frozen Egg 2","Shuriken","Cursed Key","Potion Belt","Pear","Calling Bell","Bronze Scales","Ornamental Fan","Charon\u0027s Ashes","Oddly Smooth Stone","Pantograph"],"potions_floor_usage":[41],"damage_taken":[{"damage":7.0,"enemies":"Jaw Worm","floor":1.0,"turns":5.0},{"damage":0.0,"enemies":"Small Slimes","floor":3.0,"turns":4.0},{"damage":1.0,"enemies":"Cultist","floor":4.0,"turns":5.0},{"damage":30.0,"enemies":"Lagavulin","floor":6.0,"turns":11.0},{"damage":8.0,"enemies":"Lots of Slimes","floor":8.0,"turns":6.0},{"damage":31.0,"enemies":"Gremlin Nob","floor":10.0,"turns":5.0},{"damage":1.0,"enemies":"3 Louse","floor":11.0,"turns":4.0},{"damage":13.0,"enemies":"2 Fungi Beasts","floor":14.0,"turns":5.0},{"damage":28.0,"enemies":"Slime Boss","floor":16.0,"turns":14.0},{"damage":16.0,"enemies":"Shell Parasite","floor":18.0,"turns":6.0},{"damage":17.0,"enemies":"Spheric Guardian","floor":20.0,"turns":6.0},{"damage":0.0,"enemies":"Chosen and Byrds","floor":21.0,"turns":8.0},{"damage":7.0,"enemies":"Gremlin Leader","floor":23.0,"turns":16.0},{"damage":0.0,"enemies":"Snake Plant","floor":24.0,"turns":7.0},{"damage":27.0,"enemies":"Cultist and Chosen","floor":28.0,"turns":10.0},{"damage":3.0,"enemies":"Centurion and Healer","floor":29.0,"turns":10.0},{"damage":23.0,"enemies":"Colosseum Slavers","floor":30.0,"turns":7.0},{"damage":0.0,"enemies":"Snecko","floor":31.0,"turns":8.0},{"damage":1.0,"enemies":"Champ","floor":33.0,"turns":12.0},{"damage":15.0,"enemies":"3 Darklings","floor":35.0,"turns":5.0},{"damage":0.0,"enemies":"3 Shapes","floor":37.0,"turns":4.0},{"damage":6,"enemies":"Transient","floor":41,"turns":5},{"damage":15,"enemies":"Jaw Worm Horde","floor":47,"turns":6},{"damage":0,"enemies":"Maw","floor":48,"turns":9},{"damage":36,"enemies":"Donu and Deca","floor":50,"turns":12}],"seed_played":"5975077554607447418","potions_obtained":[{"floor":8.0,"key":"AttackPotion"},{"floor":14.0,"key":"SteroidPotion"},{"floor":18.0,"key":"FairyPotion"},{"floor":20.0,"key":"Energy Potion"},{"floor":24.0,"key":"GamblersBrew"},{"floor":31.0,"key":"Block Potion"},{"floor":37.0,"key":"FearPotion"}],"is_trial":false,"path_per_floor":["M","?","M","M","?","E","R","M","T","E","M","R","$","M","R","B",null,"M","$","M","M","?","E","M","R","T","R","M","M","?","M","R","B",null,"M","$","M","$","?","R","M","R","T","?","?","$","M","M","R","B",null],"character_chosen":"IRONCLAD","items_purchased":["Shuriken","Inflame+1","Feel No Pain+1","Oddly Smooth Stone","Pummel"],"campfire_rested":2,"item_purchase_floors":[13,19,36,36,46],"current_hp_per_floor":[87,87,88,88,88,64,64,62,62,37,42,42,42,35,61,39,88,78,78,67,73,44,43,44,44,54,54,33,36,19,25,41,46,54,45,45,51,51,51,51,51,51,51,46,54,54,45,51,51,24],"gold":94,"neow_bonus":"TEN_PERCENT_HP_BONUS","is_prod":false,"is_daily":false,"chose_seed":false,"campfire_upgraded":7,"win_rate":0,"timestamp":1568012300,"path_taken":["M","?","M","M","?","E","R","M","T","E","M","R","$","?","R","BOSS","M","$","M","?","?","E","M","R","T","R","M","M","?","M","R","BOSS","M","$","M","$","?","R","M","R","T","?","?","?","?","M","R","BOSS"],"build_version":"2019-07-17","purchased_purges":2,"victory":true,"max_hp_per_floor":[88,88,88,88,88,88,88,88,88,88,88,88,88,88,88,88,88,88,88,88,88,44,44,44,44,54,54,54,54,54,54,54,54,54,54,54,54,54,54,54,54,54,54,54,54,54,54,54,54,54],"card_choices":[{"not_picked":["Havoc","Sword Boomerang"],"picked":"Flame Barrier","floor":1.0},{"not_picked":["Burning Pact","Cleave"],"picked":"Armaments","floor":3.0},{"not_picked":["Headbutt","Disarm","Thunderclap"],"picked":"SKIP","floor":4.0},{"not_picked":["Intimidate","Wild Strike"],"picked":"Exhume","floor":6.0},{"not_picked":["Combust","Clash"],"picked":"Feel No Pain","floor":8.0},{"not_picked":["Twin Strike","Shrug It Off"],"picked":"Infernal Blade","floor":10.0},{"not_picked":["Cleave","Thunderclap"],"picked":"Havoc","floor":11.0},{"not_picked":["Pommel Strike","Sword Boomerang"],"picked":"Rage","floor":14.0},{"not_picked":["Limit Break","Berserk+1"],"picked":"Barricade+1","floor":16.0},{"not_picked":["Havoc","Thunderclap","Intimidate"],"picked":"SKIP","floor":18.0},{"not_picked":["Warcry","Havoc"],"picked":"Shrug It Off","floor":20.0},{"not_picked":["Clash","Thunderclap+1"],"picked":"Battle Trance","floor":21.0},{"not_picked":["Iron Wave","Shockwave"],"picked":"Inflame+1","floor":23.0},{"not_picked":["True Grit","Headbutt+1"],"picked":"Heavy Blade","floor":24.0},{"not_picked":["Spot Weakness","Clothesline"],"picked":"Feel No Pain+1","floor":28.0},{"not_picked":["Heavy Blade","Feed","Pommel Strike+1"],"picked":"SKIP","floor":29.0},{"not_picked":["Rampage","Flex"],"picked":"Sever Soul+1","floor":31.0},{"not_picked":["Limit Break","Reaper"],"picked":"Dark Embrace+1","floor":33.0},{"not_picked":["Dropkick","Cleave","Perfected Strike"],"picked":"SKIP","floor":35.0},{"not_picked":["Clash+1","Second Wind","Blood for Blood"],"picked":"SKIP","floor":37.0},{"not_picked":["Searing Blow","Uppercut"],"picked":"Spot Weakness","floor":41},{"not_picked":["Impatience","Transmutation"],"picked":"Secret Technique","floor":44},{"not_picked":["Finesse","Enlightenment"],"picked":"Chrysalis","floor":44},{"not_picked":["Dropkick+1","Headbutt+1","Sword Boomerang+1"],"picked":"SKIP","floor":47},{"not_picked":["Perfected Strike","Searing Blow"],"picked":"Body Slam+1","floor":48}],"player_experience":600778,"relics_obtained":[{"floor":6.0,"key":"Smiling Mask"},{"floor":9.0,"key":"Tiny Chest"},{"floor":10.0,"key":"Frozen Egg 2"},{"floor":23.0,"key":"Potion Belt"},{"floor":26.0,"key":"Pear"},{"floor":34.0,"key":"Bronze Scales"},{"floor":34.0,"key":"Ornamental Fan"},{"floor":34.0,"key":"Charon\u0027s Ashes"},{"floor":43,"key":"Pantograph"}],"event_choices":[{"damage_healed":0.0,"max_hp_gain":0.0,"max_hp_loss":0.0,"gold_gain":0.0,"event_name":"Liars Game","player_choice":"Ignored","floor":2.0,"gold_loss":0.0,"damage_taken":0.0},{"damage_healed":0.0,"max_hp_gain":0.0,"max_hp_loss":0.0,"gold_gain":0.0,"event_name":"Upgrade Shrine","player_choice":"Upgraded","floor":5.0,"gold_loss":0.0,"damage_taken":0.0,"cards_upgraded":["Armaments"]},{"damage_healed":0.0,"max_hp_gain":0.0,"max_hp_loss":44.0,"gold_gain":0.0,"event_name":"Ghosts","player_choice":"Became a Ghost","floor":22.0,"gold_loss":0.0,"damage_taken":0.0,"cards_obtained":["Ghostly","Ghostly","Ghostly","Ghostly","Ghostly"]},{"damage_healed":0.0,"max_hp_gain":0.0,"max_hp_loss":0.0,"gold_gain":0.0,"event_name":"Colosseum","player_choice":"Fight","floor":30.0,"gold_loss":0.0,"damage_taken":0.0},{"damage_healed":0.0,"max_hp_gain":0.0,"max_hp_loss":0.0,"gold_gain":0.0,"event_name":"Colosseum","player_choice":"Fled From Nobs","floor":30.0,"gold_loss":0.0,"damage_taken":0.0},{"cards_removed":["Defend_R"],"damage_healed":0.0,"max_hp_gain":0.0,"max_hp_loss":0.0,"gold_gain":0.0,"event_name":"Falling","player_choice":"Removed Skill","floor":39.0,"gold_loss":0.0,"damage_taken":0.0},{"damage_healed":0,"gold_gain":0,"player_choice":"Memory 2","damage_taken":5,"max_hp_gain":0,"max_hp_loss":0,"event_name":"SensoryStone","floor":44,"gold_loss":0},{"damage_healed":14,"gold_gain":0,"player_choice":"Writhe","damage_taken":0,"max_hp_gain":0,"max_hp_loss":0,"event_name":"Winding Halls","floor":45,"gold_loss":0,"cards_obtained":["Writhe"]}],"is_beta":false,"boss_relics":[{"not_picked":["Astrolabe","Coffee Dripper"],"picked":"Cursed Key"},{"not_picked":["White Beast Statue","Tiny House"],"picked":"Calling Bell"}],"items_purged_floors":[19,36],"is_endless":false,"potions_floor_spawned":[8,14,18,20,24,30,31,37],"ascension_level":0}