{"gold_per_floor":[212,212,231,247,322,322,339,339,413,432,462,0,16,41,41,136,136,146,146,246,28,38,38,48,66,66,0,12,12,12,12,12,110,110,130,150,100,100,120,120,139,139,139,154,33,53,72,0,0,0],"floor_reached":51,"playtime":2193,"items_purged":["Normality","Strike_G","Strike_G"],"score":709,"play_id":"17fdfdc9-4b67-4b4c-ab6a-d8faed7bcbca","local_time":"20180825220938","is_ascension_mode":true,"campfire_choices":[{"data":"Flying Knee","floor":6.0,"key":"SMITH"},{"data":"Deadly Poison","floor":8.0,"key":"SMITH"},{"floor":15.0,"key":"REST"},{"data":"Apotheosis","floor":23.0,"key":"SMITH"},{"floor":29.0,"key":"REST"},{"floor":32.0,"key":"REST"},{"floor":40.0,"key":"REST"},{"floor":42.0,"key":"REST"},{"floor":49,"key":"REST"}],"neow_cost":"NONE","seed_source_timestamp":566532701542056,"circlet_count":0,"master_deck":["Defend_G","Defend_G","Defend_G","Defend_G","Defend_G","Strike_G","Strike_G","Strike_G","Survivor","Neutralize","Cloak And Dagger","Flying Knee+1","Deadly Poison+1","Crippling Poison","Apotheosis+1","Outmaneuver","Deadly Poison","PiercingWail","Die Die Die","Bane","Slice","Backflip","Tactician+1","Blade Dance","Catalyst","Catalyst+1","Corpse Explosion","Blade Dance+1","Acrobatics","Deadly Poison","Acrobatics","Poisoned Stab","Backflip+1"],"special_seed":0,"relics":["Ring of the Snake","Bronze Scales","Kunai","Tiny Chest","Oddly Smooth Stone","Smiling Mask","Busted Crown","Dodecahedron","Bottled Flame","Lizard Tail","Omamori","Red Mask"],"potions_floor_usage":[50,50],"damage_taken":[{"damage":0.0,"enemies":"Small Slimes","floor":1.0,"turns":4.0},{"damage":1.0,"enemies":"Cultist","floor":3.0,"turns":4.0},{"damage":0.0,"enemies":"Jaw Worm","floor":4.0,"turns":2.0},{"damage":4.0,"enemies":"Looter","floor":7.0,"turns":3.0},{"damage":1.0,"enemies":"Exordium Wildlife","floor":10.0,"turns":5.0},{"damage":0.0,"enemies":"Blue Slaver","floor":13.0,"turns":3.0},{"damage":28.0,"enemies":"Lagavulin","floor":14.0,"turns":5.0},{"damage":12.0,"enemies":"Hexaghost","floor":16.0,"turns":11.0},{"damage":13.0,"enemies":"Chosen","floor":18.0,"turns":5.0},{"damage":1.0,"enemies":"Shell Parasite","floor":22.0,"turns":4.0},{"damage":2.0,"enemies":"Shelled Parasite and Fungi","floor":24.0,"turns":4.0},{"damage":24.0,"enemies":"Snecko","floor":25.0,"turns":5.0},{"damage":0.0,"enemies":"Snake Plant","floor":28.0,"turns":3.0},{"damage":0.0,"enemies":"Centurion and Healer","floor":31.0,"turns":1.0},{"damage":59.0,"enemies":"Collector","floor":33.0,"turns":7.0},{"damage":3.0,"enemies":"3 Shapes","floor":35.0,"turns":3.0},{"damage":17.0,"enemies":"Orb Walker","floor":36.0,"turns":4.0},{"damage":7.0,"enemies":"Flame Bruiser 2 Orb","floor":39.0,"turns":5.0},{"damage":28.0,"enemies":"4 Shapes","floor":41.0,"turns":3.0},{"damage":10,"enemies":"3 Darklings","floor":44,"turns":3},{"damage":0,"enemies":"Transient","floor":46,"turns":5},{"damage":5,"enemies":"Flame Bruiser 2 Orb","floor":47,"turns":4},{"damage":43,"enemies":"Donu and Deca","floor":50,"turns":6}],"seed_played":"455144344241393093","potions_obtained":[{"floor":7.0,"key":"SmokeBomb"},{"floor":10.0,"key":"AttackPotion"},{"floor":14.0,"key":"EssenceOfSteel"},{"floor":22.0,"key":"GhostInAJar"},{"floor":24.0,"key":"LiquidBronze"},{"floor":35.0,"key":"SpeedPotion"},{"floor":36.0,"key":"FearPotion"},{"floor":47,"key":"LiquidBronze"}],"is_trial":false,"path_per_floor":["M","?","M","M","?","R","M","R","T","M","T","$","M","E","R","B",null,"M","T","?","$","M","R","M","M","T","?","M","R","$","M","R","B",null,"M","M","$","?","M","R","M","R","T","M","$","M","M","?","R","B"],"character_chosen":"THE_SILENT","items_purchased":["Apotheosis","Oddly Smooth Stone","Outmaneuver","Bane","Fruit Juice","Slice","Backflip","Acrobatics","Poisoned Stab"],"campfire_rested":6,"item_purchase_floors":[12,12,12,21,21,21,21,45,45],"current_hp_per_floor":[70,70,69,69,58,58,54,54,54,53,53,53,53,25,46,34,70,57,57,57,57,56,56,59,35,35,35,35,57,57,57,75,16,75,72,55,55,55,48,70,42,64,64,54,54,54,49,49,71,28],"gold":0,"neow_bonus":"HUNDRED_GOLD","is_prod":false,"is_daily":false,"chose_seed":false,"campfire_upgraded":3,"win_rate":0,"timestamp":1535249378,"path_taken":["M","?","M","M","?","R","M","R","T","M","?","?","?","E","R","BOSS","M","?","?","$","?","R","M","M","T","?","?","R","$","?","R","BOSS","M","M","$","?","M","R","M","R","T","?","$","M","M","?","R","BOSS"],"build_version":"2018-08-23v2","purchased_purges":3,"victory":true,"max_hp_per_floor":[70,70,70,70,70,70,70,70,70,70,70,70,70,70,70,70,70,70,70,70,70,70,70,75,75,75,75,75,75,75,75,75,75,75,75,75,75,75,75,75,75,75,75,75,75,75,75,75,75,75],"card_choices":[{"not_picked":["Blade Dance","Deadly Poison"],"picked":"Cloak And Dagger","floor":1.0},{"not_picked":["Dagger Throw","Prepared"],"picked":"Flying Knee","floor":3.0},{"not_picked":["Outmaneuver","Dagger Throw"],"picked":"Deadly Poison","floor":4.0},{"not_picked":["Acrobatics","PiercingWail","Expertise"],"picked":"SKIP","floor":7.0},{"not_picked":["Sucker Punch","Blade Dance"],"picked":"Crippling Poison","floor":10.0},{"not_picked":["Quick Slash","Expertise"],"picked":"Deadly Poison","floor":13.0},{"not_picked":["Doppelganger","Predator"],"picked":"PiercingWail","floor":14.0},{"not_picked":["Venomology","Glass Knife"],"picked":"Die Die Die","floor":16.0},{"not_picked":["PiercingWail"],"picked":"SKIP","floor":18.0},{"not_picked":[],"picked":"Tactician+1","floor":22.0},{"not_picked":[],"picked":"Blade Dance","floor":24.0},{"not_picked":[],"picked":"Catalyst","floor":25.0},{"not_picked":[],"picked":"Catalyst+1","floor":28.0},{"not_picked":[],"picked":"Corpse Explosion","floor":33.0},{"not_picked":["Sucker Punch"],"picked":"SKIP","floor":35.0},{"not_picked":[],"picked":"Blade Dance+1","floor":36.0},{"not_picked":[],"picked":"Acrobatics","floor":39.0},{"not_picked":["Dagger Spray"],"picked":"SKIP","floor":41.0},{"not_picked":[],"picked":"Deadly Poison","floor":44},{"not_picked":[],"picked":"Backflip+1","floor":46},{"not_picked":["PiercingWail"],"picked":"SKIP","floor":47}],"player_experience":185925,"relics_obtained":[{"floor":9.0,"key":"Kunai"},{"floor":11.0,"key":"Tiny Chest"},{"floor":14.0,"key":"Smiling Mask"},{"floor":19.0,"key":"Dodecahedron"},{"floor":26.0,"key":"Bottled Flame"},{"floor":43.0,"key":"Omamori"}],"event_choices":[{"event_name":"Accursed Blacksmith","player_choice":"Rummage","floor":2.0,"damage_taken":0.0},{"event_name":"World of Goop","player_choice":"Gather Gold","floor":5.0,"damage_taken":0.0},{"event_name":"Golden Shrine","player_choice":"Pray","floor":20.0,"damage_taken":0.0},{"event_name":"Masked Bandits","player_choice":"Paid Fearfully","floor":27.0,"damage_taken":0.0},{"event_name":"SensoryStone","player_choice":"Memory 1","floor":38.0,"damage_taken":0.0},{"event_name":"Tomb of Lord Red Mask","player_choice":"Paid","floor":48,"damage_taken":0}],"is_beta":false,"boss_relics":[{"not_picked":["Tiny House","Empty Cage"],"picked":"Busted Crown"},{"not_picked":["Black Star","Orrery"],"picked":"Lizard Tail"}],"items_purged_floors":[12,37,45],"is_endless":false,"potions_floor_spawned":[7,10,14,22,24,28,31,35,36,47],"ascension_level":1}