{"gold_per_floor":[14,14,28,45,60,94,105,16,16,36,36,71,103,80,92,205,217,248,260],"floor_reached":19,"playtime":953,"items_purged":[],"score":244,"play_id":"2d9097ed-a09e-402c-9ad4-2471dfdd4edd","local_time":"20190525235233","is_ascension_mode":true,"campfire_choices":[{"floor":11.0,"key":"REST"},{"floor":15.0,"key":"REST"}],"neow_cost":"NO_GOLD","seed_source_timestamp":916604002594234,"circlet_count":0,"master_deck":["Strike_R","Strike_R","Strike_R","Defend_R","Defend_R","Defend_R","Bash","Seeing Red","Spot Weakness","Burning Pact","Twin Strike","Trip","Headbutt","Seeing Red","Bludgeon","Juggernaut","True Grit"],"special_seed":0,"relics":["Burning Blood","Bottled Flame","Pantograph","MawBank","Runic Cube"],"potions_floor_usage":[16],"damage_taken":[{"damage":2.0,"enemies":"2 Louse","floor":1.0,"turns":3.0},{"damage":1.0,"enemies":"Cultist","floor":3.0,"turns":3.0},{"damage":7.0,"enemies":"Jaw Worm","floor":4.0,"turns":3.0},{"damage":12.0,"enemies":"Looter","floor":5.0,"turns":3.0},{"damage":45.0,"enemies":"3 Sentries","floor":6.0,"turns":7.0},{"damage":13.0,"enemies":"Blue Slaver","floor":7.0,"turns":2.0},{"damage":21.0,"enemies":"Large Slime","floor":10.0,"turns":6.0},{"damage":20.0,"enemies":"Lagavulin","floor":12.0,"turns":5.0},{"damage":12.0,"enemies":"Exordium Wildlife","floor":13.0,"turns":3.0},{"damage":56,"enemies":"The Guardian","floor":16,"turns":7},{"damage":40,"enemies":"Shell Parasite","floor":18,"turns":4},{"damage":50,"enemies":"3 Byrds","floor":19,"turns":3}],"seed_played":"-6573085165904756469","potions_obtained":[{"floor":3.0,"key":"SkillPotion"},{"floor":4.0,"key":"FairyPotion"},{"floor":5.0,"key":"PowerPotion"},{"floor":13.0,"key":"SkillPotion"},{"floor":16,"key":"PowerPotion"}],"is_trial":false,"path_per_floor":["M","?","M","M","M","E","M","$","T","M","R","E","M","?","R","B",null,"M","M"],"character_chosen":"IRONCLAD","items_purchased":["Trip"],"campfire_rested":2,"item_purchase_floors":[8],"current_hp_per_floor":[76,76,80,79,73,34,27,27,27,12,36,22,16,36,60,30,68,34,0],"gold":260,"neow_bonus":"REMOVE_TWO","is_prod":false,"is_daily":false,"chose_seed":false,"campfire_upgraded":0,"win_rate":0,"timestamp":1558842753,"path_taken":["M","?","?","?","M","E","M","?","T","M","R","E","?","?","R","BOSS","M","M"],"build_version":"2019-01-23","purchased_purges":0,"victory":false,"max_hp_per_floor":[80,80,80,80,80,80,80,80,80,80,80,80,80,80,80,80,80,80,80],"card_choices":[{"not_picked":["Cleave","Heavy Blade"],"picked":"Seeing Red","floor":1.0},{"not_picked":["Perfected Strike","Wild Strike"],"picked":"Spot Weakness","floor":3.0},{"not_picked":["Headbutt","Havoc"],"picked":"Burning Pact","floor":4.0},{"not_picked":["Havoc","Pommel Strike"],"picked":"Twin Strike","floor":5.0},{"not_picked":["Headbutt","Infernal Blade","Bludgeon"],"picked":"SKIP","floor":6.0},{"not_picked":["Body Slam","Searing Blow","Headbutt"],"picked":"SKIP","floor":7.0},{"not_picked":["Power Through","Shrug It Off"],"picked":"Headbutt","floor":10.0},{"not_picked":["Anger","Warcry"],"picked":"Seeing Red","floor":12.0},{"not_picked":["Corruption","Wild Strike"],"picked":"Bludgeon","floor":13.0},{"not_picked":["Brutality","Offering"],"picked":"Juggernaut","floor":16},{"not_picked":["Warcry","Blood for Blood"],"picked":"True Grit","floor":18}],"player_experience":271700,"relics_obtained":[{"floor":6.0,"key":"Bottled Flame"},{"floor":9.0,"key":"Pantograph"},{"floor":12.0,"key":"MawBank"}],"event_choices":[{"cards_removed":["Defend_R"],"damage_healed":0.0,"max_hp_gain":0.0,"max_hp_loss":0.0,"gold_gain":0.0,"event_name":"Bonfire Elementals","player_choice":"Offered Basic","floor":2.0,"gold_loss":0.0,"damage_taken":0.0},{"damage_healed":20.0,"max_hp_gain":0.0,"max_hp_loss":0.0,"gold_gain":0.0,"event_name":"The Cleric","player_choice":"Healed","floor":14.0,"gold_loss":35.0,"damage_taken":0.0}],"is_beta":false,"boss_relics":[{"not_picked":["Orrery","Lizard Tail"],"picked":"Runic Cube"}],"items_purged_floors":[],"is_endless":false,"potions_floor_spawned":[3,4,5,13,16],"killed_by":"3 Byrds","ascension_level":7}