{"gold_per_floor":[210,285,25,45,56,56,56,56,135,135,151,151,164,164,164,164],"floor_reached":16,"playtime":684,"items_purged":[],"score":122,"play_id":"3b6969be-daf7-4bbd-9b6a-c2fc816badca","local_time":"20190608154747","is_ascension_mode":true,"campfire_choices":[{"data":"Crippling Poison","floor":6.0,"key":"SMITH"},{"data":"Prepared","floor":8.0,"key":"SMITH"},{"floor":10.0,"key":"REST"},{"data":"Dagger Spray","floor":15.0,"key":"SMITH"}],"neow_cost":"NONE","seed_source_timestamp":0,"circlet_count":0,"master_deck":["Defend_G","Defend_G","Defend_G","Defend_G","Defend_G","Strike_G","Strike_G","Strike_G","Strike_G","Strike_G","Survivor","Neutralize","Prepared+1","Crippling Poison+1","Blur","Dagger Spray+1"],"special_seed":0,"relics":["Ring of the Snake","Paper Crane","Tiny Chest","Frozen Egg 2"],"potions_floor_usage":[16],"damage_taken":[{"damage":9.0,"enemies":"Cultist","floor":1.0,"turns":6.0},{"damage":0.0,"enemies":"Small Slimes","floor":4.0,"turns":7.0},{"damage":4.0,"enemies":"Jaw Worm","floor":5.0,"turns":6.0},{"damage":3.0,"enemies":"Red Slaver","floor":11.0,"turns":5.0},{"damage":0.0,"enemies":"Blue Slaver","floor":13.0,"turns":6.0},{"damage":70,"enemies":"Hexaghost","floor":16,"turns":16}],"seed_played":"-3431003506624833428","potions_obtained":[{"floor":4.0,"key":"EntropicBrew"},{"floor":13.0,"key":"Fire Potion"}],"is_trial":false,"path_per_floor":["M","?","$","M","M","R","$","R","T","R","M","?","M","T","R","B"],"character_chosen":"THE_SILENT","items_purchased":["Paper Crane"],"campfire_rested":1,"item_purchase_floors":[3],"current_hp_per_floor":[54,43,43,43,39,39,39,39,39,60,57,70,70,70,70,0],"gold":164,"neow_bonus":"HUNDRED_GOLD","is_prod":false,"is_daily":false,"chose_seed":false,"campfire_upgraded":3,"win_rate":0,"timestamp":1560023267,"path_taken":["M","?","$","M","M","R","$","R","T","R","M","?","?","?","R","BOSS"],"build_version":"2019-01-23","purchased_purges":0,"victory":false,"max_hp_per_floor":[70,70,70,70,70,70,70,70,70,70,70,70,70,70,70,70],"card_choices":[{"not_picked":["Dagger Throw","Heel Hook"],"picked":"Prepared","floor":1.0},{"not_picked":["Blade Dance","Terror"],"picked":"Crippling Poison","floor":4.0},{"not_picked":["Dagger Throw","PiercingWail"],"picked":"Reflex","floor":5.0},{"not_picked":["Acrobatics","Calculated Gamble"],"picked":"Blur","floor":11.0},{"not_picked":["Slice","Acrobatics"],"picked":"Dagger Spray","floor":13.0}],"player_experience":327583,"relics_obtained":[{"floor":9.0,"key":"Tiny Chest"},{"floor":14.0,"key":"Frozen Egg 2"}],"event_choices":[{"damage_healed":0.0,"max_hp_gain":0.0,"max_hp_loss":0.0,"gold_gain":75.0,"event_name":"World of Goop","player_choice":"Gather Gold","floor":2.0,"gold_loss":0.0,"damage_taken":11.0},{"cards_removed":["Reflex"],"damage_healed":13.0,"max_hp_gain":0.0,"max_hp_loss":0.0,"gold_gain":0.0,"event_name":"Bonfire Elementals","player_choice":"Offered Uncommon","floor":12.0,"gold_loss":0.0,"damage_taken":0.0}],"is_beta":false,"boss_relics":[],"items_purged_floors":[],"is_endless":false,"potions_floor_spawned":[4,13],"killed_by":"Hexaghost","ascension_level":7}