{"gold_per_floor":[114,132,132,307,323,354,429,429,452,473,473,5,41,60,60,60],"floor_reached":16,"playtime":791,"items_purged":["Defend_G"],"score":121,"play_id":"52add9bd-60fd-48af-afda-94a99be73219","local_time":"20190823142642","is_ascension_mode":true,"campfire_choices":[{"floor":11,"key":"REST"},{"floor":15,"key":"REST"}],"neow_cost":"NONE","seed_source_timestamp":698034425682100,"circlet_count":0,"master_deck":["Strike_G","Strike_G","Strike_G","Strike_G","Strike_G","Defend_G","Defend_G","Defend_G","Defend_G","Survivor","Neutralize","Crippling Poison","Heel Hook","Doubt","Tactician","PiercingWail","Parasite","Poisoned Stab","Concentrate","Acrobatics"],"relics":["Ring of the Snake","Golden Idol","Art of War","Orichalcum","Mercury Hourglass","Pen Nib","Blood Vial"],"potions_floor_usage":[16,16,16],"damage_taken":[{"damage":4,"enemies":"2 Louse","floor":1,"turns":4},{"damage":9,"enemies":"Small Slimes","floor":2,"turns":4},{"damage":4,"enemies":"Cultist","floor":5,"turns":5},{"damage":48,"enemies":"Gremlin Nob","floor":6,"turns":6},{"damage":4,"enemies":"Blue Slaver","floor":10,"turns":5},{"damage":19,"enemies":"3 Sentries","floor":13,"turns":6},{"damage":0,"enemies":"2 Fungi Beasts","floor":14,"turns":3},{"damage":48,"enemies":"The Guardian","floor":16,"turns":15}],"seed_played":"-6035906822555328697","potions_obtained":[{"floor":2,"key":"Explosive Potion"},{"floor":5,"key":"SkillPotion"},{"floor":13,"key":"Weak Potion"}],"is_trial":false,"path_per_floor":["M","M","?","?","M","E","?","?","T","M","R","$","E","M","R","B"],"character_chosen":"THE_SILENT","items_purchased":["Mercury Hourglass","Pen Nib"],"campfire_rested":2,"item_purchase_floors":[12,12],"current_hp_per_floor":[73,64,64,64,60,12,1,18,18,14,35,35,16,18,39,0],"gold":60,"neow_bonus":"TEN_PERCENT_HP_BONUS","is_prod":false,"is_daily":false,"chose_seed":false,"campfire_upgraded":0,"win_rate":0,"timestamp":1566563202,"path_taken":["M","M","?","?","M","E","?","?","T","M","R","$","E","M","R","BOSS"],"build_version":"2019-07-17","purchased_purges":1,"victory":false,"max_hp_per_floor":[77,77,71,71,71,71,71,71,71,71,71,71,71,71,71,71],"card_choices":[{"not_picked":["Quick Slash","Bane"],"picked":"Crippling Poison","floor":1},{"not_picked":["Prepared","Endless Agony"],"picked":"Heel Hook","floor":2},{"not_picked":["Blade Dance","Cloak And Dagger"],"picked":"Tactician","floor":5},{"not_picked":["Outmaneuver","Quick Slash"],"picked":"PiercingWail","floor":6},{"not_picked":["Slice","Backflip"],"picked":"Poisoned Stab","floor":10},{"not_picked":["All Out Attack","Tactician"],"picked":"Concentrate","floor":13},{"not_picked":["Dodge and Roll","Concentrate"],"picked":"Acrobatics","floor":14}],"player_experience":158127,"relics_obtained":[{"floor":6,"key":"Art of War"},{"floor":9,"key":"Orichalcum"},{"floor":13,"key":"Blood Vial"}],"event_choices":[{"damage_healed":0,"gold_gain":0,"player_choice":"Lose Max HP","damage_taken":0,"relics_obtained":["Golden Idol"],"max_hp_gain":0,"max_hp_loss":6,"event_name":"Golden Idol","floor":3,"gold_loss":0},{"damage_healed":0,"gold_gain":175,"player_choice":"AGREE","damage_taken":0,"max_hp_gain":0,"max_hp_loss":0,"event_name":"Liars Game","floor":4,"gold_loss":0,"cards_obtained":["Doubt"]},{"damage_healed":0,"gold_gain":75,"player_choice":"Gather Gold","damage_taken":11,"max_hp_gain":0,"max_hp_loss":0,"event_name":"World of Goop","floor":7,"gold_loss":0},{"damage_healed":17,"gold_gain":0,"player_choice":"Healed and dodged fight","damage_taken":0,"max_hp_gain":0,"max_hp_loss":0,"event_name":"Mushrooms","floor":8,"gold_loss":0,"cards_obtained":["Parasite"]}],"is_beta":false,"boss_relics":[],"items_purged_floors":[12],"is_endless":false,"potions_floor_spawned":[2,5,13,14],"killed_by":"The Guardian","ascension_level":2}