{"gold_per_floor":[114,114,129,144,144,144,144,144,219,219,249,264,279,294,294,394,394,409,424,124,139,139,169,169,184,184,184,184,184,199,214,214,214],"floor_reached":33,"playtime":2873,"items_purged":[],"score":544,"play_id":"3f53bb44-52ba-4648-8b4a-e51e38c46059","local_time":"20180630020232","daily_mods":["Insanity","Uncertain Future","Hoarder"],"is_ascension_mode":false,"campfire_choices":[{"data":"Bludgeon","floor":8.0,"key":"SMITH"},{"data":"Perfected Strike","floor":10.0,"key":"SMITH"},{"data":"Double Tap","floor":15.0,"key":"SMITH"},{"floor":24.0,"key":"REST"},{"floor":27,"key":"REST"},{"floor":32,"key":"REST"}],"neow_cost":"","seed_source_timestamp":0,"circlet_count":0,"master_deck":["Barricade","Heavy Blade","Seeing Red","Sword Boomerang","Double Tap+1","Shrug It Off","Power Through","Rampage","Ghostly Armor","Demon Form","Headbutt","Uppercut","Sever Soul","Warcry","Metallicize","Demon Form","Heavy Blade","Reckless Charge","Warcry","Intimidate","Bludgeon+1","Immolate","Uppercut","Ghostly Armor","Rampage","Dual Wield","Inflame","Flex","Havoc","Uppercut","Havoc","Berserk","Bash","Shrug It Off","Thunderclap","Armaments","Rage","Havoc","Iron Wave","Shockwave","Entrench","Inflame","Rage","Barricade+1","Reaper","Rampage","Cleave","Defend_R","Perfected Strike","Uppercut+1","Perfected Strike+1","Perfected Strike","Perfected Strike","Pommel Strike","Pommel Strike","Pommel Strike","Uppercut","Uppercut","Uppercut","Inflame","Inflame","Inflame","Carnage","Carnage","Carnage","Carnage","Carnage","Carnage","Feed","Feed","Feed","Pommel Strike+1","Pommel Strike+1","Pommel Strike+1","Flame Barrier+1","Flame Barrier+1","Flame Barrier+1","Heavy Blade","Heavy Blade","Heavy Blade","Exhume","Exhume","Exhume","Ghostly Armor+1","Ghostly Armor+1","Ghostly Armor+1","Armaments+1","Armaments+1","Armaments+1"],"special_seed":17711,"relics":["Burning Blood","Juzu Bracelet","Bottled Flame","Ice Cream","Lizard Tail","Thread and Needle","Dream Catcher","Peace Pipe","Singing Bowl"],"potions_floor_usage":[25],"damage_taken":[{"damage":0.0,"enemies":"Small Slimes","floor":1.0,"turns":1.0},{"damage":0.0,"enemies":"Jaw Worm","floor":3.0,"turns":2.0},{"damage":0.0,"enemies":"Cultist","floor":4.0,"turns":3.0},{"damage":7.0,"enemies":"Gremlin Nob","floor":11.0,"turns":3.0},{"damage":4.0,"enemies":"Gremlin Gang","floor":12.0,"turns":4.0},{"damage":9.0,"enemies":"Blue Slaver","floor":13.0,"turns":3.0},{"damage":1.0,"enemies":"Exordium Wildlife","floor":14.0,"turns":3.0},{"damage":45.0,"enemies":"Slime Boss","floor":16.0,"turns":10.0},{"damage":37.0,"enemies":"2 Thieves","floor":18.0,"turns":4.0},{"damage":16.0,"enemies":"Shell Parasite","floor":19.0,"turns":4.0},{"damage":27.0,"enemies":"Cultist and Chosen","floor":21.0,"turns":7.0},{"damage":54.0,"enemies":"Slavers","floor":23.0,"turns":6.0},{"damage":0,"enemies":"Snecko","floor":25,"turns":3},{"damage":45,"enemies":"Centurion and Healer","floor":30,"turns":6},{"damage":38,"enemies":"Sentry and Sphere","floor":31,"turns":8},{"damage":69,"enemies":"Automaton","floor":33,"turns":8}],"seed_played":"6162315489128863662","potions_obtained":[{"floor":1.0,"key":"PowerPotion"},{"floor":5.0,"key":"Weak Potion"},{"floor":5.0,"key":"Poison Potion"},{"floor":11.0,"key":"PowerPotion"},{"floor":12.0,"key":"Regen Potion"},{"floor":14.0,"key":"Dexterity Potion"},{"floor":19.0,"key":"Block Potion"},{"floor":21.0,"key":"LiquidBronze"},{"floor":23.0,"key":"SteroidPotion"},{"floor":31,"key":"FairyPotion"}],"is_trial":false,"path_per_floor":["M","?","M","M","?","T","$","R","T","R","E","M","M","M","R","B",null,"M","M","$","M","?","E","R","M","T","R","?","?","M","M","R"],"character_chosen":"IRONCLAD","items_purchased":["Thread and Needle"],"campfire_rested":3,"item_purchase_floors":[],"current_hp_per_floor":[80,64,70,76,76,76,76,76,76,76,75,77,74,79,79,40,80,56,49,49,31,14,20,48,54,54,82,82,82,48,18,50,0],"gold":214,"neow_bonus":"","is_prod":false,"is_daily":true,"chose_seed":false,"campfire_upgraded":3,"win_rate":0,"timestamp":1530295352,"path_taken":["M","?","M","M","?","?","$","R","T","R","E","M","M","M","R","BOSS","M","M","$","M","?","E","R","M","T","R","?","?","M","M","R","BOSS"],"build_version":"2018-06-28","purchased_purges":0,"victory":false,"max_hp_per_floor":[80,80,80,80,80,80,80,80,80,80,80,80,80,80,80,80,80,80,83,83,86,91,94,94,94,94,94,94,94,99,101,103,103],"card_choices":[{"not_picked":["Ghostly Armor","Warcry"],"picked":"Perfected Strike","floor":1.0},{"not_picked":["Headbutt","Warcry"],"picked":"Pommel Strike","floor":3.0},{"not_picked":["Feel No Pain","Headbutt","Anger"],"picked":"SKIP","floor":4.0},{"not_picked":["Pummel","Entrench"],"picked":"Uppercut","floor":11.0},{"not_picked":["Rampage","Flex"],"picked":"Inflame","floor":12.0},{"not_picked":["Sword Boomerang","Metallicize"],"picked":"Carnage","floor":13.0},{"not_picked":["Flame Barrier","True Grit"],"picked":"Carnage","floor":14.0},{"not_picked":["Brutality","Bludgeon"],"picked":"Feed","floor":16.0},{"not_picked":["Whirlwind","Warcry"],"picked":"Pommel Strike+1","floor":18.0},{"not_picked":["Clash","Iron Wave"],"picked":"Flame Barrier+1","floor":19.0},{"not_picked":["Body Slam","Wild Strike"],"picked":"Heavy Blade","floor":21.0},{"not_picked":["Headbutt","Blood for Blood"],"picked":"Exhume","floor":23.0},{"not_picked":["Heavy Blade","Anger"],"picked":"Ghostly Armor+1","floor":25},{"not_picked":["Perfected Strike","Sword Boomerang"],"picked":"Armaments+1","floor":27},{"not_picked":["Flame Barrier+1","Body Slam","Juggernaut"],"picked":"Singing Bowl","floor":30},{"not_picked":["Sword Boomerang+1","Anger","Armaments"],"picked":"Singing Bowl","floor":31},{"not_picked":["Entrench","Body Slam+1","Heavy Blade"],"picked":"Singing Bowl","floor":32}],"player_experience":578658,"relics_obtained":[{"floor":6.0,"key":"Juzu Bracelet"},{"floor":9.0,"key":"Bottled Flame"},{"floor":11.0,"key":"Ice Cream"},{"floor":23.0,"key":"Dream Catcher"},{"floor":26,"key":"Peace Pipe"}],"event_choices":[{"event_name":"Shining Light","player_choice":"Entered Light","floor":2.0,"damage_taken":0.0},{"event_name":"The Lab","player_choice":"Got Potions","floor":5.0,"damage_taken":0.0},{"event_name":"Forgotten Altar","player_choice":"Shed Blood","floor":22.0,"damage_taken":0.0},{"event_name":"Ghosts","player_choice":"Ignored","floor":28,"damage_taken":0},{"event_name":"The Mausoleum","player_choice":"Yes","floor":29,"damage_taken":0}],"boss_relics":[{"not_picked":["Runic Dome","Cursed Key"],"picked":"Lizard Tail"}],"items_purged_floors":[],"is_endless":false,"potions_floor_spawned":[1,11,12,14,19,21,23,31],"killed_by":"Automaton","ascension_level":0}