{"path_per_floor":["M","M","M","M","M","R","M","R","T","R","$","R","?","?","R","B",null,"M","$","M","?","M","R","M","R","T","M","R","E","?","$","R"],"character_chosen":"IRONCLAD","items_purchased":["Metallicize","Infernal Blade","Block Potion"],"gold_per_floor":[114,130,143,158,169,169,180,180,180,180,0,0,0,0,0,103,103,120,20,39,39,54,54,69,69,69,80,80,110,110,60,60],"floor_reached":33,"campfire_rested":2,"playtime":4102,"current_hp_per_floor":[80,80,77,69,75,75,35,35,35,35,35,35,35,35,59,38,80,74,74,76,76,62,62,54,54,54,40,40,25,9,9,33],"items_purged":["Strike_R","Defend_R"],"gold":60,"play_id":"69251927-857f-406b-9ada-789ed61d9475","is_prod":false,"is_daily":false,"is_ascension_mode":false,"campfire_upgraded":7,"path_taken":["M","M","M","M","M","R","M","R","T","R","$","R","?","?","R","BOSS","M","$","M","?","M","R","M","R","T","M","R","E","?","$","R","BOSS"],"build_version":"2018-02-01-PROD3","purchased_purges":2,"victory":false,"master_deck":["Strike_R","Strike_R","Strike_R","Strike_R","Defend_R","Defend_R","Defend_R","Bash+1","Offering+1","Seeing Red+1","Dual Wield+1","Rampage+1","Shrug It Off+1","Battle Trance","Metallicize+1","Infernal Blade+1","Exhume+1","Headbutt+1","Seeing Red+1","Infernal Blade+1","Dark Embrace","Necronomicurse","Cleave+1"],"max_hp_per_floor":[80,80,80,80,80,80,80,80,80,80,80,80,80,80,80,80,80,80,80,80,80,80,80,80,80,80,80,80,80,80,80,80],"relics":["Burning Blood","Matryoshka","White Beast Statue","Orichalcum","War Paint","Dream Catcher","Necronomicon"],"card_choices":[{"not_picked":["Wild Strike","Perfected Strike"],"picked":"Seeing Red"},{"not_picked":["Armaments","Headbutt"],"picked":"Dual Wield"},{"not_picked":["Uppercut","Cleave"],"picked":"Rampage"},{"not_picked":["Havoc","Reckless Charge"],"picked":"Shrug It Off"},{"not_picked":["Fiend Fire","Clothesline"],"picked":"Battle Trance"},{"not_picked":["Offering","Feed"],"picked":"Exhume"},{"not_picked":["Shockwave","Thunderclap"],"picked":"Headbutt"},{"not_picked":["Battle Trance","Sever Soul"],"picked":"Seeing Red"},{"not_picked":["Shrug It Off","Body Slam"],"picked":"Infernal Blade"},{"not_picked":["Reckless Charge","Clothesline"],"picked":"Dark Embrace"},{"not_picked":["Anger","Searing Blow"],"picked":"Cleave"}],"player_experience":167614,"potions_floor_usage":[5,7,16,16,16,20,27,29,29,29,33,33],"damage_taken":[{"damage":5,"enemies":"Jaw Worm","floor":1,"turns":4},{"damage":1,"enemies":"2 Louse","floor":2,"turns":3},{"damage":9,"enemies":"Small Slimes","floor":3,"turns":3},{"damage":14,"enemies":"Looter","floor":4,"turns":3},{"damage":0,"enemies":"Gremlin Gang","floor":5,"turns":3},{"damage":46,"enemies":"Exordium Thugs","floor":7,"turns":7},{"damage":27,"enemies":"The Guardian","floor":16,"turns":9},{"damage":12,"enemies":"3 Byrds","floor":18,"turns":6},{"damage":4,"enemies":"Chosen","floor":20,"turns":5},{"damage":20,"enemies":"Centurion and Healer","floor":22,"turns":6},{"damage":14,"enemies":"Cultist and Chosen","floor":24,"turns":6},{"damage":20,"enemies":"Sentry and Sphere","floor":27,"turns":6},{"damage":27,"enemies":"Book of Stabbing","floor":29,"turns":4},{"damage":41,"enemies":"Collector","floor":33,"turns":5}],"event_choices":[{"event_name":"The Cleric","player_choice":"Leave","floor":13,"damage_taken":0},{"event_name":"The Lab","player_choice":"Got Potions","floor":14,"damage_taken":0},{"event_name":"Addict","player_choice":"Ignored","floor":21,"damage_taken":0},{"event_name":"Cursed Tome","player_choice":"Obtained Book","floor":30,"damage_taken":0}],"boss_relics":[{"not_picked":["Runic Cube","Calling Bell"],"picked":"White Beast Statue"}],"potions_floor_spawned":[3,4,7,18,20,22,24,27,29],"seed_played":"3509486661409399136","killed_by":"Collector","ascension_level":0,"is_trial":false}