{"gold_per_floor":[114,129,140,157,107,133,65,99,99,99,114,84,118,83,83,179,179,193,181,98,117,117,117,135,135,135,135,148,73,73,85,85,85],"floor_reached":33,"playtime":18015,"items_purged":[],"score":269,"play_id":"7c58b86c-a95a-4529-81eb-8a43bbd9b837","local_time":"20190728152206","is_ascension_mode":false,"campfire_choices":[{"floor":10.0,"key":"REST"},{"floor":15.0,"key":"REST"},{"data":"Wraith Form v2","floor":23.0,"key":"SMITH"},{"floor":25.0,"key":"RECALL"},{"floor":27.0,"key":"REST"},{"data":"Wraith Form v2","floor":30.0,"key":"SMITH"},{"floor":32.0,"key":"REST"}],"neow_cost":"NONE","seed_source_timestamp":3842176897113535,"circlet_count":0,"master_deck":["Strike_G","Strike_G","Strike_G","Strike_G","Defend_G","Defend_G","Defend_G","Defend_G","Defend_G","Survivor","Neutralize","Deflect","Backflip","Dagger Spray","Wraith Form v2+1","Caltrops","Dash","Outmaneuver","Caltrops","Wraith Form v2+1","Bouncing Flask","Adrenaline","Tactician","Blur","Concentrate+1","Mind Blast","After Image","All Out Attack+1"],"special_seed":0,"relics":["Ring of the Snake","Bronze Scales","MawBank","Omamori","Ornamental Fan","Tough Bandages","Runic Pyramid"],"potions_floor_usage":[],"damage_taken":[{"damage":6.0,"enemies":"Jaw Worm","floor":1.0,"turns":4.0},{"damage":1.0,"enemies":"Cultist","floor":2.0,"turns":3.0},{"damage":0.0,"enemies":"Small Slimes","floor":3.0,"turns":3.0},{"damage":0.0,"enemies":"Blue Slaver","floor":4.0,"turns":4.0},{"damage":32.0,"enemies":"Gremlin Nob","floor":6.0,"turns":5.0},{"damage":29.0,"enemies":"Lagavulin","floor":8.0,"turns":13.0},{"damage":13.0,"enemies":"Large Slime","floor":11.0,"turns":8.0},{"damage":1.0,"enemies":"Looter","floor":12.0,"turns":4.0},{"damage":7.0,"enemies":"Gremlin Nob","floor":13.0,"turns":6.0},{"damage":2.0,"enemies":"Exordium Thugs","floor":14.0,"turns":5.0},{"damage":34.0,"enemies":"Slime Boss","floor":16.0,"turns":17.0},{"damage":3.0,"enemies":"Spheric Guardian","floor":18.0,"turns":7.0},{"damage":15.0,"enemies":"2 Thieves","floor":19.0,"turns":4.0},{"damage":0.0,"enemies":"Snake Plant","floor":21.0,"turns":3.0},{"damage":2.0,"enemies":"Snecko","floor":24.0,"turns":7.0},{"damage":7.0,"enemies":"Centurion and Healer","floor":28.0,"turns":9.0},{"damage":12.0,"enemies":"Chosen and Byrds","floor":31.0,"turns":7.0},{"damage":77,"enemies":"Collector","floor":33,"turns":17}],"seed_played":"-3290012477717622041","potions_obtained":[{"floor":1.0,"key":"Dexterity Potion"},{"floor":4.0,"key":"Regen Potion"},{"floor":8.0,"key":"Block Potion"},{"floor":13.0,"key":"Block Potion"},{"floor":14.0,"key":"GamblersBrew"},{"floor":18.0,"key":"Weak Potion"}],"is_trial":false,"path_per_floor":["M","M","M","M","?","E","$","E","T","R","M","M","E","M","R","B",null,"M","M","$","M","?","R","M","R","T","R","M","$","R","M","R","B"],"character_chosen":"THE_SILENT","items_purchased":["Caltrops","Blur","Block Potion","GamblersBrew"],"campfire_rested":4,"item_purchase_floors":[7,20,20,29],"current_hp_per_floor":[64,63,63,63,63,31,31,2,2,23,10,9,2,15,36,2,70,67,52,52,52,52,52,50,50,50,70,63,63,63,51,70,0],"gold":85,"neow_bonus":"RANDOM_COMMON_RELIC","is_prod":false,"is_daily":false,"chose_seed":false,"campfire_upgraded":2,"win_rate":0,"timestamp":1564341726,"path_taken":["M","M","M","M","?","E","$","E","T","R","M","M","E","M","R","BOSS","M","M","$","M","?","R","M","R","T","R","?","$","R","M","R","BOSS"],"build_version":"2019-07-17","purchased_purges":0,"victory":false,"max_hp_per_floor":[70,70,70,70,70,70,70,70,70,70,70,70,70,70,70,70,70,70,70,70,70,70,70,70,70,70,70,70,70,70,70,70,70],"card_choices":[{"not_picked":["Choke","Prepared"],"picked":"Deflect","floor":1.0},{"not_picked":["Cloak And Dagger","Distraction","Setup"],"picked":"SKIP","floor":2.0},{"not_picked":["Sucker Punch","Masterful Stab"],"picked":"Backflip","floor":3.0},{"not_picked":["Endless Agony","Bane"],"picked":"Dagger Spray","floor":4.0},{"not_picked":["Heel Hook","Deflect"],"picked":"Wraith Form v2","floor":6.0},{"not_picked":["PiercingWail","Sucker Punch"],"picked":"Dash","floor":8.0},{"not_picked":["Dagger Throw","Backflip"],"picked":"Outmaneuver","floor":11.0},{"not_picked":["Blade Dance","Concentrate"],"picked":"Caltrops","floor":12.0},{"not_picked":["Backflip","Bane"],"picked":"Wraith Form v2","floor":13.0},{"not_picked":["Bane","Backflip"],"picked":"Bouncing Flask","floor":14.0},{"not_picked":["Night Terror","Burst"],"picked":"Adrenaline","floor":16.0},{"not_picked":["Distraction+1","Dagger Spray"],"picked":"Tactician","floor":18.0},{"not_picked":["Terror","All Out Attack+1","Leg Sweep"],"picked":"SKIP","floor":19.0},{"not_picked":["Reflex","Blade Dance"],"picked":"Concentrate+1","floor":21.0},{"not_picked":["Poisoned Stab","Dagger Spray","Bane"],"picked":"SKIP","floor":24.0},{"not_picked":["PiercingWail","Bane"],"picked":"After Image","floor":28.0},{"not_picked":["Dodge and Roll","Outmaneuver+1"],"picked":"All Out Attack+1","floor":31.0}],"player_experience":475709,"relics_obtained":[{"floor":6.0,"key":"MawBank"},{"floor":8.0,"key":"Omamori"},{"floor":9.0,"key":"Ornamental Fan"},{"floor":13.0,"key":"Tough Bandages"}],"event_choices":[{"cards_removed":["Strike_G"],"damage_healed":0.0,"max_hp_gain":0.0,"max_hp_loss":0.0,"gold_gain":0.0,"event_name":"The Cleric","player_choice":"Card Removal","floor":5.0,"gold_loss":50.0,"damage_taken":0.0},{"damage_healed":0.0,"max_hp_gain":0.0,"max_hp_loss":0.0,"gold_gain":0.0,"event_name":"Match and Keep!","player_choice":"1 cards matched","floor":22.0,"gold_loss":0.0,"damage_taken":0.0,"cards_obtained":["Mind Blast"]},{"damage_healed":0.0,"max_hp_gain":0.0,"max_hp_loss":0.0,"gold_gain":0.0,"event_name":"Match and Keep!","player_choice":"1 cards matched","floor":22.0,"gold_loss":0.0,"damage_taken":0.0,"cards_obtained":["Mind Blast"]}],"is_beta":false,"boss_relics":[{"not_picked":["Snecko Eye","Tiny House"],"picked":"Runic Pyramid"}],"items_purged_floors":[],"is_endless":false,"potions_floor_spawned":[1,4,8,13,14,18],"killed_by":"Collector","ascension_level":0}