{"gold_per_floor":[117,117,117,129,148,182,192,223,274,290,308,328,24,54,54,157,157,82,32,32,32,32,32,32,32,32,32,32,32,32,32,32,32],"floor_reached":33,"playtime":4058,"items_purged":["Strike_G","Strike_G"],"score":597,"play_id":"c615c38d-17e3-440e-b0b3-16534390b856","local_time":"20181007001601","is_ascension_mode":true,"campfire_choices":[{"data":"Footwork","floor":15.0,"key":"SMITH"},{"data":"Caltrops","floor":30.0,"key":"SMITH"},{"floor":32.0,"key":"REST"}],"neow_cost":"NONE","seed_source_timestamp":0,"circlet_count":0,"master_deck":["Defend_G","Defend_G","Defend_G+1","Defend_G+1","Defend_G","Strike_G","Strike_G","Strike_G","Survivor","Neutralize","AscendersBane","Caltrops+1","Dagger Spray","Backflip","Footwork+1","Slice","Predator","All Out Attack","Footwork","Crippling Poison","Glass Knife","Escape Plan","Cloak And Dagger","Poisoned Stab","All Out Attack+1","Quick Slash+1","PiercingWail","Phantasmal Killer","Bullet Time"],"special_seed":0,"relics":["Ring of the Snake","Art of War","Matryoshka","Bottled Tornado","Strawberry","Smiling Mask","PreservedInsect","Pantograph","Ectoplasm","Darkstone Periapt","War Paint","Boot","Question Card","Bag of Marbles","MawBank"],"potions_floor_usage":[33],"damage_taken":[{"damage":0.0,"enemies":"2 Louse","floor":1.0,"turns":3.0},{"damage":1.0,"enemies":"Jaw Worm","floor":4.0,"turns":6.0},{"damage":1.0,"enemies":"Cultist","floor":5.0,"turns":4.0},{"damage":22.0,"enemies":"3 Sentries","floor":6.0,"turns":10.0},{"damage":1.0,"enemies":"Looter","floor":7.0,"turns":5.0},{"damage":14.0,"enemies":"Lagavulin","floor":8.0,"turns":13.0},{"damage":7.0,"enemies":"Lots of Slimes","floor":10.0,"turns":3.0},{"damage":9.0,"enemies":"Gremlin Gang","floor":11.0,"turns":5.0},{"damage":0.0,"enemies":"Red Slaver","floor":12.0,"turns":5.0},{"damage":0.0,"enemies":"3 Sentries","floor":14.0,"turns":4.0},{"damage":22.0,"enemies":"Hexaghost","floor":16.0,"turns":16.0},{"damage":22.0,"enemies":"2 Thieves","floor":18.0,"turns":5.0},{"damage":0.0,"enemies":"Chosen","floor":20.0,"turns":6.0},{"damage":3.0,"enemies":"3 Cultists","floor":21.0,"turns":6.0},{"damage":9.0,"enemies":"Slavers","floor":23.0,"turns":7.0},{"damage":2.0,"enemies":"Cultist and Chosen","floor":24.0,"turns":6.0},{"damage":0.0,"enemies":"Gremlin Leader","floor":25.0,"turns":5.0},{"damage":0.0,"enemies":"Sentry and Sphere","floor":28.0,"turns":4.0},{"damage":3.0,"enemies":"Centurion and Healer","floor":29.0,"turns":4.0},{"damage":5.0,"enemies":"Book of Stabbing","floor":31.0,"turns":5.0},{"damage":99,"enemies":"Champ","floor":33,"turns":11}],"seed_played":"4100552688912030165","potions_obtained":[{"floor":3.0,"key":"SpeedPotion"},{"floor":3.0,"key":"Fruit Juice"},{"floor":3.0,"key":"AttackPotion"},{"floor":4.0,"key":"Weak Potion"},{"floor":6.0,"key":"Weak Potion"},{"floor":10.0,"key":"GhostInAJar"},{"floor":11.0,"key":"GhostInAJar"},{"floor":16.0,"key":"Fire Potion"},{"floor":24.0,"key":"SmokeBomb"},{"floor":28.0,"key":"Weak Potion"},{"floor":31.0,"key":"FearPotion"}],"is_trial":false,"path_per_floor":["M","?","?","M","M","E","M","E","T","M","M","M","$","E","R","B",null,"M","$","M","M","?","E","M","E","T","T","M","M","R","E","R"],"character_chosen":"THE_SILENT","items_purchased":["PreservedInsect","Dexterity Potion","Fire Potion"],"campfire_rested":1,"item_purchase_floors":[13,13,13],"current_hp_per_floor":[63,68,68,72,71,49,48,34,41,34,25,25,25,25,25,28,72,50,50,50,47,47,38,36,36,36,36,36,33,33,28,54,0],"gold":32,"neow_bonus":"RANDOM_COMMON_RELIC","is_prod":false,"is_daily":false,"chose_seed":false,"campfire_upgraded":2,"win_rate":1,"timestamp":1538864161,"path_taken":["M","?","?","M","M","E","M","E","T","?","M","M","$","E","R","BOSS","M","?","M","M","?","E","M","E","T","?","M","?","R","E","R","BOSS"],"build_version":"2018-10-04v2","purchased_purges":2,"victory":false,"max_hp_per_floor":[70,75,75,80,80,80,80,80,87,87,87,87,87,87,87,87,87,87,87,87,87,87,87,87,87,87,87,87,87,87,87,87,87],"card_choices":[{"not_picked":["Dagger Spray","Endless Agony"],"picked":"Caltrops","floor":1.0},{"not_picked":["Blade Dance","Underhanded Strike"],"picked":"Dagger Spray","floor":4.0},{"not_picked":["Reflex","Concentrate"],"picked":"Backflip","floor":5.0},{"not_picked":["Setup","Sucker Punch"],"picked":"Footwork","floor":6.0},{"not_picked":["Calculated Gamble","Underhanded Strike","Deflect"],"picked":"SKIP","floor":7.0},{"not_picked":["Blade Dance","Dagger Spray"],"picked":"Slice","floor":8.0},{"not_picked":["Tactician","Corpse Explosion"],"picked":"Predator","floor":10.0},{"not_picked":["Acrobatics","Bane"],"picked":"All Out Attack","floor":11.0},{"not_picked":["Flechettes","Deadly Poison"],"picked":"Footwork","floor":12.0},{"not_picked":["Catalyst","Prepared"],"picked":"Crippling Poison","floor":14.0},{"not_picked":["Phantasmal Killer","Burst"],"picked":"Glass Knife","floor":16.0},{"not_picked":["Underhanded Strike","Concentrate"],"picked":"Escape Plan","floor":18.0},{"not_picked":["Setup","Acrobatics"],"picked":"Cloak And Dagger","floor":20.0},{"not_picked":["Slice","Setup+1"],"picked":"Poisoned Stab","floor":21.0},{"not_picked":["Acrobatics","Cloak And Dagger"],"picked":"All Out Attack+1","floor":23.0},{"not_picked":["Dagger Throw+1","PiercingWail"],"picked":"Quick Slash+1","floor":24.0},{"not_picked":["Dodge and Roll","Dash"],"picked":"PiercingWail","floor":25.0},{"not_picked":["Infinite Blades","Expertise","Dagger Throw"],"picked":"Phantasmal Killer","floor":28.0},{"not_picked":["Backflip+1","Dagger Spray","Dagger Throw"],"picked":"Bullet Time","floor":31.0}],"player_experience":204792,"relics_obtained":[{"floor":6.0,"key":"Matryoshka"},{"floor":8.0,"key":"Bottled Tornado"},{"floor":9.0,"key":"Strawberry"},{"floor":9.0,"key":"Smiling Mask"},{"floor":14.0,"key":"Pantograph"},{"floor":23.0,"key":"Darkstone Periapt"},{"floor":25.0,"key":"War Paint"},{"floor":26.0,"key":"Boot"},{"floor":26.0,"key":"Question Card"},{"floor":27.0,"key":"Bag of Marbles"},{"floor":31.0,"key":"MawBank"}],"event_choices":[{"event_name":"Big Fish","player_choice":"Donut","floor":2.0,"damage_taken":0.0},{"event_name":"The Lab","player_choice":"Got Potions","floor":3.0,"damage_taken":0.0}],"is_beta":false,"boss_relics":[{"not_picked":["White Beast Statue","Eternal Feather"],"picked":"Ectoplasm"}],"items_purged_floors":[13,19],"is_endless":false,"potions_floor_spawned":[4,6,10,11,16,21,24,28,31],"killed_by":"Champ","ascension_level":10}