{"gold_per_floor":[113,113,38,52,62,62,82,103,103,114,114,128,128,142,142,246,246,259,259,279,279,32,32,95,113,164,177,195,195],"floor_reached":29,"playtime":1430,"items_purged":["Regret"],"score":276,"play_id":"0408838f-cf21-4483-98fd-9c1c75282b99","local_time":"20180802224458","is_ascension_mode":true,"campfire_choices":[{"data":"Whirlwind","floor":6,"key":"SMITH"},{"floor":13,"key":"REST"},{"data":"Cleave","floor":15,"key":"SMITH"},{"data":"Dual Wield","floor":23,"key":"SMITH"}],"neow_cost":"NONE","seed_source_timestamp":703877084741523,"circlet_count":0,"master_deck":["Defend_R","Defend_R","Defend_R","Defend_R","Bash","Cleave+1","Spot Weakness","Whirlwind+1","Uppercut","Dual Wield+1","Clash","Anger","Bludgeon","Bite","Bite","Bite","Bite","Bite","Anger","Clash","Battle Trance","Demon Form+1","Heavy Blade","Headbutt+1"],"relics":["Burning Blood","Frozen Egg 2","Odd Mushroom","Mummified Hand","Mark of Pain","Enchiridion","Lee\u0027s Waffle","Tiny Chest","Anchor"],"potions_floor_usage":[12],"damage_taken":[{"damage":6,"enemies":"Jaw Worm","floor":1,"turns":5},{"damage":5,"enemies":"Small Slimes","floor":4,"turns":3},{"damage":6,"enemies":"2 Louse","floor":5,"turns":2},{"damage":6,"enemies":"2 Fungi Beasts","floor":7,"turns":2},{"damage":18,"floor":8,"turns":2},{"damage":17,"enemies":"Looter","floor":10,"turns":3},{"damage":9,"enemies":"Red Slaver","floor":12,"turns":4},{"damage":2,"enemies":"2 Fungi Beasts","floor":14,"turns":4},{"damage":19,"enemies":"Slime Boss","floor":16,"turns":8},{"damage":5,"enemies":"Chosen","floor":18,"turns":4},{"damage":20,"enemies":"2 Thieves","floor":20,"turns":2},{"damage":40,"enemies":"Gremlin Leader","floor":24,"turns":7},{"damage":29,"enemies":"Centurion and Healer","floor":25,"turns":5},{"damage":11,"enemies":"3 Cultists","floor":27,"turns":4},{"damage":22,"enemies":"Snake Plant","floor":28,"turns":4},{"damage":44,"enemies":"Slavers","floor":29,"turns":3}],"seed_played":"-8915978028814106299","potions_obtained":[{"floor":5,"key":"Block Potion"},{"floor":7,"key":"Energy Potion"},{"floor":8,"key":"Dexterity Potion"},{"floor":12,"key":"FearPotion"}],"is_trial":false,"path_per_floor":["M","?","$","M","M","R","M","?","T","M","?","M","R","M","R","B",null,"M","?","M","?","$","R","E","M","T","M","M"],"character_chosen":"IRONCLAD","items_purchased":["Clash","Lee\u0027s Waffle"],"campfire_rested":1,"item_purchase_floors":[22,22],"current_hp_per_floor":[80,80,80,80,80,80,80,68,68,59,59,58,80,80,80,67,80,80,80,70,54,87,87,59,46,46,45,39,0],"gold":195,"neow_bonus":"RANDOM_COMMON_RELIC","is_prod":false,"is_daily":false,"chose_seed":false,"campfire_upgraded":3,"win_rate":0,"timestamp":1533264298,"path_taken":["M","?","$","M","M","R","M","?","T","M","?","?","R","M","R","BOSS","M","?","M","?","$","R","E","M","T","M","M","E"],"build_version":"2018-08-02","purchased_purges":1,"victory":false,"max_hp_per_floor":[80,80,80,80,80,80,80,80,80,80,80,80,80,80,80,80,80,80,80,80,80,87,87,87,87,87,87,87,87],"card_choices":[{"not_picked":["Wild Strike","Heavy Blade"],"picked":"Cleave","floor":1},{"not_picked":["Reckless Charge","Seeing Red"],"picked":"Spot Weakness","floor":4},{"not_picked":["Corruption+1","Body Slam"],"picked":"Whirlwind","floor":5},{"not_picked":["Feel No Pain+1","Sever Soul"],"picked":"Uppercut","floor":7},{"not_picked":["Pommel Strike","Metallicize+1"],"picked":"Dual Wield","floor":8},{"not_picked":["Infernal Blade","Clothesline"],"picked":"Clash","floor":10},{"not_picked":["Havoc","Sentinel","Perfected Strike"],"picked":"SKIP","floor":12},{"not_picked":["Wild Strike","Iron Wave"],"picked":"Anger","floor":14},{"not_picked":["Dark Embrace+1","Fiend Fire"],"picked":"Bludgeon","floor":16},{"not_picked":["Havoc","True Grit","Armaments"],"picked":"SKIP","floor":18},{"not_picked":["Perfected Strike","Feel No Pain+1"],"picked":"Anger","floor":20},{"not_picked":["Thunderclap","Rupture+1"],"picked":"Battle Trance","floor":24},{"not_picked":["Flex+1","Whirlwind"],"picked":"Demon Form+1","floor":25},{"not_picked":["Warcry+1","Intimidate"],"picked":"Heavy Blade","floor":27},{"not_picked":["Anger","Infernal Blade"],"picked":"Headbutt+1","floor":28}],"player_experience":98307,"relics_obtained":[{"floor":8,"key":"Odd Mushroom"},{"floor":9,"key":"Mummified Hand"},{"floor":21,"key":"Enchiridion"},{"floor":24,"key":"Tiny Chest"},{"floor":26,"key":"Anchor"}],"event_choices":[{"event_name":"Big Fish","player_choice":"Box","floor":2,"damage_taken":0},{"event_name":"Mushrooms","player_choice":"Fought Mushrooms","floor":8,"damage_taken":0},{"event_name":"Liars Game","player_choice":"disagreed","floor":11,"damage_taken":0},{"event_name":"Vampires","player_choice":"Became a vampire (Vial)","floor":19,"damage_taken":0},{"event_name":"Cursed Tome","player_choice":"Obtained Book","floor":21,"damage_taken":0}],"is_beta":false,"boss_relics":[{"not_picked":["Tiny House","Coffee Dripper"],"picked":"Mark of Pain"}],"items_purged_floors":[3],"is_endless":false,"potions_floor_spawned":[5,7,8,12,14,16,18,24,27],"killed_by":"Slavers","ascension_level":1}