{"gold_per_floor":[114,114,64,139,150,181,181,209,209,384,384,410,410,441,441,541,541,561,486,486,75,75,75,86,111,111,111],"floor_reached":27,"playtime":1291,"items_purged":["Parasite"],"score":306,"play_id":"7a91fb58-9f8b-4216-8998-f942366b8d54","local_time":"20190822190025","is_ascension_mode":true,"campfire_choices":[{"data":"Bash","floor":7,"key":"SMITH"},{"floor":13,"key":"REST"},{"floor":15,"key":"REST"},{"data":"Armaments","floor":23,"key":"SMITH"}],"neow_cost":"NONE","seed_source_timestamp":627557723847600,"circlet_count":0,"master_deck":["Strike_R","Strike_R","Strike_R","Defend_R+1","Defend_R","Defend_R+1","Defend_R","Bash+1","Wild Strike","Rupture","Berserk+1","Reckless Charge","Cleave","Thunderclap","Offering","Armaments+1","Ghostly Armor+1","Dual Wield","Power Through","Pommel Strike","Barricade"],"relics":["Burning Blood","NeowsBlessing","Art of War","Omamori","Gremlin Horn","Juzu Bracelet","War Paint","Calling Bell","Potion Belt","Kunai","Prayer Wheel","Pen Nib","Happy Flower","Anchor","Mummified Hand"],"potions_floor_usage":[8,18,25,25],"damage_taken":[{"damage":0,"enemies":"Jaw Worm","floor":1,"turns":1},{"damage":0,"enemies":"2 Louse","floor":5,"turns":1},{"damage":0,"enemies":"3 Sentries","floor":6,"turns":1},{"damage":28,"enemies":"Gremlin Nob","floor":8,"turns":4},{"damage":46,"enemies":"3 Sentries","floor":12,"turns":10},{"damage":24,"enemies":"Gremlin Nob","floor":14,"turns":4},{"damage":38,"enemies":"Slime Boss","floor":16,"turns":10},{"damage":27,"enemies":"Spheric Guardian","floor":18,"turns":5},{"damage":17,"enemies":"Chosen","floor":24,"turns":5},{"damage":46,"enemies":"Gremlin Leader","floor":25,"turns":6},{"damage":14,"enemies":"Colosseum Slavers","floor":27,"turns":2}],"seed_played":"6141911264005872036","potions_obtained":[{"floor":1,"key":"SkillPotion"},{"floor":5,"key":"Poison Potion"},{"floor":12,"key":"Dexterity Potion"},{"floor":16,"key":"LiquidBronze"}],"is_trial":false,"path_per_floor":["M","?","?","?","M","E","R","E","T","?","?","E","R","E","R","B",null,"M","?","?","$","?","R","M","E","T","?"],"character_chosen":"IRONCLAD","items_purchased":["Dual Wield","Pen Nib","Happy Flower"],"campfire_rested":2,"item_purchase_floors":[21,21,21],"current_hp_per_floor":[80,85,85,74,80,85,85,63,63,63,63,23,48,30,55,23,85,64,64,64,64,64,64,53,13,13,0],"gold":111,"neow_bonus":"THREE_ENEMY_KILL","is_prod":false,"is_daily":false,"chose_seed":false,"campfire_upgraded":2,"win_rate":0,"timestamp":1566493225,"path_taken":["M","?","?","?","?","E","R","E","T","?","?","E","R","E","R","BOSS","M","?","?","$","?","R","M","E","T","?"],"build_version":"2019-07-17","purchased_purges":1,"victory":false,"max_hp_per_floor":[80,85,85,85,85,85,85,85,85,85,85,85,85,85,85,85,85,85,85,85,82,82,82,82,82,82,82],"card_choices":[{"not_picked":["Uppercut","Flex"],"picked":"Wild Strike","floor":1},{"not_picked":["Pummel","Havoc"],"picked":"Rupture","floor":5},{"not_picked":["Pommel Strike","Thunderclap"],"picked":"Berserk","floor":6},{"not_picked":["Infernal Blade","Havoc"],"picked":"Reckless Charge","floor":8},{"not_picked":["Clash","Flex"],"picked":"Cleave","floor":12},{"not_picked":["Perfected Strike","Reckless Charge"],"picked":"Thunderclap","floor":14},{"not_picked":["Demon Form","Double Tap"],"picked":"Offering","floor":16},{"not_picked":["Flex+1","Clash+1"],"picked":"Armaments","floor":18},{"not_picked":["Sever Soul","Clash+1"],"picked":"Ghostly Armor+1","floor":18},{"not_picked":["Twin Strike","Headbutt"],"picked":"Power Through","floor":24},{"not_picked":["Iron Wave","Searing Blow"],"picked":"Pommel Strike","floor":24},{"not_picked":["True Grit","Clash"],"picked":"Barricade","floor":25}],"player_experience":137477,"relics_obtained":[{"floor":6,"key":"Art of War"},{"floor":8,"key":"Omamori"},{"floor":9,"key":"Gremlin Horn"},{"floor":12,"key":"Juzu Bracelet"},{"floor":14,"key":"War Paint"},{"floor":17,"key":"Potion Belt"},{"floor":17,"key":"Kunai"},{"floor":17,"key":"Prayer Wheel"},{"floor":25,"key":"Anchor"},{"floor":26,"key":"Mummified Hand"}],"event_choices":[{"damage_healed":0,"gold_gain":0,"player_choice":"Donut","damage_taken":0,"max_hp_gain":5,"max_hp_loss":0,"event_name":"Big Fish","floor":2,"gold_loss":0},{"cards_removed":["Strike_R"],"damage_healed":0,"gold_gain":0,"player_choice":"Card Removal","damage_taken":0,"max_hp_gain":0,"max_hp_loss":0,"event_name":"The Cleric","floor":3,"gold_loss":50},{"damage_healed":0,"gold_gain":75,"player_choice":"Gather Gold","damage_taken":11,"max_hp_gain":0,"max_hp_loss":0,"event_name":"World of Goop","floor":4,"gold_loss":0},{"damage_healed":0,"gold_gain":175,"player_choice":"AGREE","damage_taken":0,"max_hp_gain":0,"max_hp_loss":0,"event_name":"Liars Game","floor":10,"gold_loss":0,"cards_obtained":["Doubt"]},{"damage_healed":0,"gold_gain":0,"player_choice":"Upgraded","damage_taken":0,"max_hp_gain":0,"max_hp_loss":0,"event_name":"Upgrade Shrine","floor":11,"gold_loss":0,"cards_upgraded":["Berserk"]},{"cards_removed":["Strike_R"],"damage_healed":0,"gold_gain":0,"player_choice":"Gave Gold","damage_taken":0,"max_hp_gain":0,"max_hp_loss":0,"event_name":"Beggar","floor":19,"gold_loss":75},{"cards_removed":["Injury"],"damage_healed":0,"gold_gain":0,"player_choice":"Elegance","damage_taken":0,"max_hp_gain":0,"max_hp_loss":0,"event_name":"Back to Basics","floor":20,"gold_loss":0},{"damage_healed":0,"gold_gain":0,"player_choice":"Fight","damage_taken":0,"max_hp_gain":0,"max_hp_loss":0,"event_name":"Colosseum","floor":27,"gold_loss":0}],"is_beta":false,"boss_relics":[{"not_picked":["Eternal Feather","Pandora\u0027s Box"],"picked":"Calling Bell"}],"items_purged_floors":[21],"is_endless":false,"potions_floor_spawned":[1,5,12,16],"killed_by":"Colosseum Slavers","ascension_level":2}