{"gold_per_floor":[128,151,183,210,233,245,271,283,319,331,358,0,29,29,29,130,130,144,144,164,164,181,181,181],"floor_reached":24,"playtime":943,"items_purged":[],"score":225,"play_id":"90362739-13d3-4d5b-b441-6ee476c78956","local_time":"20180728152645","is_ascension_mode":false,"campfire_choices":[{"data":"Bane","floor":6,"key":"SMITH"},{"floor":8,"key":"REST"},{"data":"Dagger Spray","floor":10,"key":"SMITH"},{"floor":15,"key":"REST"},{"floor":23,"key":"REST"}],"neow_cost":"NONE","seed_source_timestamp":246072936893517,"circlet_count":0,"master_deck":["Defend_G","Defend_G","Defend_G","Defend_G","Defend_G","Strike_G","Strike_G","Strike_G","Strike_G","Strike_G","Survivor","Neutralize","Dagger Spray+1","Poisoned Stab","Dagger Throw","Backstab","Slice","Dagger Spray","Dagger Spray","Accuracy","Cloak And Dagger","Master of Strategy","Dagger Spray","Die Die Die","Acrobatics+1","All Out Attack","Leg Sweep"],"relics":["Ring of the Snake","MawBank","Centennial Puzzle","Mummified Hand","Lantern","Busted Crown"],"potions_floor_usage":[16,16,16,20],"damage_taken":[{"damage":6,"enemies":"Jaw Worm","floor":1,"turns":6},{"damage":0,"enemies":"Cultist","floor":2,"turns":5},{"damage":4,"enemies":"2 Louse","floor":3,"turns":2},{"damage":1,"enemies":"Red Slaver","floor":4,"turns":4},{"damage":4,"enemies":"Looter","floor":5,"turns":3},{"damage":7,"enemies":"Blue Slaver","floor":7,"turns":3},{"damage":2,"enemies":"Exordium Thugs","floor":11,"turns":3},{"damage":24,"enemies":"3 Sentries","floor":13,"turns":5},{"damage":66,"enemies":"Hexaghost","floor":16,"turns":10},{"damage":0,"enemies":"Chosen","floor":18,"turns":4},{"damage":16,"enemies":"Shell Parasite","floor":20,"turns":3},{"damage":35,"enemies":"Snake Plant","floor":22,"turns":6},{"damage":29,"enemies":"Gremlin Leader","floor":24,"turns":4}],"seed_played":"-5268385325099015363","potions_obtained":[{"floor":2,"key":"Fire Potion"},{"floor":3,"key":"Block Potion"},{"floor":4,"key":"Regen Potion"},{"floor":16,"key":"SneckoOil"},{"floor":18,"key":"Fire Potion"}],"is_trial":false,"path_per_floor":["M","M","M","M","M","R","M","R","T","R","M","$","E","?","R","B",null,"M","?","M","?","M","R"],"character_chosen":"THE_SILENT","items_purchased":["Dagger Spray","Accuracy","Cloak And Dagger","Master of Strategy"],"campfire_rested":3,"item_purchase_floors":[12,12,12,12],"current_hp_per_floor":[64,64,60,59,55,55,48,69,69,69,67,67,43,43,64,13,70,70,70,54,41,6,28,0],"gold":181,"neow_bonus":"RANDOM_COMMON_RELIC","is_prod":false,"is_daily":false,"chose_seed":false,"campfire_upgraded":2,"win_rate":0.0,"timestamp":1532806005,"path_taken":["M","M","M","M","M","R","M","R","T","R","M","$","E","?","R","BOSS","M","?","M","?","?","R","E"],"build_version":"2018-07-26","purchased_purges":0,"victory":false,"max_hp_per_floor":[70,70,70,70,70,70,70,70,70,70,70,70,70,70,70,70,70,70,70,70,75,75,75,75],"card_choices":[{"not_picked":["Underhanded Strike","Outmaneuver"],"picked":"Dagger Spray","floor":1},{"not_picked":["All Out Attack","Outmaneuver"],"picked":"Poisoned Stab","floor":2},{"not_picked":["Slice","Expertise"],"picked":"Dagger Throw","floor":3},{"not_picked":["Deflect","Deadly Poison"],"picked":"Bane","floor":4},{"not_picked":["Masterful Stab","Burst"],"picked":"Backstab","floor":5},{"not_picked":["Quick Slash","Dodge and Roll"],"picked":"Slice","floor":7},{"not_picked":["Quick Slash","PiercingWail"],"picked":"Dagger Spray","floor":11},{"not_picked":["Dagger Throw","All Out Attack"],"picked":"Dagger Spray","floor":13},{"not_picked":["After Image","Bullet Time"],"picked":"Die Die Die","floor":16},{"not_picked":[],"picked":"Acrobatics+1","floor":18},{"not_picked":[],"picked":"All Out Attack","floor":20},{"not_picked":[],"picked":"Leg Sweep","floor":22}],"player_experience":49489,"relics_obtained":[{"floor":9,"key":"Centennial Puzzle"},{"floor":13,"key":"Mummified Hand"}],"event_choices":[{"event_name":"WeMeetAgain","player_choice":"Card","floor":14,"damage_taken":0},{"event_name":"Ghosts","player_choice":"Ignored","floor":19,"damage_taken":0},{"event_name":"Forgotten Altar","player_choice":"Shed Blood","floor":21,"damage_taken":0}],"is_beta":false,"boss_relics":[{"not_picked":["Coffee Dripper","Ectoplasm"],"picked":"Busted Crown"}],"items_purged_floors":[],"is_endless":false,"potions_floor_spawned":[2,3,4,16,18],"killed_by":"Gremlin Leader","ascension_level":0}