{"gold_per_floor":[99,99,99,99,99,99,99,99,99,99,99,99,99,69,69,69,69,0,0,0,0,0,0,0,0,0,0,0,0,0,0,0,0,0,0,0,0,0,0,0,0,0,0,0,0,0,0,0,0,0],"floor_reached":51,"playtime":6377,"items_purged":[],"score":959,"play_id":"9c748c75-7202-44b6-9731-1c3d41013e1c","local_time":"20190817131128","is_ascension_mode":true,"campfire_choices":[{"data":"Zap","floor":6.0,"key":"SMITH"},{"data":"Dualcast","floor":15.0,"key":"SMITH"},{"data":"Defragment","floor":27.0,"key":"SMITH"},{"data":"Hologram","floor":30.0,"key":"SMITH"},{"data":"Creative AI","floor":32.0,"key":"SMITH"},{"data":"Capacitor","floor":42,"key":"SMITH"},{"data":"Chill","floor":44,"key":"SMITH"},{"floor":47,"key":"RECALL"},{"data":"Chill","floor":49,"key":"SMITH"}],"neow_cost":"NONE","seed_source_timestamp":0,"circlet_count":0,"master_deck":["Strike_B+1","Strike_B+1","Strike_B+1","Strike_B+1","Defend_B+1","Defend_B+1","Defend_B+1","Defend_B+1","Zap+1","Dualcast+1","Conserve Battery+1","Hologram+1","Chill+1","Cold Snap+1","Defragment+1","Hologram+1","Capacitor+1","Creative AI+1","Cold Snap+1","Barrage+1","Sweeping Beam+1","Biased Cognition+1","Self Repair+1","Buffer+1","Cold Snap+1","Decay","Glacier+1","Force Field+1","Consume+1","Barrage+1","Chill+1"],"special_seed":0,"relics":["Ectoplasm","DataDisk","Spirit Poop","Question Card","Gremlin Horn","Old Coin","Tiny House","Enchiridion","Frozen Egg 2","Pantograph","Runic Dome","Whetstone","Red Mask","War Paint","Regal Pillow"],"potions_floor_usage":[50,50,50],"damage_taken":[{"damage":7.0,"enemies":"Jaw Worm","floor":1.0,"turns":3.0},{"damage":6.0,"enemies":"Small Slimes","floor":4.0,"turns":3.0},{"damage":8.0,"enemies":"Cultist","floor":7.0,"turns":4.0},{"damage":1.0,"enemies":"Exordium Thugs","floor":8.0,"turns":6.0},{"damage":0.0,"enemies":"Blue Slaver","floor":10.0,"turns":3.0},{"damage":0.0,"enemies":"2 Fungi Beasts","floor":11.0,"turns":4.0},{"damage":0.0,"enemies":"3 Sentries","floor":13.0,"turns":10.0},{"damage":1.0,"enemies":"Looter","floor":14.0,"turns":3.0},{"damage":21.0,"enemies":"Slime Boss","floor":16.0,"turns":11.0},{"damage":0.0,"enemies":"2 Thieves","floor":18.0,"turns":5.0},{"damage":1.0,"enemies":"Chosen","floor":21.0,"turns":4.0},{"damage":4.0,"enemies":"Snecko","floor":23.0,"turns":3.0},{"damage":6.0,"enemies":"Gremlin Leader","floor":25.0,"turns":14.0},{"damage":9.0,"enemies":"Snake Plant","floor":31.0,"turns":5.0},{"damage":14.0,"enemies":"Champ","floor":33.0,"turns":8.0},{"damage":0.0,"enemies":"3 Shapes","floor":35.0,"turns":7.0},{"damage":17.0,"enemies":"3 Darklings","floor":38.0,"turns":21.0},{"damage":13.0,"enemies":"Spire Growth","floor":39.0,"turns":7.0},{"damage":0.0,"enemies":"Reptomancer","floor":40.0,"turns":8.0},{"damage":0,"enemies":"Nemesis","floor":45,"turns":13},{"damage":0,"enemies":"Maw","floor":48,"turns":9},{"damage":0,"enemies":"Awakened One","floor":50,"turns":15}],"seed_played":"5133475499725477741","potions_obtained":[{"floor":11.0,"key":"LiquidBronze"},{"floor":13.0,"key":"Explosive Potion"},{"floor":16.0,"key":"SmokeBomb"},{"floor":17.0,"key":"Ancient Potion"},{"floor":23.0,"key":"FearPotion"},{"floor":31.0,"key":"FocusPotion"}],"is_trial":false,"path_per_floor":["M","?","?","M","?","R","M","M","T","M","M","T","E","M","R","B",null,"M","?","?","M","?","M","?","E","T","R","$","$","R","M","R","B",null,"M","?","$","M","M","E","?","R","T","R","E","$","R","M","R","B",null],"character_chosen":"DEFECT","items_purchased":[],"campfire_rested":0,"item_purchase_floors":[],"current_hp_per_floor":[68,68,68,62,62,62,54,53,53,53,53,53,53,52,52,31,80,80,80,80,79,63,59,59,53,53,53,53,53,53,44,44,75,80,80,80,80,73,70,80,80,80,80,80,80,80,80,80,80,80],"gold":0,"neow_bonus":"BOSS_RELIC","is_prod":false,"is_daily":false,"chose_seed":false,"campfire_upgraded":8,"win_rate":0,"timestamp":1566040288,"path_taken":["M","?","?","M","?","R","M","M","T","?","M","?","E","M","R","BOSS","M","?","?","M","?","M","?","E","T","R","?","$","R","M","R","BOSS","M","?","?","M","M","E","?","R","T","R","E","$","R","?","R","BOSS"],"build_version":"2019-07-17","purchased_purges":0,"victory":true,"max_hp_per_floor":[75,75,75,75,75,75,75,75,75,75,75,75,75,75,75,75,80,80,80,80,80,80,80,80,80,80,80,80,80,80,80,80,80,80,80,80,80,80,80,80,80,80,80,80,80,80,80,80,80,80],"card_choices":[{"not_picked":["Sweeping Beam","Cold Snap"],"picked":"Conserve Battery","floor":1.0},{"not_picked":["Fusion","Rip and Tear"],"picked":"Hologram","floor":4.0},{"not_picked":["Double Energy","Streamline"],"picked":"Chill","floor":7.0},{"not_picked":["Genetic Algorithm","Reprogram"],"picked":"Cold Snap","floor":8.0},{"not_picked":["Steam Power","Gash","Ball Lightning"],"picked":"Defragment","floor":10.0},{"not_picked":["Amplify","Cold Snap","Stack"],"picked":"Hologram","floor":11.0},{"not_picked":["Hologram","Multi-Cast","Chill"],"picked":"Capacitor","floor":13.0},{"not_picked":["Gash","Scrape","Storm","Compile Driver"],"picked":"SKIP","floor":14.0},{"not_picked":["Reboot","Biased Cognition","Buffer"],"picked":"Creative AI","floor":16.0},{"not_picked":["Stack","Go for the Eyes","Gash"],"picked":"Cold Snap","floor":17.0},{"not_picked":["Ball Lightning","White Noise","Leap"],"picked":"Barrage+1","floor":18.0},{"not_picked":["Rip and Tear","Turbo+1","Steam Power","Compile Driver"],"picked":"SKIP","floor":21.0},{"not_picked":["Conserve Battery","Stack+1","Rebound"],"picked":"Sweeping Beam+1","floor":23.0},{"not_picked":["Leap+1","Cold Snap","Tempest"],"picked":"Biased Cognition","floor":25.0},{"not_picked":["Leap","Stack+1","Tempest"],"picked":"Self Repair+1","floor":31.0},{"not_picked":["Electrodynamics+1","Amplify","Core Surge"],"picked":"Buffer+1","floor":33.0},{"not_picked":["Rebound+1","Ball Lightning+1","Go for the Eyes+1"],"picked":"Cold Snap+1","floor":35.0},{"not_picked":["Defragment+1","Genetic Algorithm","Go for the Eyes+1"],"picked":"Glacier+1","floor":38.0},{"not_picked":["Lockon+1","Cold Snap","Melter+1"],"picked":"Force Field+1","floor":39.0},{"not_picked":["Barrage","Thunder Strike","Ball Lightning+1"],"picked":"Consume","floor":40},{"not_picked":["Beam Cell","Thunder Strike","Storm+1"],"picked":"Barrage+1","floor":45},{"not_picked":["Rebound+1","Coolheaded+1","Redo+1"],"picked":"Chill","floor":48}],"player_experience":672070,"relics_obtained":[{"floor":9.0,"key":"Question Card"},{"floor":12.0,"key":"Gremlin Horn"},{"floor":13.0,"key":"Old Coin"},{"floor":22.0,"key":"Enchiridion"},{"floor":25.0,"key":"Frozen Egg 2"},{"floor":26.0,"key":"Pantograph"},{"floor":40,"key":"Whetstone"},{"floor":43,"key":"War Paint"},{"floor":45,"key":"Regal Pillow"}],"event_choices":[{"damage_healed":0.0,"max_hp_gain":0.0,"max_hp_loss":0.0,"gold_gain":0.0,"event_name":"Liars Game","player_choice":"Ignored","floor":2.0,"gold_loss":0.0,"damage_taken":0.0},{"damage_healed":0.0,"max_hp_gain":0.0,"max_hp_loss":0.0,"gold_gain":0.0,"event_name":"Big Fish","player_choice":"Box","floor":3.0,"gold_loss":0.0,"damage_taken":0.0,"relics_obtained":["DataDisk"],"cards_obtained":["Regret"]},{"cards_removed":["Regret"],"damage_healed":0.0,"max_hp_gain":0.0,"max_hp_loss":0.0,"gold_gain":0.0,"event_name":"Bonfire Elementals","player_choice":"Offered Curse","floor":5.0,"gold_loss":0.0,"damage_taken":0.0,"relics_obtained":["Spirit Poop"]},{"damage_healed":0.0,"max_hp_gain":0.0,"max_hp_loss":0.0,"gold_gain":0.0,"event_name":"Back to Basics","player_choice":"Simplicity","floor":19.0,"gold_loss":0.0,"damage_taken":0.0,"cards_upgraded":["Strike_B","Strike_B","Strike_B","Strike_B","Defend_B","Defend_B","Defend_B","Defend_B"]},{"damage_healed":0.0,"max_hp_gain":0.0,"max_hp_loss":0.0,"gold_gain":0.0,"event_name":"Vampires","player_choice":"Ignored","floor":20.0,"gold_loss":0.0,"damage_taken":0.0},{"damage_healed":0.0,"max_hp_gain":0.0,"max_hp_loss":0.0,"gold_gain":0.0,"event_name":"Cursed Tome","player_choice":"Obtained Book","floor":22.0,"gold_loss":0.0,"damage_taken":16.0},{"damage_healed":0.0,"max_hp_gain":0.0,"max_hp_loss":0.0,"gold_gain":0.0,"event_name":"Ghosts","player_choice":"Ignored","floor":24.0,"gold_loss":0.0,"damage_taken":0.0},{"damage_healed":0.0,"max_hp_gain":0.0,"max_hp_loss":0.0,"gold_gain":0.0,"event_name":"Wheel of Change","player_choice":"Cursed","floor":36.0,"gold_loss":0.0,"damage_taken":0.0,"cards_obtained":["Decay"]},{"damage_healed":0,"gold_gain":0,"player_choice":"Paid","damage_taken":0,"relics_obtained":["Red Mask"],"max_hp_gain":0,"max_hp_loss":0,"event_name":"Tomb of Lord Red Mask","floor":41,"gold_loss":0}],"is_beta":false,"boss_relics":[{"not_picked":["Eternal Feather","Busted Crown"],"picked":"Tiny House"},{"not_picked":["Philosopher\u0027s Stone","Runic Pyramid"],"picked":"Runic Dome"}],"items_purged_floors":[],"is_endless":false,"potions_floor_spawned":[11,13,16,18,23,31,45,48],"ascension_level":4}