{"gold_per_floor":[111,111,286,24,43,75,75,100,100,100,115,125,137,149,149,254,254,272,242,257,270,270,270,6,6,29,129,129,141,141,158,158,258,258,273,273,39,54,68,68,95,105,156,156,175,175,175,187,187,187,187,187,9,42,42],"floor_reached":55,"playtime":3748,"items_purged":["Doubt","Normality","Injury"],"score":709,"play_id":"e07c272b-ab3d-4eae-a7c8-c6203f5b72c0","local_time":"20190807012201","is_ascension_mode":false,"campfire_choices":[{"floor":7.0,"key":"REST"},{"floor":10.0,"key":"REST"},{"floor":15.0,"key":"REST"},{"data":"Searing Blow","floor":23.0,"key":"SMITH"},{"data":"Searing Blow+1","floor":25.0,"key":"SMITH"},{"data":"Searing Blow+2","floor":28.0,"key":"SMITH"},{"floor":30.0,"key":"REST"},{"data":"Armaments","floor":32.0,"key":"SMITH"},{"data":"Searing Blow+3","floor":40.0,"key":"SMITH"},{"data":"Searing Blow+4","floor":44.0,"key":"SMITH"},{"floor":46.0,"key":"RECALL"},{"data":"Searing Blow+5","floor":49.0,"key":"SMITH"},{"data":"Searing Blow+6","floor":52,"key":"SMITH"}],"neow_cost":"PERCENT_DAMAGE","seed_source_timestamp":4670084343545401,"circlet_count":0,"master_deck":["Strike_R","Strike_R","Strike_R","Strike_R","Defend_R","Defend_R","Defend_R","Bash","Spot Weakness","Heavy Blade","Disarm","Armaments+1","Flex","Sentinel+1","True Grit+1","Searing Blow+7","Feel No Pain+1","Berserk+1","Limit Break+1","Flame Barrier+1","Shrug It Off+1","Entrench+1","Necronomicurse","Madness+1","Bandage Up+1","Havoc+1","Entrench+1","Shrug It Off+1","Reaper","Heavy Blade+1","Impervious+1","Shrug It Off+1","Warcry+1","Uppercut+1","Armaments+1","Inflame+1","Clumsy","Seeing Red+1","Purity+1","Disarm+1"],"special_seed":0,"relics":["Burning Blood","The Courier","Frozen Egg 2","Dream Catcher","Toxic Egg 2","Gremlin Horn","Philosopher\u0027s Stone","Necronomicon","Red Skull","Dead Branch","Letter Opener","Calling Bell","Lantern","Sundial","Pocketwatch","Bottled Lightning","Boot","Vajra"],"potions_floor_usage":[55,55],"damage_taken":[{"damage":8.0,"enemies":"2 Louse","floor":1.0,"turns":3.0},{"damage":11.0,"enemies":"Jaw Worm","floor":5.0,"turns":3.0},{"damage":39.0,"enemies":"3 Sentries","floor":6.0,"turns":11.0},{"damage":28.0,"enemies":"Lagavulin","floor":8.0,"turns":9.0},{"damage":4.0,"enemies":"Cultist","floor":11.0,"turns":4.0},{"damage":10.0,"enemies":"Blue Slaver","floor":12.0,"turns":6.0},{"damage":11.0,"enemies":"Gremlin Gang","floor":13.0,"turns":4.0},{"damage":4.0,"enemies":"3 Louse","floor":14.0,"turns":4.0},{"damage":38.0,"enemies":"Hexaghost","floor":16.0,"turns":10.0},{"damage":14.0,"enemies":"Chosen","floor":18.0,"turns":6.0},{"damage":10.0,"enemies":"Shell Parasite","floor":20.0,"turns":6.0},{"damage":28.0,"enemies":"Sentry and Sphere","floor":21.0,"turns":7.0},{"damage":21.0,"enemies":"Colosseum Slavers","floor":27.0,"turns":4.0},{"damage":42.0,"enemies":"Colosseum Nobs","floor":27.0,"turns":5.0},{"damage":7.0,"enemies":"Centurion and Healer","floor":29.0,"turns":3.0},{"damage":1.0,"enemies":"3 Cultists","floor":31.0,"turns":6.0},{"damage":44.0,"enemies":"Automaton","floor":33.0,"turns":7.0},{"damage":25.0,"enemies":"3 Darklings","floor":35.0,"turns":8.0},{"damage":4.0,"enemies":"3 Shapes","floor":38.0,"turns":4.0},{"damage":18.0,"enemies":"Maw","floor":39.0,"turns":9.0},{"damage":24.0,"enemies":"Nemesis","floor":41.0,"turns":5.0},{"damage":13.0,"enemies":"4 Shapes","floor":42.0,"turns":5.0},{"damage":29.0,"enemies":"Jaw Worm Horde","floor":45.0,"turns":5.0},{"damage":6.0,"enemies":"Maw","floor":48.0,"turns":10.0},{"damage":63,"enemies":"Donu and Deca","floor":50,"turns":9},{"damage":68,"enemies":"Shield and Spear","floor":54,"turns":6},{"damage":42,"enemies":"The Heart","floor":55,"turns":3}],"seed_played":"8378831028589546542","potions_obtained":[{"floor":5.0,"key":"LiquidBronze"},{"floor":6.0,"key":"Weak Potion"},{"floor":11.0,"key":"Regen Potion"},{"floor":12.0,"key":"Poison Potion"},{"floor":18.0,"key":"Strength Potion"},{"floor":19.0,"key":"EntropicBrew"},{"floor":20.0,"key":"Fire Potion"},{"floor":21.0,"key":"BloodPotion"},{"floor":35.0,"key":"Regen Potion"},{"floor":45.0,"key":"Dexterity Potion"},{"floor":48.0,"key":"SpeedPotion"}],"is_trial":false,"path_per_floor":["M","?","?","$","M","E","R","E","T","R","M","M","M","M","R","B",null,"M","?","M","M","?","R","$","R","T","?","R","M","R","M","R","B",null,"M","?","$","M","M","R","E","M","T","R","M","R","?","M","R","B",null,"R","$","E","B"],"character_chosen":"IRONCLAD","items_purchased":["Frozen Egg 2","Madness+1","Red Skull","Bandage Up+1","Impervious+1","Shrug It Off+1","Purity+1"],"campfire_rested":4,"item_purchase_floors":[4,24,24,24,37,37,53],"current_hp_per_floor":[54,47,47,47,42,9,33,11,11,35,37,33,28,30,54,22,80,72,72,80,58,42,42,42,42,42,23,23,28,52,63,63,31,80,67,67,67,75,69,69,57,80,80,80,60,60,60,66,66,61,80,80,80,24,0],"gold":42,"neow_bonus":"TRANSFORM_TWO_CARDS","is_prod":false,"is_daily":false,"chose_seed":false,"campfire_upgraded":8,"win_rate":0,"timestamp":1565155321,"path_taken":["M","?","?","?","M","E","R","E","T","R","M","?","M","M","R","BOSS","M","?","?","M","?","R","$","R","T","?","R","M","R","?","R","BOSS","M","?","$","?","M","R","E","M","T","R","M","R","?","?","R","BOSS","R","$","E","BOSS"],"build_version":"2019-07-17","purchased_purges":3,"victory":false,"max_hp_per_floor":[80,80,80,80,80,80,80,80,80,80,80,80,80,80,80,80,80,80,80,80,80,80,80,80,80,80,80,80,80,80,80,80,80,80,80,80,80,80,80,80,80,80,80,80,80,80,80,80,80,80,80,80,80,80,80],"card_choices":[{"not_picked":["Warcry","Heavy Blade"],"picked":"Disarm","floor":1.0},{"not_picked":["Iron Wave","Flex"],"picked":"Armaments","floor":5.0},{"not_picked":["Clothesline","Evolve+1"],"picked":"Flex","floor":6.0},{"not_picked":["Hemokinesis","Sentinel","Flex"],"picked":"SKIP","floor":8.0},{"not_picked":["Iron Wave","Combust+1"],"picked":"Sentinel+1","floor":10.0},{"not_picked":["Havoc+1","Headbutt"],"picked":"True Grit+1","floor":11.0},{"not_picked":["Rampage","Evolve+1"],"picked":"Searing Blow","floor":12.0},{"not_picked":["Reckless Charge","Second Wind+1","Sword Boomerang"],"picked":"SKIP","floor":13.0},{"not_picked":["Seeing Red+1","Clash"],"picked":"Feel No Pain+1","floor":14.0},{"not_picked":["Uppercut","Flex+1"],"picked":"Berserk+1","floor":15.0},{"not_picked":["Offering+1","Bludgeon"],"picked":"Limit Break+1","floor":16.0},{"not_picked":["Cleave","Ghostly Armor+1"],"picked":"Flame Barrier+1","floor":18.0},{"not_picked":["Heavy Blade","Thunderclap"],"picked":"Shrug It Off+1","floor":20.0},{"not_picked":["Wild Strike","Flex+1"],"picked":"Entrench+1","floor":21.0},{"not_picked":["Anger","Body Slam+1"],"picked":"Havoc+1","floor":27.0},{"not_picked":["Clash","Sword Boomerang","Bloodletting+1"],"picked":"SKIP","floor":29.0},{"not_picked":["Pummel","Infernal Blade+1"],"picked":"Entrench+1","floor":30.0},{"not_picked":["Blood for Blood","Bloodletting+1"],"picked":"Shrug It Off+1","floor":31.0},{"not_picked":["Feed","Brutality+1"],"picked":"Reaper","floor":33.0},{"not_picked":["Bloodletting+1","Clothesline"],"picked":"Heavy Blade+1","floor":35.0},{"not_picked":["Twin Strike","Headbutt"],"picked":"Warcry+1","floor":38.0},{"not_picked":["Ghostly Armor+1","Uppercut","Iron Wave"],"picked":"SKIP","floor":39.0},{"not_picked":["Thunderclap+1","Twin Strike+1"],"picked":"Uppercut+1","floor":41.0},{"not_picked":["Sever Soul+1","Havoc+1"],"picked":"Armaments+1","floor":42.0},{"not_picked":["Perfected Strike","Thunderclap"],"picked":"Inflame+1","floor":45.0},{"not_picked":["Pommel Strike","Thunderclap"],"picked":"Seeing Red+1","floor":48.0},{"not_picked":["Inflame+1","Headbutt"],"picked":"Disarm+1","floor":54}],"player_experience":519168,"relics_obtained":[{"floor":6.0,"key":"Dream Catcher"},{"floor":8.0,"key":"Toxic Egg 2"},{"floor":9.0,"key":"Gremlin Horn"},{"floor":22.0,"key":"Necronomicon"},{"floor":27.0,"key":"Dead Branch"},{"floor":27.0,"key":"Letter Opener"},{"floor":34.0,"key":"Lantern"},{"floor":34.0,"key":"Sundial"},{"floor":34.0,"key":"Pocketwatch"},{"floor":41.0,"key":"Bottled Lightning"},{"floor":43.0,"key":"Boot"},{"floor":54,"key":"Vajra"}],"event_choices":[{"damage_healed":0.0,"max_hp_gain":0.0,"max_hp_loss":0.0,"gold_gain":0.0,"event_name":"Scrap Ooze","player_choice":"Success","floor":2.0,"gold_loss":0.0,"damage_taken":7.0,"relics_obtained":["The Courier"]},{"damage_healed":0.0,"max_hp_gain":0.0,"max_hp_loss":0.0,"gold_gain":175.0,"event_name":"Liars Game","player_choice":"AGREE","floor":3.0,"gold_loss":0.0,"damage_taken":0.0,"cards_obtained":["Doubt"]},{"damage_healed":0.0,"max_hp_gain":0.0,"max_hp_loss":0.0,"gold_gain":0.0,"event_name":"The Woman in Blue","player_choice":"Bought 2 Potions","floor":19.0,"gold_loss":0.0,"damage_taken":0.0},{"damage_healed":0.0,"max_hp_gain":0.0,"max_hp_loss":0.0,"gold_gain":0.0,"event_name":"Cursed Tome","player_choice":"Obtained Book","floor":22.0,"gold_loss":0.0,"damage_taken":16.0},{"damage_healed":0.0,"max_hp_gain":0.0,"max_hp_loss":0.0,"gold_gain":0.0,"event_name":"Colosseum","player_choice":"Fight","floor":27.0,"gold_loss":0.0,"damage_taken":0.0},{"damage_healed":0.0,"max_hp_gain":0.0,"max_hp_loss":0.0,"gold_gain":0.0,"event_name":"Colosseum","player_choice":"Fought Nobs","floor":27.0,"gold_loss":0.0,"damage_taken":0.0},{"damage_healed":0.0,"max_hp_gain":0.0,"max_hp_loss":0.0,"gold_gain":0.0,"event_name":"Match and Keep!","player_choice":"0 cards matched","floor":36.0,"gold_loss":0.0,"damage_taken":0.0,"cards_obtained":[]},{"damage_healed":0.0,"max_hp_gain":0.0,"max_hp_loss":0.0,"gold_gain":0.0,"cards_transformed":["Regret"],"event_name":"Transmorgrifier","player_choice":"Transformed","floor":47.0,"gold_loss":0.0,"damage_taken":0.0,"cards_obtained":["Clumsy"]}],"is_beta":false,"boss_relics":[{"not_picked":["Tiny House","Runic Dome"],"picked":"Philosopher\u0027s Stone"},{"not_picked":["Empty Cage","Orrery"],"picked":"Calling Bell"}],"items_purged_floors":[4,37,53],"is_endless":false,"potions_floor_spawned":[5,6,11,12,18,20,21,35,45,48],"killed_by":"The Heart","ascension_level":0}