{"gold_per_floor":[117,117,117,192,208,240,252,297,309,321],"floor_reached":10,"playtime":456,"items_purged":[],"score":74,"play_id":"d233d217-49c7-4325-b1fd-f0fd7fb66ce4","local_time":"20190812204153","is_ascension_mode":false,"campfire_choices":[{"data":"Seeing Red","floor":7,"key":"SMITH"}],"neow_cost":"NONE","seed_source_timestamp":275217586834500,"circlet_count":0,"master_deck":["Strike_R","Strike_R","Strike_R","Strike_R","Defend_R","Defend_R","Defend_R","Defend_R","Bash","Bludgeon","Seeing Red+1","Headbutt","Heavy Blade","Combust"],"relics":["Burning Blood","Paper Frog","MawBank","Kunai","Ancient Tea Set"],"potions_floor_usage":[],"damage_taken":[{"damage":11,"enemies":"Jaw Worm","floor":1,"turns":2},{"damage":0,"enemies":"2 Louse","floor":5,"turns":2},{"damage":39,"enemies":"3 Sentries","floor":6,"turns":8},{"damage":21,"enemies":"Lagavulin","floor":8,"turns":5},{"damage":24,"enemies":"3 Sentries","floor":10,"turns":2}],"seed_played":"676784043421972919","potions_obtained":[{"floor":6,"key":"Poison Potion"}],"is_trial":false,"path_per_floor":["M","?","?","?","M","E","R","E","T","E"],"character_chosen":"IRONCLAD","items_purchased":[],"campfire_rested":0,"item_purchase_floors":[],"current_hp_per_floor":[75,72,77,66,72,39,39,24,24,0],"gold":321,"neow_bonus":"TRANSFORM_CARD","is_prod":false,"is_daily":false,"chose_seed":false,"campfire_upgraded":1,"win_rate":0.0,"timestamp":1565635313,"path_taken":["M","?","?","?","?","E","R","E","T","E"],"build_version":"2019-07-17","purchased_purges":0,"victory":false,"max_hp_per_floor":[80,80,85,85,85,85,85,85,85,85],"card_choices":[{"not_picked":["Twin Strike","Reckless Charge"],"picked":"Seeing Red","floor":1},{"not_picked":["Sword Boomerang","Body Slam"],"picked":"Headbutt","floor":5},{"not_picked":["Fire Breathing","Intimidate"],"picked":"Heavy Blade","floor":6},{"not_picked":["Body Slam","Feel No Pain"],"picked":"Combust","floor":8}],"player_experience":20538,"relics_obtained":[{"floor":6,"key":"MawBank"},{"floor":8,"key":"Kunai"},{"floor":9,"key":"Ancient Tea Set"}],"event_choices":[{"damage_healed":0,"gold_gain":0,"player_choice":"Success","damage_taken":3,"relics_obtained":["Paper Frog"],"max_hp_gain":0,"max_hp_loss":0,"event_name":"Scrap Ooze","floor":2,"gold_loss":0},{"damage_healed":0,"gold_gain":0,"player_choice":"Donut","damage_taken":0,"max_hp_gain":5,"max_hp_loss":0,"event_name":"Big Fish","floor":3,"gold_loss":0},{"damage_healed":0,"gold_gain":75,"player_choice":"Gather Gold","damage_taken":11,"max_hp_gain":0,"max_hp_loss":0,"event_name":"World of Goop","floor":4,"gold_loss":0}],"is_beta":false,"boss_relics":[],"items_purged_floors":[],"is_endless":false,"potions_floor_spawned":[6],"killed_by":"3 Sentries","ascension_level":0}