{"gold_per_floor":[10,85,85,98,98,137,162,162,162,27,27,66,86,104,104,104],"floor_reached":16,"playtime":544,"items_purged":[],"score":143,"play_id":"033222b5-5079-4bd1-9657-3d6d1d0fb1f0","local_time":"20190522202246","is_ascension_mode":true,"campfire_choices":[{"data":"Inflame","floor":8.0,"key":"SMITH"},{"floor":11.0,"key":"REST"},{"floor":15.0,"key":"REST"}],"neow_cost":"NO_GOLD","seed_source_timestamp":644977650089778,"circlet_count":0,"master_deck":["Strike_R","Strike_R","Strike_R","Defend_R","Defend_R","Defend_R","Defend_R","Bash","Seeing Red","Injury","Armaments","Inflame+1","Demon Form","Metallicize","Flex"],"special_seed":0,"relics":["Burning Blood","Golden Idol","Shuriken","Bag of Marbles","Red Skull"],"potions_floor_usage":[16],"damage_taken":[{"damage":10.0,"enemies":"Small Slimes","floor":1.0,"turns":4.0},{"damage":13.0,"enemies":"2 Louse","floor":4.0,"turns":5.0},{"damage":40.0,"enemies":"Gremlin Nob","floor":6.0,"turns":5.0},{"damage":1.0,"enemies":"Cultist","floor":7.0,"turns":3.0},{"damage":60.0,"enemies":"3 Sentries","floor":12.0,"turns":9.0},{"damage":0.0,"enemies":"Large Slime","floor":13.0,"turns":4.0},{"damage":21.0,"enemies":"3 Louse","floor":14.0,"turns":4.0},{"damage":32,"enemies":"Slime Boss","floor":16,"turns":5}],"seed_played":"300924464614490592","potions_obtained":[{"floor":1.0,"key":"Swift Potion"},{"floor":14.0,"key":"Energy Potion"}],"is_trial":false,"path_per_floor":["M","?","?","M","?","E","M","R","T","$","R","E","M","M","R","B"],"character_chosen":"IRONCLAD","items_purchased":["Demon Form"],"campfire_rested":2,"item_purchase_floors":[10],"current_hp_per_floor":[68,57,57,50,76,42,47,47,47,47,71,17,23,8,32,0],"gold":104,"neow_bonus":"REMOVE_TWO","is_prod":false,"is_daily":false,"chose_seed":false,"campfire_upgraded":1,"win_rate":0,"timestamp":1558570966,"path_taken":["M","?","?","M","?","E","M","R","T","?","R","E","M","M","R","BOSS"],"build_version":"2019-01-23","purchased_purges":0,"victory":false,"max_hp_per_floor":[80,80,80,80,80,80,80,80,80,80,80,80,80,80,80,80],"card_choices":[{"not_picked":["Perfected Strike","Flex"],"picked":"Seeing Red","floor":1.0},{"not_picked":["Infernal Blade","Clothesline"],"picked":"Armaments","floor":4.0},{"not_picked":["Sentinel","Warcry","Infernal Blade"],"picked":"SKIP","floor":6.0},{"not_picked":["Armaments","Wild Strike"],"picked":"Inflame","floor":7.0},{"not_picked":["Entrench","Impervious"],"picked":"Metallicize","floor":12.0},{"not_picked":["Sword Boomerang","Twin Strike","Warcry"],"picked":"SKIP","floor":13.0},{"not_picked":["Searing Blow","Clothesline"],"picked":"Flex","floor":14.0}],"player_experience":266537,"relics_obtained":[{"floor":6.0,"key":"Shuriken"},{"floor":9.0,"key":"Bag of Marbles"},{"floor":12.0,"key":"Red Skull"}],"event_choices":[{"damage_healed":0.0,"max_hp_gain":0.0,"max_hp_loss":0.0,"gold_gain":75.0,"event_name":"World of Goop","player_choice":"Gather Gold","floor":2.0,"gold_loss":0.0,"damage_taken":11.0},{"damage_healed":0.0,"max_hp_gain":0.0,"max_hp_loss":0.0,"gold_gain":0.0,"event_name":"Golden Idol","player_choice":"Take Wound","floor":3.0,"gold_loss":0.0,"damage_taken":0.0,"relics_obtained":["Golden Idol"],"cards_obtained":["Injury"]},{"damage_healed":26.0,"max_hp_gain":0.0,"max_hp_loss":0.0,"gold_gain":0.0,"event_name":"Big Fish","player_choice":"Banana","floor":5.0,"gold_loss":0.0,"damage_taken":0.0}],"is_beta":false,"boss_relics":[],"items_purged_floors":[],"is_endless":false,"potions_floor_spawned":[1,14],"killed_by":"Slime Boss","ascension_level":6}