{"gold_per_floor":[117,117,217,236,249,249,249,260,307,327,339,370,389,403,403,503,503,520,520,480,8,20,20,34,34,83,97,97,97,97,59,59,59],"floor_reached":33,"playtime":4662,"items_purged":["Writhe"],"score":349,"play_id":"bd62163d-ddf8-4e27-97c3-00a4e010ac39","local_time":"20190914170151","is_ascension_mode":true,"campfire_choices":[{"floor":6,"key":"RECALL"},{"floor":15,"key":"REST"},{"floor":23,"key":"REST"},{"floor":28,"key":"REST"},{"data":"Backflip","floor":32,"key":"SMITH"}],"neow_cost":"TEN_PERCENT_HP_LOSS","seed_source_timestamp":258226489421100,"circlet_count":0,"master_deck":["Strike_G","Strike_G","Strike_G","Strike_G","Strike_G","Defend_G","Defend_G","Defend_G","Defend_G","Defend_G","Survivor","Neutralize","Backflip+1","Backflip+1","Infinite Blades","Dodge and Roll+1","Backflip","Escape Plan","Dodge and Roll","Burst+1","Predator","Backstab","Slice","Backstab","Backstab","Backflip","Cloak And Dagger","PiercingWail","Predator","After Image","Poisoned Stab","Backflip+1","Flechettes","Predator+1","Cloak And Dagger","Infinite Blades","Backflip","Bouncing Flask+1"],"relics":["Ring of the Snake","Prayer Wheel","Vajra","Runic Pyramid","Membership Card","Nunchaku","Dodecahedron","Art of War","Gremlin Horn"],"potions_floor_usage":[10,16,16,19],"damage_taken":[{"damage":6,"enemies":"Small Slimes","floor":1,"turns":6},{"damage":0,"enemies":"Cultist","floor":4,"turns":4},{"damage":0,"enemies":"Jaw Worm","floor":5,"turns":5},{"damage":0,"enemies":"Blue Slaver","floor":8,"turns":6},{"damage":30,"enemies":"Exordium Thugs","floor":10,"turns":8},{"damage":2,"enemies":"Looter","floor":11,"turns":3},{"damage":17,"enemies":"3 Sentries","floor":12,"turns":12},{"damage":0,"enemies":"Blue Slaver","floor":13,"turns":3},{"damage":0,"enemies":"Exordium Wildlife","floor":14,"turns":1},{"damage":12,"enemies":"Hexaghost","floor":16,"turns":10},{"damage":19,"enemies":"Spheric Guardian","floor":18,"turns":11},{"damage":3,"enemies":"2 Thieves","floor":22,"turns":4},{"damage":20,"enemies":"Centurion and Healer","floor":24,"turns":7},{"damage":12,"enemies":"3 Cultists","floor":27,"turns":6},{"damage":94,"enemies":"Collector","floor":33,"turns":7}],"seed_played":"-6695315246112894524","potions_obtained":[{"floor":4,"key":"Swift Potion"},{"floor":8,"key":"Weak Potion"},{"floor":12,"key":"LiquidBronze"},{"floor":13,"key":"SkillPotion"},{"floor":18,"key":"Fruit Juice"}],"is_trial":false,"path_per_floor":["M","?","?","M","M","R","?","M","T","M","M","E","M","M","R","B",null,"M","?","?","$","M","R","M","$","T","M","R","?","?","$","R","B"],"character_chosen":"THE_SILENT","items_purchased":["Membership Card","Nunchaku","Dodecahedron"],"campfire_rested":3,"item_purchase_floors":[21,21,21],"current_hp_per_floor":[57,57,57,57,57,57,57,57,57,27,25,8,8,8,26,14,63,44,38,38,38,35,56,36,36,36,24,45,45,69,69,69,0],"gold":59,"neow_bonus":"ONE_RARE_RELIC","is_prod":false,"is_daily":false,"chose_seed":false,"campfire_upgraded":1,"win_rate":0,"timestamp":1568498511,"path_taken":["M","?","?","M","?","R","?","M","T","M","M","E","M","M","R","BOSS","M","?","?","$","M","R","M","$","T","?","R","?","?","?","R","BOSS"],"build_version":"2019-07-17","purchased_purges":1,"victory":false,"max_hp_per_floor":[63,63,63,63,63,63,63,63,63,63,63,63,63,63,63,63,63,63,73,73,73,73,73,73,73,73,73,73,73,73,73,73,73],"card_choices":[{"not_picked":["Cloak And Dagger","Leg Sweep"],"picked":"Backflip","floor":1},{"not_picked":["Dodge and Roll","Flechettes"],"picked":"Backflip","floor":1},{"not_picked":["Flying Knee","Masterful Stab"],"picked":"Infinite Blades","floor":4},{"not_picked":["Deflect","Heel Hook"],"picked":"Dodge and Roll","floor":4},{"not_picked":["Eviscerate","Dash"],"picked":"Backflip","floor":5},{"not_picked":["Dodge and Roll","Outmaneuver"],"picked":"Escape Plan","floor":5},{"not_picked":["Prepared","Deadly Poison"],"picked":"Dodge and Roll","floor":8},{"not_picked":["Crippling Poison","Masterful Stab"],"picked":"Burst","floor":8},{"not_picked":["Bane","Concentrate"],"picked":"Predator","floor":10},{"not_picked":["All Out Attack","Deadly Poison"],"picked":"Backstab","floor":10},{"not_picked":["Finisher","Cloak And Dagger"],"picked":"Slice","floor":11},{"not_picked":["Blade Dance","Concentrate"],"picked":"Backstab","floor":11},{"not_picked":["Poisoned Stab","Glass Knife"],"picked":"Backstab","floor":12},{"not_picked":["Footwork","Sucker Punch"],"picked":"Backflip","floor":13},{"not_picked":["Masterful Stab","Prepared"],"picked":"Cloak And Dagger","floor":13},{"not_picked":["Heel Hook","Acrobatics"],"picked":"PiercingWail","floor":14},{"not_picked":["Setup","Concentrate"],"picked":"Predator","floor":14},{"not_picked":["Phantasmal Killer","Wraith Form v2"],"picked":"After Image","floor":16},{"not_picked":["Dagger Spray+1","Quick Slash"],"picked":"Poisoned Stab","floor":18},{"not_picked":["Distraction","Acrobatics"],"picked":"Backflip+1","floor":18},{"not_picked":["Die Die Die","Backstab"],"picked":"Flechettes","floor":22},{"not_picked":["Dagger Throw","Quick Slash"],"picked":"Predator+1","floor":22},{"not_picked":["Dagger Spray","Dagger Throw"],"picked":"Cloak And Dagger","floor":24},{"not_picked":["Poisoned Stab","Deflect"],"picked":"Infinite Blades","floor":24},{"not_picked":["Accuracy+1","Blur"],"picked":"Backflip","floor":27},{"not_picked":["All Out Attack+1","Calculated Gamble"],"picked":"Bouncing Flask+1","floor":27}],"player_experience":394560,"relics_obtained":[{"floor":12,"key":"Vajra"},{"floor":26,"key":"Art of War"}],"event_choices":[{"damage_healed":0,"gold_gain":0,"player_choice":"Grow","damage_taken":0,"max_hp_gain":0,"max_hp_loss":0,"event_name":"Living Wall","floor":2,"gold_loss":0,"cards_upgraded":["Backflip"]},{"damage_healed":0,"gold_gain":100,"player_choice":"Pray","damage_taken":0,"max_hp_gain":0,"max_hp_loss":0,"event_name":"Golden Shrine","floor":3,"gold_loss":0},{"damage_healed":0,"gold_gain":0,"player_choice":"Leave","damage_taken":0,"max_hp_gain":0,"max_hp_loss":0,"event_name":"The Cleric","floor":7,"gold_loss":0},{"damage_healed":0,"gold_gain":0,"player_choice":"Shed Blood","damage_taken":16,"max_hp_gain":5,"max_hp_loss":0,"event_name":"Forgotten Altar","floor":19,"gold_loss":0},{"damage_healed":0,"gold_gain":0,"player_choice":"Upgraded Two","damage_taken":0,"max_hp_gain":0,"max_hp_loss":0,"event_name":"Designer","floor":20,"gold_loss":40,"cards_upgraded":["Dodge and Roll","Burst"]},{"damage_healed":0,"gold_gain":0,"player_choice":"Opened","damage_taken":0,"relics_obtained":["Gremlin Horn"],"max_hp_gain":0,"max_hp_loss":0,"event_name":"The Mausoleum","floor":29,"gold_loss":0,"cards_obtained":["Writhe"]},{"damage_healed":24,"gold_gain":0,"player_choice":"Heal","damage_taken":0,"max_hp_gain":0,"max_hp_loss":0,"event_name":"The Library","floor":30,"gold_loss":0}],"is_beta":false,"boss_relics":[{"not_picked":["Runic Dome","Eternal Feather"],"picked":"Runic Pyramid"}],"items_purged_floors":[31],"is_endless":false,"potions_floor_spawned":[4,8,12,13,14,18],"killed_by":"Collector","ascension_level":4}