{"gold_per_floor":[364,364,375,387,104,129,139,139,139,154,154,154,167,167,167,269,269,287,287,297,297,314,314],"floor_reached":23,"playtime":1685,"items_purged":["Pain"],"score":232,"play_id":"7f0a6407-37fb-45a8-9245-5f60707cb6f5","local_time":"20190913221130","is_ascension_mode":true,"campfire_choices":[{"floor":12,"key":"REST"},{"floor":15,"key":"REST"}],"neow_cost":"CURSE","seed_source_timestamp":192684774266500,"circlet_count":0,"master_deck":["Strike_G","Strike_G","Strike_G","Strike_G","Strike_G","Defend_G","Defend_G","Defend_G","Defend_G","Defend_G","Survivor","Neutralize","Skewer","Accuracy","Poisoned Stab+1","Skewer","Poisoned Stab","Bane","Burst","Envenom","Reflex","Dagger Throw+1","Bouncing Flask"],"relics":["Ring of the Snake","Lee\u0027s Waffle","Gambling Chip","Pocketwatch","Philosopher\u0027s Stone","Enchiridion"],"potions_floor_usage":[16,16,20,20],"damage_taken":[{"damage":4,"enemies":"2 Louse","floor":1,"turns":3},{"damage":4,"enemies":"Cultist","floor":3,"turns":4},{"damage":3,"enemies":"Small Slimes","floor":4,"turns":4},{"damage":62,"enemies":"Gremlin Nob","floor":6,"turns":6},{"damage":0,"enemies":"Exordium Wildlife","floor":7,"turns":2},{"damage":0,"enemies":"Large Slime","floor":10,"turns":4},{"damage":4,"enemies":"3 Louse","floor":13,"turns":3},{"damage":38,"enemies":"The Guardian","floor":16,"turns":19},{"damage":18,"enemies":"Shell Parasite","floor":18,"turns":9},{"damage":0,"enemies":"Chosen","floor":20,"turns":4},{"damage":29,"enemies":"Centurion and Healer","floor":22,"turns":7},{"damage":18,"enemies":"Gremlin Leader","floor":23,"turns":2}],"seed_played":"2046072232852621563","potions_obtained":[{"floor":7,"key":"FearPotion"},{"floor":13,"key":"PowerPotion"},{"floor":16,"key":"Regen Potion"},{"floor":18,"key":"SkillPotion"}],"is_trial":false,"path_per_floor":["M","?","M","M","$","E","M","T","T","M","?","R","M","?","R","B",null,"M","?","M","?","M","E"],"character_chosen":"THE_SILENT","items_purchased":["Lee\u0027s Waffle"],"campfire_rested":2,"item_purchase_floors":[5],"current_hp_per_floor":[66,66,62,59,77,15,15,15,15,15,15,38,34,34,57,19,77,59,45,59,43,14,0],"gold":314,"neow_bonus":"TWO_FIFTY_GOLD","is_prod":false,"is_daily":false,"chose_seed":false,"campfire_upgraded":0,"win_rate":0,"timestamp":1568430690,"path_taken":["M","?","?","M","?","E","M","?","T","M","?","R","?","?","R","BOSS","M","?","M","?","M","E"],"build_version":"2019-07-17","purchased_purges":1,"victory":false,"max_hp_per_floor":[70,70,70,70,77,77,77,77,77,77,77,77,77,77,77,77,77,77,82,82,82,82,82],"card_choices":[{"not_picked":["Deadly Poison","Quick Slash"],"picked":"Skewer","floor":1},{"not_picked":["Deflect","Quick Slash"],"picked":"Accuracy","floor":3},{"not_picked":["Distraction","Dagger Spray"],"picked":"Poisoned Stab","floor":4},{"not_picked":["Caltrops","Well Laid Plans"],"picked":"Skewer","floor":6},{"not_picked":["Dodge and Roll","Dagger Spray"],"picked":"Poisoned Stab","floor":7},{"not_picked":["Quick Slash","Endless Agony"],"picked":"Bane","floor":10},{"not_picked":["Acrobatics","Quick Slash"],"picked":"Burst","floor":13},{"not_picked":["After Image","Tools of the Trade"],"picked":"Envenom","floor":16},{"not_picked":["Dodge and Roll","Slice"],"picked":"Reflex","floor":18},{"not_picked":["Acrobatics","Prepared+1"],"picked":"Dagger Throw+1","floor":20},{"not_picked":["Deadly Poison+1","Sucker Punch"],"picked":"Bouncing Flask","floor":22}],"player_experience":385382,"relics_obtained":[{"floor":6,"key":"Gambling Chip"},{"floor":9,"key":"Pocketwatch"},{"floor":21,"key":"Enchiridion"}],"event_choices":[{"damage_healed":0,"gold_gain":0,"cards_transformed":["Regret"],"player_choice":"Transformed","damage_taken":0,"max_hp_gain":0,"max_hp_loss":0,"event_name":"Transmorgrifier","floor":2,"gold_loss":0,"cards_obtained":["Pain"]},{"damage_healed":0,"gold_gain":0,"player_choice":"Grow","damage_taken":0,"max_hp_gain":0,"max_hp_loss":0,"event_name":"Living Wall","floor":11,"gold_loss":0,"cards_upgraded":["Poisoned Stab"]},{"damage_healed":0,"gold_gain":0,"player_choice":"Ignored","damage_taken":0,"max_hp_gain":0,"max_hp_loss":0,"event_name":"Golden Wing","floor":14,"gold_loss":0},{"damage_healed":0,"gold_gain":0,"player_choice":"Shed Blood","damage_taken":19,"max_hp_gain":5,"max_hp_loss":0,"event_name":"Forgotten Altar","floor":19,"gold_loss":0},{"damage_healed":0,"gold_gain":0,"player_choice":"Obtained Book","damage_taken":16,"max_hp_gain":0,"max_hp_loss":0,"event_name":"Cursed Tome","floor":21,"gold_loss":0}],"is_beta":false,"boss_relics":[{"not_picked":["HoveringKite","Empty Cage"],"picked":"Philosopher\u0027s Stone"}],"items_purged_floors":[5],"is_endless":false,"potions_floor_spawned":[7,13,16,18],"killed_by":"Gremlin Leader","ascension_level":4}