{"gold_per_floor":[19,31,31,31,31,31,62,62,62,62,3,16,49,61,61,137,137,152,152],"floor_reached":19,"playtime":1001,"items_purged":[],"score":324,"play_id":"ccce72ff-02e5-4736-a434-2898e4fca13b","local_time":"20190909224823","is_ascension_mode":true,"campfire_choices":[{"floor":6,"key":"REST"},{"floor":8,"key":"REST"},{"floor":10,"key":"REST"},{"data":"Bouncing Flask","floor":15,"key":"SMITH"}],"neow_cost":"NO_GOLD","seed_source_timestamp":356860568286900,"circlet_count":0,"master_deck":["AscendersBane","Strike_G+1","Strike_G+1","Strike_G","Strike_G","Strike_G","Defend_G","Defend_G","Defend_G","Defend_G","Defend_G","Survivor","Neutralize","Dramatic Entrance","Forethought","Bouncing Flask+1","Catalyst+1","Regret","Backflip","Deadly Poison","Backflip","Adrenaline","Poisoned Stab","Glass Knife","PiercingWail","Caltrops","Footwork","Deadly Poison","Setup","Dodge and Roll"],"relics":["Ring of the Snake","Pantograph","Juzu Bracelet","Bottled Lightning","Blood Vial","Orrery"],"potions_floor_usage":[13,16,16,19],"damage_taken":[{"damage":0,"enemies":"2 Louse","floor":1,"turns":4},{"damage":0,"enemies":"Small Slimes","floor":2,"turns":3},{"damage":48,"enemies":"3 Sentries","floor":7,"turns":10},{"damage":0,"enemies":"Cultist","floor":12,"turns":3},{"damage":14,"enemies":"Lagavulin","floor":13,"turns":4},{"damage":6,"enemies":"Red Slaver","floor":14,"turns":5},{"damage":19,"enemies":"Slime Boss","floor":16,"turns":10},{"damage":43,"enemies":"2 Thieves","floor":18,"turns":4},{"damage":27,"enemies":"Masked Bandits","floor":19,"turns":2}],"seed_played":"-2755626546018721267","potions_obtained":[{"floor":2,"key":"Weak Potion"},{"floor":13,"key":"Energy Potion"},{"floor":14,"key":"SkillPotion"},{"floor":16,"key":"Swift Potion"}],"is_trial":false,"path_per_floor":["M","M","?","?","?","R","E","R","T","R","$","M","E","M","R","B",null,"M","?"],"character_chosen":"THE_SILENT","items_purchased":["Deadly Poison"],"campfire_rested":3,"item_purchase_floors":[11],"current_hp_per_floor":[59,59,59,59,39,58,10,29,29,48,48,48,34,30,30,38,59,18,0],"gold":152,"neow_bonus":"RANDOM_COLORLESS_2","is_prod":false,"is_daily":false,"chose_seed":false,"campfire_upgraded":1,"win_rate":0,"timestamp":1568094503,"path_taken":["M","M","?","?","?","R","E","R","T","R","$","M","E","M","R","BOSS","M","?"],"build_version":"2019-07-17","purchased_purges":0,"victory":false,"max_hp_per_floor":[66,66,66,66,66,66,66,66,66,66,66,66,66,66,66,66,66,66,66],"card_choices":[{"not_picked":["Blade Dance","Sucker Punch"],"picked":"Bouncing Flask","floor":1},{"not_picked":["Flying Knee","Blade Dance"],"picked":"Catalyst","floor":2},{"not_picked":["Calculated Gamble","Flechettes"],"picked":"Backflip","floor":7},{"not_picked":["Outmaneuver","Heel Hook"],"picked":"Backflip","floor":12},{"not_picked":["Backstab","Dash"],"picked":"Adrenaline","floor":13},{"not_picked":["Cloak And Dagger","Dodge and Roll"],"picked":"Poisoned Stab","floor":14},{"not_picked":["Grand Finale","Storm of Steel"],"picked":"Glass Knife","floor":16},{"not_picked":["All Out Attack","Underhanded Strike"],"picked":"PiercingWail","floor":17},{"not_picked":["Expertise","Choke"],"picked":"Caltrops","floor":17},{"not_picked":["Underhanded Strike","Escape Plan"],"picked":"Footwork","floor":17},{"not_picked":["Eviscerate","Outmaneuver"],"picked":"Deadly Poison","floor":17},{"not_picked":["Concentrate","Flying Knee"],"picked":"Setup","floor":17},{"not_picked":["Concentrate","Backflip"],"picked":"Dodge and Roll","floor":18}],"player_experience":862174,"relics_obtained":[{"floor":7,"key":"Juzu Bracelet"},{"floor":9,"key":"Bottled Lightning"},{"floor":13,"key":"Blood Vial"}],"event_choices":[{"damage_healed":0,"gold_gain":0,"player_choice":"Grow","damage_taken":0,"max_hp_gain":0,"max_hp_loss":0,"event_name":"Living Wall","floor":3,"gold_loss":0,"cards_upgraded":["Catalyst"]},{"damage_healed":0,"gold_gain":0,"player_choice":"Box","damage_taken":0,"relics_obtained":["Pantograph"],"max_hp_gain":0,"max_hp_loss":0,"event_name":"Big Fish","floor":4,"gold_loss":0,"cards_obtained":["Regret"]},{"damage_healed":0,"gold_gain":0,"player_choice":"Entered Light","damage_taken":20,"max_hp_gain":0,"max_hp_loss":0,"event_name":"Shining Light","floor":5,"gold_loss":0,"cards_upgraded":["Strike_G","Strike_G"]},{"damage_healed":0,"gold_gain":0,"player_choice":"Fought Bandits","damage_taken":0,"max_hp_gain":0,"max_hp_loss":0,"event_name":"Masked Bandits","floor":19,"gold_loss":0}],"is_beta":false,"boss_relics":[{"not_picked":["Lizard Tail","Eternal Feather"],"picked":"Orrery"}],"items_purged_floors":[],"is_endless":false,"potions_floor_spawned":[2,13,14,16],"killed_by":"Masked Bandits","ascension_level":17}