{"gold_per_floor":[109,23,38,38,56,56,87,115,115,135,135,151,171,203,203,277,327,345,316,5,5,25,25,55,55,55,67,95,107,119],"floor_reached":30,"playtime":1662,"items_purged":[],"score":506,"play_id":"83cb3fb2-d6ee-4b76-bb55-027476ed6cf6","local_time":"20190910211519","is_ascension_mode":true,"campfire_choices":[{"data":"Neutralize","floor":6.0,"key":"SMITH"},{"floor":11.0,"key":"REST"},{"floor":15,"key":"REST"},{"floor":23,"key":"REST"},{"floor":25,"key":"REST"},{"data":"Accuracy","floor":27,"key":"SMITH"},{"floor":29,"key":"REST"}],"neow_cost":"NONE","seed_source_timestamp":436937350665100,"circlet_count":0,"master_deck":["AscendersBane","Strike_G","Strike_G","Strike_G","Strike_G","Strike_G","Defend_G","Defend_G","Defend_G","Defend_G","Defend_G","Survivor","Neutralize+1","Bouncing Flask","Infinite Blades","Dagger Throw","Backstab","Cloak And Dagger","Deadly Poison","Accuracy+1","Burst+1","Accuracy","Night Terror","Deadly Poison","Dodge and Roll","Backstab","Infinite Blades","Poisoned Stab","Noxious Fumes","Poisoned Stab"],"special_seed":0,"relics":["Ring of the Snake","NeowsBlessing","Calipers","Pear","Odd Mushroom","Bottled Lightning","Boot","Tiny House","Lee\u0027s Waffle","Orichalcum","MawBank"],"potions_floor_usage":[14,19,19,22],"damage_taken":[{"damage":0.0,"enemies":"Cultist","floor":1.0,"turns":1.0},{"damage":0.0,"enemies":"Small Slimes","floor":3.0,"turns":1.0},{"damage":0.0,"enemies":"2 Louse","floor":5.0,"turns":1.0},{"damage":30.0,"enemies":"3 Sentries","floor":7.0,"turns":9.0},{"damage":17.0,"enemies":"The Mushroom Lair","floor":8.0,"turns":7.0},{"damage":12.0,"enemies":"Exordium Wildlife","floor":10.0,"turns":5.0},{"damage":4.0,"enemies":"Gremlin Gang","floor":12.0,"turns":5.0},{"damage":5.0,"enemies":"Lots of Slimes","floor":13.0,"turns":5.0},{"damage":3,"enemies":"Lagavulin","floor":14,"turns":7},{"damage":31,"enemies":"The Guardian","floor":16,"turns":11},{"damage":54,"enemies":"Shell Parasite","floor":18,"turns":7},{"damage":6,"enemies":"2 Thieves","floor":19,"turns":4},{"damage":53,"enemies":"3 Cultists","floor":22,"turns":7},{"damage":34,"enemies":"Gremlin Leader","floor":24,"turns":8},{"damage":36,"enemies":"Snake Plant","floor":28,"turns":4},{"damage":49,"enemies":"Cultist and Chosen","floor":30,"turns":7}],"seed_played":"7233906673312407405","potions_obtained":[{"floor":8.0,"key":"Dexterity Potion"},{"floor":12.0,"key":"SkillPotion"},{"floor":13.0,"key":"Block Potion"},{"floor":14,"key":"LiquidBronze"},{"floor":16,"key":"SneckoOil"},{"floor":17,"key":"GhostInAJar"},{"floor":19,"key":"Explosive Potion"},{"floor":24,"key":"Strength Potion"}],"is_trial":false,"path_per_floor":["M","$","M","?","M","R","E","?","T","M","R","M","M","E","R","B",null,"M","M","$","?","M","R","E","R","T","R","M","R","M"],"character_chosen":"THE_SILENT","items_purchased":["Infinite Blades","Dagger Throw","Lee\u0027s Waffle","Infinite Blades"],"campfire_rested":5,"item_purchase_floors":[2,2,20,20],"current_hp_per_floor":[59,59,59,54,54,54,34,17,17,5,27,23,18,15,37,6,64,10,4,88,88,35,61,27,53,53,53,17,43,0],"gold":119,"neow_bonus":"THREE_ENEMY_KILL","is_prod":false,"is_daily":false,"chose_seed":false,"campfire_upgraded":2,"win_rate":0,"timestamp":1568175319,"path_taken":["M","$","?","?","M","R","E","?","T","M","R","M","M","E","R","BOSS","M","M","$","?","?","R","E","R","T","R","M","R","?"],"build_version":"2019-07-17","purchased_purges":0,"victory":false,"max_hp_per_floor":[66,66,66,66,66,66,76,76,76,76,76,76,76,76,76,76,81,81,81,88,88,88,88,88,88,88,88,88,88,88],"card_choices":[{"not_picked":["Dodge and Roll","Dagger Spray"],"picked":"Bouncing Flask","floor":1.0},{"not_picked":["Quick Slash","Dagger Throw"],"picked":"Backstab","floor":3.0},{"not_picked":["Endless Agony","Skewer"],"picked":"Cloak And Dagger","floor":5.0},{"not_picked":["Leg Sweep","Expertise"],"picked":"Deadly Poison","floor":7.0},{"not_picked":["Infinite Blades","Deadly Poison"],"picked":"Accuracy","floor":8.0},{"not_picked":["Outmaneuver","Underhanded Strike","Prepared"],"picked":"SKIP","floor":10.0},{"not_picked":["Underhanded Strike","Cloak And Dagger"],"picked":"Burst","floor":12.0},{"not_picked":["Slice","Quick Slash","Sucker Punch"],"picked":"SKIP","floor":13.0},{"not_picked":["Outmaneuver","Finisher"],"picked":"Accuracy","floor":14},{"not_picked":["Doppelganger","Bullet Time"],"picked":"Night Terror","floor":16},{"not_picked":["Eviscerate","Terror"],"picked":"Deadly Poison","floor":17},{"not_picked":["Sucker Punch","Deadly Poison"],"picked":"Dodge and Roll","floor":18},{"not_picked":["Backflip","Prepared"],"picked":"Backstab","floor":19},{"not_picked":["Deadly Poison","Dodge and Roll"],"picked":"Poisoned Stab","floor":22},{"not_picked":["Distraction","Prepared"],"picked":"Noxious Fumes","floor":24},{"not_picked":["Deflect","Flying Knee"],"picked":"Poisoned Stab","floor":28}],"player_experience":893766,"relics_obtained":[{"floor":7.0,"key":"Pear"},{"floor":8.0,"key":"Odd Mushroom"},{"floor":9.0,"key":"Bottled Lightning"},{"floor":14,"key":"Boot"},{"floor":24,"key":"Orichalcum"},{"floor":26,"key":"MawBank"}],"event_choices":[{"damage_healed":0.0,"max_hp_gain":0.0,"max_hp_loss":0.0,"gold_gain":0.0,"event_name":"Scrap Ooze","player_choice":"Success","floor":4.0,"gold_loss":0.0,"damage_taken":5.0,"relics_obtained":["Calipers"]},{"damage_healed":0.0,"max_hp_gain":0.0,"max_hp_loss":0.0,"gold_gain":0.0,"event_name":"Mushrooms","player_choice":"Fought Mushrooms","floor":8.0,"gold_loss":0.0,"damage_taken":0.0},{"damage_healed":0,"gold_gain":0,"player_choice":"0 cards matched","damage_taken":0,"max_hp_gain":0,"max_hp_loss":0,"event_name":"Match and Keep!","floor":21,"gold_loss":0,"cards_obtained":[]}],"is_beta":false,"boss_relics":[{"not_picked":["Eternal Feather","Calling Bell"],"picked":"Tiny House"}],"items_purged_floors":[],"is_endless":false,"potions_floor_spawned":[8,12,13,14,16,19,24],"killed_by":"Cultist and Chosen","ascension_level":17}