{"gold_per_floor":[363,374,374,392,170,170,184,213,261,292,292,242,272,285,285,384,384,397,397,11,31,42,73,35,35,35,69,80,111,111,125,125,229,229,242,242,242,242,252,252,277,290,290,290,290,13,24,41,41,41],"floor_reached":51,"playtime":8481,"items_purged":["Strike_G","Defend_G","Infinite Blades+1"],"score":876,"play_id":"d3d6836a-618a-471a-b362-f84ba8387e5b","local_time":"20180922121521","is_ascension_mode":true,"campfire_choices":[{"floor":6.0,"key":"REST"},{"floor":11.0,"key":"REST"},{"data":"Footwork","floor":15.0,"key":"SMITH"},{"floor":25.0,"key":"REST"},{"floor":32.0,"key":"REST"},{"floor":40.0,"key":"REST"},{"floor":44.0,"key":"REST"},{"floor":49,"key":"REST"}],"neow_cost":"PERCENT_DAMAGE","seed_source_timestamp":0,"circlet_count":0,"master_deck":["Defend_G+1","Defend_G+1","Defend_G+1","Strike_G+1","Strike_G+1","Strike_G+1","Survivor+1","Neutralize+1","Footwork+1","Sucker Punch+1","Caltrops+1","Poisoned Stab+1","Blur+1","Footwork+1","Escape Plan+1","Blur+1","A Thousand Cuts+1","Backstab+1","Noxious Fumes+1","Terror+1","Infinite Blades+1","Catalyst+1","Cloak And Dagger+1","Dodge and Roll+1","Poisoned Stab+1","Backflip+1","Malaise+1","Backflip+1","Backstab+1","Bane+1","Cloak And Dagger+1","Poisoned Stab+1","Cloak And Dagger+1","Backflip+1"],"special_seed":0,"relics":["Ring of the Snake","Question Card","Pen Nib","Bronze Scales","Blood Vial","Du-Vu Doll","Anchor","Sozu","Orichalcum","Frozen Eye","Strawberry","Happy Flower","Omamori","Shuriken","Fusion Hammer","Gambling Chip","Torii","Mark of the Bloom","Ancient Tea Set"],"potions_floor_usage":[],"damage_taken":[{"damage":2.0,"enemies":"2 Louse","floor":1.0,"turns":4.0},{"damage":0.0,"enemies":"Jaw Worm","floor":2.0,"turns":8.0},{"damage":0.0,"enemies":"Small Slimes","floor":4.0,"turns":5.0},{"damage":1.0,"enemies":"Red Slaver","floor":7.0,"turns":6.0},{"damage":11.0,"enemies":"Gremlin Nob","floor":8.0,"turns":5.0},{"damage":9.0,"enemies":"3 Sentries","floor":10.0,"turns":10.0},{"damage":1.0,"enemies":"Lagavulin","floor":13.0,"turns":9.0},{"damage":0.0,"enemies":"2 Fungi Beasts","floor":14.0,"turns":3.0},{"damage":7.0,"enemies":"Slime Boss","floor":16.0,"turns":12.0},{"damage":7.0,"enemies":"Chosen","floor":18.0,"turns":7.0},{"damage":2.0,"enemies":"Shell Parasite","floor":21.0,"turns":6.0},{"damage":15.0,"enemies":"Sentry and Sphere","floor":22.0,"turns":6.0},{"damage":16.0,"enemies":"Slavers","floor":23.0,"turns":5.0},{"damage":0.0,"enemies":"Gremlin Leader","floor":27.0,"turns":7.0},{"damage":0.0,"enemies":"Snake Plant","floor":28.0,"turns":4.0},{"damage":29.0,"enemies":"Slavers","floor":29.0,"turns":6.0},{"damage":4.0,"enemies":"3 Cultists","floor":31.0,"turns":6.0},{"damage":4.0,"enemies":"Champ","floor":33.0,"turns":10.0},{"damage":0.0,"enemies":"Orb Walker","floor":35.0,"turns":4.0},{"damage":17.0,"enemies":"3 Darklings","floor":39.0,"turns":5.0},{"damage":3.0,"enemies":"Nemesis","floor":41.0,"turns":5.0},{"damage":0.0,"enemies":"Maw","floor":42.0,"turns":6.0},{"damage":0,"enemies":"Reptomancer","floor":47,"turns":3},{"damage":0,"enemies":"3 Darklings","floor":48,"turns":4},{"damage":34,"enemies":"Awakened One","floor":50,"turns":13}],"seed_played":"3011468949709254590","potions_obtained":[{"floor":1.0,"key":"Block Potion"},{"floor":8.0,"key":"Energy Potion"},{"floor":13.0,"key":"PowerPotion"},{"floor":16.0,"key":"SpeedPotion"}],"is_trial":false,"path_per_floor":["M","M","?","M","$","R","M","E","T","E","R","?","E","M","R","B",null,"M","?","$","M","M","E","$","R","T","E","M","E","?","M","R","B",null,"M","?","?","?","M","R","E","M","T","R","?","$","M","M","R","B"],"character_chosen":"THE_SILENT","items_purchased":["Pen Nib","Noxious Fumes","Frozen Eye","Infinite Blades","Ancient Tea Set"],"campfire_rested":7,"item_purchase_floors":[5,20,20,24,46],"current_hp_per_floor":[47,47,22,22,22,43,42,31,31,24,45,45,46,48,48,43,70,63,63,63,63,50,43,43,66,66,68,70,43,43,41,64,62,77,77,77,77,77,60,77,74,76,76,77,77,77,77,77,77,43],"gold":41,"neow_bonus":"TWO_FIFTY_GOLD","is_prod":false,"is_daily":false,"chose_seed":false,"campfire_upgraded":1,"win_rate":1,"timestamp":1537611321,"path_taken":["M","M","?","M","$","R","M","E","T","E","R","?","E","M","R","BOSS","M","?","$","M","M","E","?","R","T","E","M","E","?","M","R","BOSS","M","?","?","?","?","R","E","M","T","R","?","$","M","M","R","BOSS"],"build_version":"2018-09-20","purchased_purges":3,"victory":true,"max_hp_per_floor":[70,70,70,70,70,70,70,70,70,70,70,70,70,70,70,70,70,70,70,70,70,70,77,77,77,77,77,77,77,77,77,77,77,77,77,77,77,77,77,77,77,77,77,77,77,77,77,77,77,77],"card_choices":[{"not_picked":["Flying Knee","Dagger Throw"],"picked":"Footwork","floor":1.0},{"not_picked":["Reflex","Tactician"],"picked":"Sucker Punch","floor":2.0},{"not_picked":["Tactician","Underhanded Strike","Bane"],"picked":"Caltrops","floor":4.0},{"not_picked":["Outmaneuver","Bane","Deadly Poison"],"picked":"Poisoned Stab","floor":7.0},{"not_picked":["Reflex","Corpse Explosion","Outmaneuver"],"picked":"Blur","floor":8.0},{"not_picked":["Sucker Punch","Eviscerate","Tactician"],"picked":"Footwork","floor":10.0},{"not_picked":["Slice","Deadly Poison","Accuracy"],"picked":"Escape Plan","floor":13.0},{"not_picked":["Masterful Stab","Catalyst","Quick Slash"],"picked":"Blur","floor":14.0},{"not_picked":["Bullet Time","Phantasmal Killer","Envenom"],"picked":"A Thousand Cuts","floor":16.0},{"not_picked":["Blur","Choke+1","Prepared+1"],"picked":"Backstab+1","floor":18.0},{"not_picked":["Endless Agony","Poisoned Stab","All Out Attack"],"picked":"Terror","floor":21.0},{"not_picked":["Slice+1","Underhanded Strike+1","Blur"],"picked":"Infinite Blades","floor":22.0},{"not_picked":["Deflect","Tools of the Trade","Outmaneuver"],"picked":"Catalyst+1","floor":23.0},{"not_picked":["Deflect","PiercingWail","Dodge and Roll"],"picked":"Cloak And Dagger","floor":27.0},{"not_picked":["Blade Dance","Tools of the Trade","Calculated Gamble"],"picked":"Dodge and Roll+1","floor":28.0},{"not_picked":["PiercingWail","Dagger Throw","Riddle With Holes"],"picked":"Poisoned Stab","floor":29.0},{"not_picked":["PiercingWail","Outmaneuver","Slice"],"picked":"Backflip","floor":31.0},{"not_picked":["A Thousand Cuts","Tools of the Trade","Bullet Time"],"picked":"Malaise","floor":33.0},{"not_picked":["Footwork","PiercingWail+1","Acrobatics"],"picked":"Backflip+1","floor":35.0},{"not_picked":["Slice","All Out Attack","Prepared+1"],"picked":"Bane+1","floor":39.0},{"not_picked":["Dagger Throw","Envenom","Slice+1"],"picked":"Cloak And Dagger+1","floor":41.0},{"not_picked":["Reflex+1","Heel Hook+1","Acrobatics+1"],"picked":"Poisoned Stab+1","floor":42.0},{"not_picked":["Crippling Poison+1","Slice","Eviscerate"],"picked":"Cloak And Dagger+1","floor":47},{"not_picked":["Cloak And Dagger","All Out Attack+1","Slice+1"],"picked":"Backflip+1","floor":48}],"player_experience":117097,"relics_obtained":[{"floor":8.0,"key":"Bronze Scales"},{"floor":9.0,"key":"Blood Vial"},{"floor":10.0,"key":"Du-Vu Doll"},{"floor":13.0,"key":"Anchor"},{"floor":23.0,"key":"Strawberry"},{"floor":26.0,"key":"Happy Flower"},{"floor":27.0,"key":"Omamori"},{"floor":29.0,"key":"Shuriken"},{"floor":41.0,"key":"Gambling Chip"},{"floor":43.0,"key":"Torii"}],"event_choices":[{"event_name":"Scrap Ooze","player_choice":"success","floor":3.0,"damage_taken":25.0},{"event_name":"The Cleric","player_choice":"Card Removal","floor":12.0,"damage_taken":0.0},{"event_name":"The Mausoleum","player_choice":"Yes","floor":19.0,"damage_taken":0.0},{"event_name":"The Woman in Blue","player_choice":"Bought 0 Potions","floor":30.0,"damage_taken":0.0},{"event_name":"Duplicator","player_choice":"One dupe","floor":36.0,"damage_taken":0.0},{"event_name":"Tomb of Lord Red Mask","player_choice":"Ignored","floor":37.0,"damage_taken":0.0},{"event_name":"Bonfire Elementals","player_choice":"BASIC","floor":38.0,"damage_taken":0.0},{"event_name":"MindBloom","player_choice":"Upgrade","floor":45.0,"damage_taken":0.0}],"is_beta":false,"boss_relics":[{"not_picked":["Snecko Eye","Orrery"],"picked":"Sozu"},{"not_picked":["Philosopher\u0027s Stone","Ring of the Serpent"],"picked":"Fusion Hammer"}],"items_purged_floors":[5,20,46],"is_endless":false,"potions_floor_spawned":[1,8,13,16,21,27,29,33,35,42,48],"ascension_level":4}