{"gold_per_floor":[218,230,119,131,37,70,70,83,83,108,108,128,52,110,110,110],"floor_reached":16,"playtime":2991,"items_purged":[],"score":204,"play_id":"5a958406-8366-4c12-95ce-3aa98da550e0","local_time":"20190818161007","is_ascension_mode":true,"campfire_choices":[{"data":"Hemokinesis","floor":7,"key":"SMITH"},{"data":"Pommel Strike","floor":11,"key":"SMITH"},{"floor":15,"key":"REST"}],"neow_cost":"NONE","seed_source_timestamp":6802030860473,"circlet_count":0,"master_deck":["AscendersBane","Strike_R","Strike_R","Strike_R","Strike_R","Strike_R","Defend_R","Defend_R","Defend_R","Defend_R","Bash","Havoc","Intimidate","Pommel Strike+1","True Grit","Pummel","Shrug It Off","Hemokinesis+1","Reaper","Power Through","Flame Barrier","Evolve","Shrug It Off"],"relics":["Burning Blood","Pen Nib","Mercury Hourglass","Nunchaku","Paper Frog"],"potions_floor_usage":[14,16],"damage_taken":[{"damage":6,"enemies":"2 Louse","floor":1,"turns":4},{"damage":10,"enemies":"Small Slimes","floor":2,"turns":4},{"damage":2,"enemies":"Jaw Worm","floor":4,"turns":3},{"damage":38,"enemies":"3 Sentries","floor":6,"turns":12},{"damage":4,"enemies":"Blue Slaver","floor":8,"turns":4},{"damage":20,"enemies":"Gremlin Nob","floor":10,"turns":3},{"damage":6,"enemies":"Exordium Wildlife","floor":12,"turns":5},{"damage":15,"enemies":"Lagavulin Event","floor":14,"turns":5},{"damage":62,"enemies":"Hexaghost","floor":16,"turns":11}],"seed_played":"-7227459200821474791","potions_obtained":[{"floor":4,"key":"Energy Potion"},{"floor":12,"key":"SpeedPotion"},{"floor":14,"key":"Regen Potion"}],"is_trial":false,"path_per_floor":["M","M","$","M","$","E","R","M","T","E","R","M","$","?","R","B"],"character_chosen":"IRONCLAD","items_purchased":["Pommel Strike","True Grit","Shrug It Off","Hemokinesis","Evolve"],"campfire_rested":1,"item_purchase_floors":[3,3,5,5,13],"current_hp_per_floor":[68,64,64,68,68,36,36,38,38,28,28,28,28,19,41,0],"gold":110,"neow_bonus":"HUNDRED_GOLD","is_prod":false,"is_daily":false,"chose_seed":false,"campfire_upgraded":2,"win_rate":0,"timestamp":1566137407,"path_taken":["M","M","$","M","$","E","R","M","T","E","R","M","$","?","R","BOSS"],"build_version":"2019-07-17","purchased_purges":0,"victory":false,"max_hp_per_floor":[75,75,75,75,75,75,75,75,75,75,75,75,75,75,75,75],"card_choices":[{"not_picked":["Warcry","Body Slam"],"picked":"Havoc","floor":1},{"not_picked":["Wild Strike","Seeing Red"],"picked":"Intimidate","floor":2},{"not_picked":["Blood for Blood","Thunderclap"],"picked":"Pummel","floor":4},{"not_picked":["Searing Blow","Sentinel"],"picked":"Reaper","floor":6},{"not_picked":["Flex","Cleave"],"picked":"Power Through","floor":8},{"not_picked":["Heavy Blade","Iron Wave"],"picked":"Flame Barrier","floor":10},{"not_picked":["Metallicize","Havoc","Rage"],"picked":"SKIP","floor":12},{"not_picked":["Pommel Strike","Rampage"],"picked":"Shrug It Off","floor":14}],"player_experience":729381,"relics_obtained":[{"floor":6,"key":"Pen Nib"},{"floor":9,"key":"Mercury Hourglass"},{"floor":10,"key":"Nunchaku"},{"floor":14,"key":"Paper Frog"}],"event_choices":[{"damage_healed":0,"gold_gain":0,"player_choice":"Searched \u00271\u0027 times","damage_taken":0,"max_hp_gain":0,"max_hp_loss":0,"event_name":"Dead Adventurer","floor":14,"gold_loss":0}],"is_beta":false,"boss_relics":[],"items_purged_floors":[],"is_endless":false,"potions_floor_spawned":[4,12,14],"killed_by":"Hexaghost","ascension_level":17}