{"gold_per_floor":[116,133,133,151,6,6,47,47,47,68,68,88,113,188,188,188],"floor_reached":16,"playtime":516,"items_purged":["Normality"],"score":102,"play_id":"6c350d37-1d1b-4bd4-b9b2-7b22d6f528e0","local_time":"20181123111912","is_ascension_mode":false,"campfire_choices":[{"data":"Seeing Red","floor":6,"key":"SMITH"},{"data":"Flex","floor":15,"key":"SMITH"}],"neow_cost":"CURSE","seed_source_timestamp":816691399761475,"circlet_count":0,"master_deck":["Strike_R","Strike_R","Strike_R","Strike_R","Strike_R","Defend_R","Defend_R","Defend_R","Defend_R","Bash","Heavy Blade","Injury","Clash","Seeing Red+1","Spot Weakness","Flex+1","True Grit"],"relics":["Burning Blood","Ginger","Golden Idol","Dead Branch","Champion Belt"],"potions_floor_usage":[16,16,16],"damage_taken":[{"damage":6,"enemies":"2 Louse","floor":1,"turns":3},{"damage":5,"enemies":"Small Slimes","floor":2,"turns":4},{"damage":1,"enemies":"Cultist","floor":4,"turns":3},{"damage":34,"enemies":"3 Sentries","floor":7,"turns":9},{"damage":2,"enemies":"3 Louse","floor":10,"turns":2},{"damage":7,"enemies":"Blue Slaver","floor":12,"turns":2},{"damage":9,"enemies":"2 Fungi Beasts","floor":13,"turns":3},{"damage":52,"enemies":"Slime Boss","floor":16,"turns":8}],"seed_played":"3414009285028886569","potions_obtained":[{"floor":4,"key":"Block Potion"},{"floor":10,"key":"BloodPotion"},{"floor":11,"key":"Explosive Potion"}],"is_trial":false,"path_per_floor":["M","M","?","M","$","R","E","$","T","M","?","M","M","?","R","B"],"character_chosen":"IRONCLAD","items_purchased":["Seeing Red"],"campfire_rested":0,"item_purchase_floors":[5],"current_hp_per_floor":[80,80,80,80,80,80,52,52,52,56,56,55,52,41,41,0],"gold":188,"neow_bonus":"ONE_RARE_RELIC","is_prod":false,"is_daily":false,"chose_seed":false,"campfire_upgraded":2,"win_rate":0,"timestamp":1542989952,"path_taken":["M","M","?","M","$","R","E","$","T","M","?","?","M","?","R","BOSS"],"build_version":"2018-11-15","purchased_purges":1,"victory":false,"max_hp_per_floor":[80,80,80,80,80,80,80,80,80,80,80,80,80,80,80,80],"card_choices":[{"not_picked":["True Grit","Havoc"],"picked":"Heavy Blade","floor":1},{"not_picked":["Power Through","Second Wind","Sever Soul"],"picked":"SKIP","floor":2},{"not_picked":["Thunderclap","Evolve"],"picked":"Clash","floor":4},{"not_picked":["Rage","Infernal Blade"],"picked":"Spot Weakness","floor":7},{"not_picked":["Hemokinesis","Iron Wave"],"picked":"Flex","floor":10},{"not_picked":["Headbutt","True Grit","Body Slam"],"picked":"SKIP","floor":12},{"not_picked":["Warcry","Carnage"],"picked":"True Grit","floor":13}],"player_experience":210626,"relics_obtained":[{"floor":7,"key":"Dead Branch"},{"floor":9,"key":"Champion Belt"}],"event_choices":[{"damage_healed":0,"gold_gain":0,"player_choice":"Take Wound","damage_taken":0,"relics_obtained":["Golden Idol"],"max_hp_gain":0,"max_hp_loss":0,"event_name":"Golden Idol","floor":3,"gold_loss":0,"cards_obtained":["Injury"]},{"damage_healed":0,"gold_gain":0,"player_choice":"Got Potions","damage_taken":0,"max_hp_gain":0,"max_hp_loss":0,"event_name":"Lab","floor":11,"gold_loss":0},{"damage_healed":0,"gold_gain":75,"player_choice":"Gather Gold","damage_taken":11,"max_hp_gain":0,"max_hp_loss":0,"event_name":"World of Goop","floor":14,"gold_loss":0}],"is_beta":false,"boss_relics":[],"items_purged_floors":[5],"is_endless":false,"potions_floor_spawned":[4,10,13],"killed_by":"Slime Boss","ascension_level":0}