{"gold_per_floor":[115,130,145,220,230,230,264,264,264,339,339,30,48,61,61,161,161,176,176,190,202,217,217,217],"floor_reached":24,"playtime":2368,"items_purged":[],"score":210,"play_id":"6f5dc771-36f2-4db5-b27b-bafe60d06b63","local_time":"20180916154103","is_ascension_mode":true,"campfire_choices":[{"data":"Bloodletting","floor":6,"key":"SMITH"},{"floor":8,"key":"REST"},{"floor":11,"key":"REST"},{"data":"Bash","floor":15,"key":"SMITH"},{"floor":23,"key":"REST"}],"neow_cost":"NONE","seed_source_timestamp":240070984717972,"circlet_count":0,"master_deck":["Strike_R","Strike_R","Strike_R+1","Strike_R","Strike_R","Defend_R","Defend_R","Defend_R","Defend_R","Bash+1","Juggernaut","Rampage+1","Bloodletting+1","Burning Pact","Blood for Blood","Impervious","Pommel Strike","Warcry","Clash","Heavy Blade","Double Tap","Headbutt+1","Second Wind","Body Slam+1","Shrug It Off","Anger"],"relics":["Burning Blood","Dream Catcher","Dodecahedron","Whetstone","Bag of Preparation","Runic Cube"],"potions_floor_usage":[13,14,22,22,24],"damage_taken":[{"damage":0,"enemies":"Cultist","floor":1,"turns":4},{"damage":0,"enemies":"Small Slimes","floor":2,"turns":5},{"damage":4,"enemies":"Jaw Worm","floor":3,"turns":4},{"damage":8,"enemies":"Red Slaver","floor":5,"turns":5},{"damage":39,"enemies":"Gremlin Nob","floor":7,"turns":5},{"damage":5,"enemies":"Blue Slaver","floor":13,"turns":6},{"damage":8,"enemies":"Exordium Thugs","floor":14,"turns":4},{"damage":32,"enemies":"Slime Boss","floor":16,"turns":11},{"damage":20,"enemies":"Spheric Guardian","floor":18,"turns":4},{"damage":10,"enemies":"Chosen","floor":20,"turns":4},{"damage":39,"enemies":"Snake Plant","floor":21,"turns":4},{"damage":32,"enemies":"Chosen and Byrds","floor":22,"turns":5},{"damage":41,"enemies":"Cultist and Chosen","floor":24,"turns":5}],"seed_played":"7440328306190859072","potions_obtained":[{"floor":1,"key":"Regen Potion"},{"floor":2,"key":"Dexterity Potion"},{"floor":3,"key":"Explosive Potion"},{"floor":16,"key":"Fire Potion"},{"floor":22,"key":"FearPotion"}],"is_trial":false,"path_per_floor":["M","M","M","?","M","R","E","R","T","?","R","$","M","M","R","B",null,"M","?","M","M","M","R"],"character_chosen":"IRONCLAD","items_purchased":["Whetstone","Bag of Preparation"],"campfire_rested":3,"item_purchase_floors":[12,12],"current_hp_per_floor":[80,80,80,69,67,67,34,58,58,50,74,74,75,73,73,47,80,66,66,62,29,8,32,0],"gold":217,"neow_bonus":"ONE_RANDOM_RARE_CARD","is_prod":false,"is_daily":false,"chose_seed":false,"campfire_upgraded":2,"win_rate":0,"timestamp":1537105263,"path_taken":["M","M","?","?","M","R","E","R","T","?","R","?","M","M","R","BOSS","M","?","M","M","M","R","M"],"build_version":"2018-09-06","purchased_purges":0,"victory":false,"max_hp_per_floor":[80,80,80,80,80,80,80,80,80,80,80,80,80,80,80,80,80,80,80,80,80,80,80,80],"card_choices":[{"not_picked":["Feel No Pain","Heavy Blade"],"picked":"Rampage","floor":1},{"not_picked":["Battle Trance","Clash"],"picked":"Bloodletting","floor":2},{"not_picked":["Combust","Dual Wield"],"picked":"Burning Pact","floor":3},{"not_picked":["Feel No Pain","Disarm"],"picked":"Blood for Blood","floor":5},{"not_picked":["Heavy Blade","True Grit"],"picked":"Impervious","floor":7},{"not_picked":["Spot Weakness","True Grit"],"picked":"Pommel Strike","floor":8},{"not_picked":["Rupture","Clash"],"picked":"Warcry","floor":11},{"not_picked":["Thunderclap","Twin Strike"],"picked":"Clash","floor":13},{"not_picked":["Whirlwind","Dual Wield"],"picked":"Heavy Blade","floor":14},{"not_picked":["Feed","Brutality"],"picked":"Double Tap","floor":16},{"not_picked":["Warcry","Anger"],"picked":"Headbutt+1","floor":18},{"not_picked":["Searing Blow","Cleave"],"picked":"Second Wind","floor":20},{"not_picked":["True Grit","Cleave"],"picked":"Body Slam+1","floor":21},{"not_picked":["Heavy Blade","Bloodletting"],"picked":"Shrug It Off","floor":22},{"not_picked":["Body Slam","Fiend Fire"],"picked":"Anger","floor":23}],"player_experience":42506,"relics_obtained":[{"floor":7,"key":"Dream Catcher"},{"floor":9,"key":"Dodecahedron"}],"event_choices":[{"event_name":"World of Goop","player_choice":"Gather Gold","floor":4,"damage_taken":0},{"event_name":"FaceTrader","player_choice":"Touch","floor":10,"damage_taken":0},{"event_name":"Beggar","player_choice":"Ignored","floor":19,"damage_taken":0}],"is_beta":false,"boss_relics":[{"not_picked":["Calling Bell","White Beast Statue"],"picked":"Runic Cube"}],"items_purged_floors":[],"is_endless":false,"potions_floor_spawned":[1,2,3,5,16,22],"killed_by":"Cultist and Chosen","ascension_level":1}