{"gold_per_floor":[215,225,150,150,126,126,136,168,168,199,215,249,249,261,261,340,340,352,50,50,0,0,0,0],"floor_reached":24,"playtime":1859,"items_purged":["Strike_R"],"score":392,"play_id":"21e0493a-e72e-4d63-8208-6f4d93676a17","local_time":"20190818151958","is_ascension_mode":true,"campfire_choices":[{"data":"Uppercut","floor":6.0,"key":"SMITH"},{"floor":15.0,"key":"REST"},{"data":"Corruption","floor":23,"key":"SMITH"}],"neow_cost":"NONE","seed_source_timestamp":4795551655523,"circlet_count":0,"master_deck":["AscendersBane","Strike_R","Defend_R","Defend_R","Defend_R","Defend_R","Bash","Iron Wave","Uppercut+1","Shrug It Off","Feed","Demon Form","Armaments","Heavy Blade","Pummel","Limit Break","Corruption+1","Shrug It Off","Warcry","Wild Strike"],"special_seed":0,"relics":["Burning Blood","Peace Pipe","Champion Belt","Juzu Bracelet","Bag of Preparation","Busted Crown","Oddly Smooth Stone"],"potions_floor_usage":[18],"damage_taken":[{"damage":9.0,"enemies":"2 Louse","floor":1.0,"turns":3.0},{"damage":1.0,"enemies":"Cultist","floor":2.0,"turns":4.0},{"damage":0.0,"enemies":"Jaw Worm","floor":7.0,"turns":5.0},{"damage":16.0,"enemies":"Gremlin Nob","floor":8.0,"turns":5.0},{"damage":10.0,"enemies":"Lagavulin","floor":10.0,"turns":7.0},{"damage":23.0,"enemies":"Large Slime","floor":11.0,"turns":8.0},{"damage":15.0,"enemies":"3 Sentries","floor":12.0,"turns":6.0},{"damage":11.0,"enemies":"Exordium Wildlife","floor":14.0,"turns":4.0},{"damage":26.0,"enemies":"Hexaghost","floor":16.0,"turns":7.0},{"damage":14,"enemies":"3 Byrds","floor":18,"turns":4},{"damage":68,"enemies":"Slavers","floor":24,"turns":4}],"seed_played":"-8401504806447631250","potions_obtained":[{"floor":4.0,"key":"EssenceOfSteel"},{"floor":4.0,"key":"LiquidBronze"},{"floor":8.0,"key":"Energy Potion"},{"floor":18,"key":"Weak Potion"}],"is_trial":false,"path_per_floor":["M","M","$","?","$","R","M","E","T","E","M","E","?","M","R","B",null,"M","$","?","?","$","R","E"],"character_chosen":"IRONCLAD","items_purchased":["Shrug It Off","Corruption","Oddly Smooth Stone","Shrug It Off"],"campfire_rested":1,"item_purchase_floors":[5,19,19,19],"current_hp_per_floor":[65,70,70,70,70,70,75,65,65,64,50,44,37,35,61,41,76,68,68,68,68,68,68,0],"gold":0,"neow_bonus":"HUNDRED_GOLD","is_prod":false,"is_daily":false,"chose_seed":false,"campfire_upgraded":2,"win_rate":0,"timestamp":1566134398,"path_taken":["M","M","$","?","$","R","?","E","T","E","M","E","?","M","R","BOSS","M","$","?","?","?","R","E"],"build_version":"2019-07-17","purchased_purges":1,"victory":false,"max_hp_per_floor":[75,75,75,75,75,75,75,75,75,78,81,84,84,87,87,87,87,87,87,87,87,87,87,87],"card_choices":[{"not_picked":["Reckless Charge","Body Slam"],"picked":"Iron Wave","floor":1.0},{"not_picked":["Iron Wave","Havoc"],"picked":"Uppercut","floor":2.0},{"not_picked":["Havoc","Clash"],"picked":"Feed","floor":7.0},{"not_picked":["Wild Strike","Headbutt"],"picked":"Demon Form","floor":8.0},{"not_picked":["Burning Pact","Evolve"],"picked":"Armaments","floor":10.0},{"not_picked":["Sentinel","Rampage"],"picked":"Heavy Blade","floor":11.0},{"not_picked":["Infernal Blade","Flex"],"picked":"Pummel","floor":12.0},{"not_picked":["Burning Pact","Rage","Body Slam"],"picked":"SKIP","floor":14.0},{"not_picked":["Feed","Exhume"],"picked":"Limit Break","floor":16.0},{"not_picked":["Wild Strike"],"picked":"SKIP","floor":18}],"player_experience":727522,"relics_obtained":[{"floor":8.0,"key":"Peace Pipe"},{"floor":9.0,"key":"Champion Belt"},{"floor":10.0,"key":"Juzu Bracelet"},{"floor":12.0,"key":"Bag of Preparation"}],"event_choices":[{"damage_healed":0.0,"max_hp_gain":0.0,"max_hp_loss":0.0,"gold_gain":0.0,"event_name":"Lab","player_choice":"Got Potions","floor":4.0,"gold_loss":0.0,"damage_taken":0.0},{"cards_removed":["Strike_R"],"damage_healed":0.0,"max_hp_gain":0.0,"max_hp_loss":0.0,"gold_gain":0.0,"event_name":"Golden Wing","player_choice":"Card Removal","floor":13.0,"gold_loss":0.0,"damage_taken":7.0},{"damage_healed":0,"gold_gain":0,"cards_transformed":["Strike_R","Strike_R"],"player_choice":"Became Test Subject","damage_taken":0,"max_hp_gain":0,"max_hp_loss":0,"event_name":"Drug Dealer","floor":20,"gold_loss":0,"cards_obtained":["Warcry","Wild Strike"]},{"damage_healed":0,"gold_gain":0,"player_choice":"Paid Fearfully","damage_taken":0,"max_hp_gain":0,"max_hp_loss":0,"event_name":"Masked Bandits","floor":21,"gold_loss":50}],"is_beta":false,"boss_relics":[{"not_picked":["Coffee Dripper","Pandora\u0027s Box"],"picked":"Busted Crown"}],"items_purged_floors":[3],"is_endless":false,"potions_floor_spawned":[7,8,11,18],"killed_by":"Slavers","ascension_level":17}