{"gold_per_floor":[110,110,134,134,134,167,68,68,68,83,106,106,181,214,214,339,339,364,121,121,121,36,36,59,73,73,24,37,51,64,104,104,228,228,247,247,260,280,304,340,340,358,383,401,420,459,459,459,459,459,459,459,44,87,87],"floor_reached":56,"playtime":3366,"items_purged":[],"score":1214,"play_id":"12796b4c-0bb9-4db9-b4ad-a40911f11894","local_time":"20190709023347","is_ascension_mode":false,"campfire_choices":[{"floor":8.0,"key":"REST"},{"floor":12.0,"key":"REST"},{"floor":15.0,"key":"REST"},{"data":"J.A.X.","floor":23.0,"key":"SMITH"},{"floor":32,"key":"REST"},{"floor":41,"key":"RECALL"},{"data":"Limit Break","floor":47,"key":"SMITH"},{"data":"Shockwave","floor":49,"key":"SMITH"},{"data":"Impervious","floor":52,"key":"SMITH"}],"neow_cost":"NONE","seed_source_timestamp":2169012392462613,"circlet_count":0,"master_deck":["Strike_R","Strike_R","Strike_R","Strike_R","Strike_R","Defend_R+1","Defend_R","Defend_R+1","Defend_R","Bash+1","Seeing Red","Reaper+1","Iron Wave+1","Perfected Strike+1","Impervious","Perfected Strike+1","Wild Strike+1","J.A.X.+1","Shockwave+1","Heavy Blade+1","Pommel Strike+1","Spot Weakness+1","Metallicize+1","Limit Break+1","Shockwave+1","Pommel Strike+1","Shrug It Off+1","Impervious+1","Uppercut+1","Pummel+1"],"special_seed":0,"relics":["Burning Blood","Dream Catcher","Golden Idol","Potion Belt","Molten Egg 2","Oddly Smooth Stone","White Beast Statue","Cauldron","Paper Frog","Sundial","Omamori","Velvet Choker","Thread and Needle","Blood Vial","Art of War","HandDrill","Happy Flower","Charon\u0027s Ashes"],"potions_floor_usage":[31,31,31,38,40,45,50,55,55,55,55,55,55,55,55],"damage_taken":[{"damage":7.0,"enemies":"2 Louse","floor":1.0,"turns":3.0},{"damage":8.0,"enemies":"Small Slimes","floor":3.0,"turns":4.0},{"damage":27.0,"enemies":"Gremlin Nob","floor":6.0,"turns":4.0},{"damage":0.0,"enemies":"Cultist","floor":10.0,"turns":3.0},{"damage":12.0,"enemies":"Blue Slaver","floor":11.0,"turns":4.0},{"damage":29.0,"enemies":"Lagavulin","floor":14.0,"turns":6.0},{"damage":53.0,"enemies":"The Guardian","floor":16.0,"turns":9.0},{"damage":48.0,"enemies":"3 Byrds","floor":18.0,"turns":8.0},{"damage":15.0,"enemies":"Shell Parasite","floor":24.0,"turns":4.0},{"damage":13.0,"enemies":"Chosen and Byrds","floor":25.0,"turns":4.0},{"damage":19.0,"enemies":"Sentry and Sphere","floor":28.0,"turns":3.0},{"damage":7.0,"enemies":"Cultist and Chosen","floor":29.0,"turns":4.0},{"damage":7.0,"enemies":"Snecko","floor":30.0,"turns":5.0},{"damage":36,"enemies":"Gremlin Leader","floor":31,"turns":6},{"damage":60,"enemies":"Champ","floor":33,"turns":9},{"damage":0,"enemies":"Orb Walker","floor":35,"turns":2},{"damage":9,"enemies":"3 Darklings","floor":37,"turns":3},{"damage":38,"enemies":"Jaw Worm Horde","floor":38,"turns":6},{"damage":18,"enemies":"Maw","floor":39,"turns":6},{"damage":23,"enemies":"Nemesis","floor":40,"turns":5},{"damage":15,"enemies":"Spire Growth","floor":42,"turns":3},{"damage":11,"enemies":"Sphere and 2 Shapes","floor":44,"turns":5},{"damage":13,"enemies":"Maw","floor":45,"turns":8},{"damage":11,"enemies":"Giant Head","floor":46,"turns":7},{"damage":64,"enemies":"Donu and Deca","floor":50,"turns":9},{"damage":40,"enemies":"Shield and Spear","floor":54,"turns":8},{"damage":58,"enemies":"The Heart","floor":55,"turns":7}],"seed_played":"3866737850074709604","potions_obtained":[{"floor":1.0,"key":"SteroidPotion"},{"floor":10.0,"key":"Fire Potion"},{"floor":14.0,"key":"GamblersBrew"},{"floor":18.0,"key":"Swift Potion"},{"floor":19.0,"key":"Fire Potion"},{"floor":19.0,"key":"Strength Potion"},{"floor":19.0,"key":"LiquidBronze"},{"floor":19.0,"key":"Energy Potion"},{"floor":19.0,"key":"LiquidBronze"},{"floor":24.0,"key":"SkillPotion"},{"floor":25.0,"key":"SteroidPotion"},{"floor":28.0,"key":"SpeedPotion"},{"floor":29.0,"key":"LiquidBronze"},{"floor":31,"key":"SmokeBomb"},{"floor":33,"key":"EssenceOfSteel"},{"floor":35,"key":"Explosive Potion"},{"floor":36,"key":"SteroidPotion"},{"floor":36,"key":"EntropicBrew"},{"floor":38,"key":"Swift Potion"},{"floor":40,"key":"SkillPotion"},{"floor":42,"key":"PowerPotion"},{"floor":44,"key":"Energy Potion"},{"floor":45,"key":"AttackPotion"},{"floor":54,"key":"Swift Potion"}],"is_trial":false,"path_per_floor":["M","?","M","?","?","E","?","R","T","M","M","R","?","E","R","B",null,"M","$","?","?","?","R","M","M","T","$","M","M","M","E","R","B",null,"M","?","M","M","M","E","R","M","T","M","M","E","R","?","R","B",null,"R","$","E","B",null],"character_chosen":"IRONCLAD","items_purchased":["Wild Strike+1","Cauldron","Pommel Strike+1","HandDrill","Happy Flower","Uppercut+1"],"campfire_rested":4,"item_purchase_floors":[19,19,27,53,53,53],"current_hp_per_floor":[79,59,57,57,41,20,20,44,44,50,44,68,57,41,65,18,80,44,44,44,70,70,70,61,70,70,70,65,80,79,55,79,40,80,80,80,77,60,63,46,46,37,37,52,68,80,80,80,80,22,80,80,80,46,11],"gold":87,"neow_bonus":"RANDOM_COMMON_RELIC","is_prod":false,"is_daily":false,"chose_seed":false,"campfire_upgraded":4,"win_rate":0,"timestamp":1562654027,"path_taken":["M","?","M","?","?","E","?","R","T","?","M","R","?","E","R","BOSS","M","$","?","?","?","R","M","M","T","?","?","M","M","E","R","BOSS","M","?","M","M","M","E","R","M","T","M","?","E","R","?","R","BOSS","R","$","E","BOSS"],"build_version":"2019-07-05","purchased_purges":0,"victory":true,"max_hp_per_floor":[80,80,80,80,80,80,80,80,80,80,80,80,80,80,80,80,80,80,80,80,80,80,80,80,80,80,80,80,80,80,80,80,80,80,80,80,80,80,80,80,80,80,80,80,80,80,80,80,80,80,80,80,80,80,80],"card_choices":[{"not_picked":["Reckless Charge","Bloodletting","Heavy Blade"],"picked":"SKIP","floor":1.0},{"not_picked":["Rampage","Evolve","Body Slam"],"picked":"SKIP","floor":3.0},{"not_picked":["Bloodletting","Heavy Blade","Twin Strike"],"picked":"SKIP","floor":6.0},{"not_picked":["Dual Wield","Second Wind"],"picked":"Seeing Red","floor":10.0},{"not_picked":["Perfected Strike+1","Heavy Blade+1"],"picked":"Reaper+1","floor":11.0},{"not_picked":["Spot Weakness","Havoc"],"picked":"Iron Wave+1","floor":12.0},{"not_picked":["True Grit","Wild Strike+1"],"picked":"Perfected Strike+1","floor":14.0},{"not_picked":["Barricade","Exhume"],"picked":"Impervious","floor":16.0},{"not_picked":["Shrug It Off","Pommel Strike+1"],"picked":"Perfected Strike+1","floor":18.0},{"not_picked":["Uppercut+1","Clash+1"],"picked":"Shockwave","floor":24.0},{"not_picked":["Clothesline+1","Flame Barrier"],"picked":"Heavy Blade+1","floor":25.0},{"not_picked":["Armaments","Immolate+1","Body Slam+1"],"picked":"SKIP","floor":28.0},{"not_picked":["Clash+1","Thunderclap+1","Burning Pact+1"],"picked":"SKIP","floor":29.0},{"not_picked":["Cleave+1","Flame Barrier","Flex"],"picked":"SKIP","floor":30.0},{"not_picked":["Entrench","Pummel+1"],"picked":"Spot Weakness+1","floor":31},{"not_picked":["Cleave+1","Headbutt+1"],"picked":"Metallicize+1","floor":32},{"not_picked":["Barricade","Double Tap"],"picked":"Limit Break","floor":33},{"not_picked":["Clothesline+1","Spot Weakness","True Grit+1"],"picked":"SKIP","floor":35},{"not_picked":["Evolve","Rupture+1","Power Through+1"],"picked":"SKIP","floor":37},{"not_picked":["Carnage+1","Feel No Pain","Sword Boomerang+1"],"picked":"SKIP","floor":38},{"not_picked":["Burning Pact","Flex+1"],"picked":"Shockwave+1","floor":39},{"not_picked":["Corruption+1","Sword Boomerang+1","Armaments"],"picked":"SKIP","floor":40},{"not_picked":["Spot Weakness","Clothesline+1","Rampage+1"],"picked":"SKIP","floor":42},{"not_picked":["Headbutt+1","Sever Soul+1"],"picked":"Pommel Strike+1","floor":44},{"not_picked":["Combust+1","Rage"],"picked":"Shrug It Off+1","floor":45},{"not_picked":["Cleave+1","Perfected Strike+1"],"picked":"Impervious","floor":46},{"not_picked":["Anger+1","Feel No Pain+1"],"picked":"Pummel+1","floor":54}],"player_experience":433472,"relics_obtained":[{"floor":6.0,"key":"Potion Belt"},{"floor":14.0,"key":"Oddly Smooth Stone"},{"floor":26.0,"key":"Sundial"},{"floor":31,"key":"Omamori"},{"floor":40,"key":"Thread and Needle"},{"floor":43,"key":"Blood Vial"},{"floor":46,"key":"Art of War"},{"floor":54,"key":"Charon\u0027s Ashes"}],"event_choices":[{"damage_healed":0.0,"max_hp_gain":0.0,"max_hp_loss":0.0,"gold_gain":0.0,"event_name":"Golden Idol","player_choice":"Take Damage","floor":2.0,"gold_loss":0.0,"damage_taken":20.0,"relics_obtained":["Golden Idol"]},{"damage_healed":0.0,"max_hp_gain":0.0,"max_hp_loss":0.0,"gold_gain":0.0,"event_name":"Living Wall","player_choice":"Grow","floor":4.0,"gold_loss":0.0,"damage_taken":0.0,"cards_upgraded":["Bash"]},{"damage_healed":0.0,"max_hp_gain":0.0,"max_hp_loss":0.0,"gold_gain":0.0,"event_name":"Shining Light","player_choice":"Entered Light","floor":5.0,"gold_loss":0.0,"damage_taken":16.0,"cards_upgraded":["Defend_R","Defend_R"]},{"damage_healed":0.0,"max_hp_gain":0.0,"max_hp_loss":0.0,"gold_gain":0.0,"event_name":"WeMeetAgain","player_choice":"Paid Gold","floor":7.0,"gold_loss":99.0,"damage_taken":0.0,"relics_obtained":["Molten Egg 2"]},{"damage_healed":0.0,"max_hp_gain":0.0,"max_hp_loss":0.0,"gold_gain":75.0,"event_name":"World of Goop","player_choice":"Gather Gold","floor":13.0,"gold_loss":0.0,"damage_taken":11.0},{"damage_healed":0.0,"max_hp_gain":0.0,"max_hp_loss":0.0,"gold_gain":0.0,"event_name":"Drug Dealer","player_choice":"Obtain J.A.X.","floor":20.0,"gold_loss":0.0,"damage_taken":0.0,"cards_obtained":["J.A.X."]},{"damage_healed":26.0,"max_hp_gain":0.0,"max_hp_loss":0.0,"gold_gain":0.0,"event_name":"The Library","player_choice":"Heal","floor":21.0,"gold_loss":0.0,"damage_taken":0.0},{"damage_healed":0.0,"max_hp_gain":0.0,"max_hp_loss":0.0,"gold_gain":0.0,"event_name":"Addict","player_choice":"Obtained Relic","floor":22.0,"gold_loss":85.0,"damage_taken":0.0,"relics_obtained":["Paper Frog"]},{"damage_healed":0,"gold_gain":0,"player_choice":"Got Potions","damage_taken":0,"max_hp_gain":0,"max_hp_loss":0,"event_name":"Lab","floor":36,"gold_loss":0},{"damage_healed":0,"gold_gain":0,"player_choice":"Ignored","damage_taken":0,"max_hp_gain":0,"max_hp_loss":0,"event_name":"NoteForYourself","floor":48,"gold_loss":0}],"is_beta":false,"boss_relics":[{"not_picked":["Astrolabe","Runic Cube"],"picked":"White Beast Statue"},{"not_picked":["Black Star","Sozu"],"picked":"Velvet Choker"}],"items_purged_floors":[],"is_endless":false,"potions_floor_spawned":[1,10,14,18,24,25,28,29,30,31,33,35,37,38,39,40,42,44,45,46,54],"ascension_level":0}