{"gold_per_floor":[113,131,147,21,31,31,59,35,35,47,93,121,133,145,157,241,253,277,307,51,66,85,85,0,29,82,82,99,99,119,169,169,246,246,260,260,28,28],"floor_reached":38,"playtime":3797,"items_purged":["Strike_G"],"score":772,"play_id":"5d96079d-3f17-48fa-812e-43fe298b2bec","local_time":"20190909204435","is_ascension_mode":true,"campfire_choices":[{"data":"Noxious Fumes","floor":6.0,"key":"SMITH"},{"floor":10,"key":"REST"},{"floor":13,"key":"REST"},{"floor":15,"key":"REST"},{"data":"Apotheosis","floor":23,"key":"SMITH"},{"floor":27,"key":"REST"},{"floor":29,"key":"REST"},{"data":"Well Laid Plans","floor":32,"key":"SMITH"}],"neow_cost":"NONE","seed_source_timestamp":346466552600200,"circlet_count":0,"master_deck":["AscendersBane","Strike_G","Strike_G","Strike_G","Strike_G","Defend_G","Defend_G","Defend_G","Defend_G","Defend_G","Survivor","Neutralize+1","Slice","Slice","Sucker Punch","Noxious Fumes+1","Deadly Poison","Well Laid Plans+1","PiercingWail","PiercingWail","Predator","Leg Sweep","Burst","Footwork","Deflect","Bouncing Flask","Dodge and Roll","Slice","Prepared","Bouncing Flask","Apotheosis+1","Deadly Poison","Night Terror","Venomology","Dodge and Roll","Finesse"],"special_seed":0,"relics":["Ring of the Snake","Bronze Scales","Oddly Smooth Stone","MawBank","Ornamental Fan","Orrery","Strawberry","Potion Belt","Philosopher\u0027s Stone"],"potions_floor_usage":[7,21,22,25,30,30],"damage_taken":[{"damage":1.0,"enemies":"Cultist","floor":1.0,"turns":4.0},{"damage":5.0,"enemies":"Small Slimes","floor":2.0,"turns":3.0},{"damage":4.0,"enemies":"Jaw Worm","floor":3.0,"turns":3.0},{"damage":0.0,"enemies":"2 Fungi Beasts","floor":5.0,"turns":4.0},{"damage":25,"enemies":"3 Sentries","floor":7,"turns":7},{"damage":23,"enemies":"Lagavulin","floor":11,"turns":6},{"damage":1,"enemies":"3 Louse","floor":12,"turns":4},{"damage":11,"enemies":"Hexaghost","floor":16,"turns":10},{"damage":6,"enemies":"3 Byrds","floor":18,"turns":3},{"damage":4,"enemies":"Chosen","floor":19,"turns":6},{"damage":2,"enemies":"Centurion and Healer","floor":21,"turns":5},{"damage":14,"enemies":"3 Cultists","floor":22,"turns":6},{"damage":31,"enemies":"Gremlin Leader","floor":25,"turns":9},{"damage":8,"enemies":"Snecko","floor":28,"turns":6},{"damage":5,"enemies":"Cultist and Chosen","floor":30,"turns":8},{"damage":32,"enemies":"Champ","floor":33,"turns":14},{"damage":54,"enemies":"3 Darklings","floor":35,"turns":6},{"damage":82,"enemies":"2 Orb Walkers","floor":38,"turns":4}],"seed_played":"1393114439415633115","potions_obtained":[{"floor":1.0,"key":"SteroidPotion"},{"floor":5.0,"key":"Strength Potion"},{"floor":7,"key":"GhostInAJar"},{"floor":21,"key":"GhostInAJar"},{"floor":25,"key":"SpeedPotion"},{"floor":28,"key":"SkillPotion"}],"is_trial":false,"path_per_floor":["M","M","M","$","M","R","E","$","T","R","E","M","R","?","R","B",null,"M","M","$","M","M","R","$","E","T","R","M","R","M","?","R","B",null,"M","?","$","?"],"character_chosen":"THE_SILENT","items_purchased":["Noxious Fumes","Deadly Poison","PiercingWail","Apotheosis","Deadly Poison","Regen Potion","Dodge and Roll","Finesse"],"campfire_rested":5,"item_purchase_floors":[4,4,8,20,20,24,37,37],"current_hp_per_floor":[58,53,49,49,49,49,24,24,24,43,20,19,38,38,57,46,61,55,51,51,49,35,35,35,26,26,47,39,60,55,55,55,23,61,7,60,60,0],"gold":28,"neow_bonus":"RANDOM_COMMON_RELIC","is_prod":false,"is_daily":false,"chose_seed":false,"campfire_upgraded":3,"win_rate":0,"timestamp":1568087075,"path_taken":["M","M","?","?","M","R","E","$","T","R","E","?","R","?","R","BOSS","M","M","?","M","M","R","$","E","T","R","M","R","M","?","R","BOSS","M","?","$","?"],"build_version":"2019-07-17","purchased_purges":1,"victory":false,"max_hp_per_floor":[66,66,66,66,66,66,66,66,66,66,66,66,66,66,66,66,66,66,66,66,66,66,66,66,73,73,73,73,73,73,73,73,73,73,73,60,60,60],"card_choices":[{"not_picked":["Setup","Flying Knee"],"picked":"Slice","floor":1.0},{"not_picked":["Flying Knee","Reflex"],"picked":"Slice","floor":2.0},{"not_picked":["Deflect","Bane"],"picked":"Sucker Punch","floor":3.0},{"not_picked":["Backflip","Slice"],"picked":"Well Laid Plans","floor":5.0},{"not_picked":["Finisher","Quick Slash"],"picked":"PiercingWail","floor":7},{"not_picked":["Flying Knee","Slice"],"picked":"Predator","floor":11},{"not_picked":["Skewer","Dagger Throw"],"picked":"Leg Sweep","floor":12},{"not_picked":["Unload","Tools of the Trade"],"picked":"Burst","floor":16},{"not_picked":["Dodge and Roll","Poisoned Stab"],"picked":"Footwork","floor":17},{"not_picked":["Slice","Eviscerate"],"picked":"Deflect","floor":17},{"not_picked":["Prepared","Skewer"],"picked":"Bouncing Flask","floor":17},{"not_picked":["Underhanded Strike","Infinite Blades"],"picked":"Dodge and Roll","floor":17},{"not_picked":["Quick Slash","Dagger Throw"],"picked":"Slice","floor":17},{"not_picked":["Dodge and Roll","Dash+1"],"picked":"Prepared","floor":18},{"not_picked":["Riddle With Holes","Heel Hook"],"picked":"Bouncing Flask","floor":19},{"not_picked":["Sucker Punch","Bane","Choke+1"],"picked":"SKIP","floor":21},{"not_picked":["Underhanded Strike","Masterful Stab+1","Flechettes"],"picked":"SKIP","floor":22},{"not_picked":["Sucker Punch","Expertise","Dagger Spray"],"picked":"SKIP","floor":25},{"not_picked":["Slice","Concentrate","Flying Knee"],"picked":"SKIP","floor":28},{"not_picked":["Dagger Spray","Cloak And Dagger"],"picked":"Night Terror","floor":30},{"not_picked":["Tools of the Trade","Bullet Time"],"picked":"Venomology","floor":33},{"not_picked":["Flying Knee","Bouncing Flask","Expertise"],"picked":"SKIP","floor":35}],"player_experience":853874,"relics_obtained":[{"floor":7,"key":"Oddly Smooth Stone"},{"floor":9,"key":"MawBank"},{"floor":11,"key":"Ornamental Fan"},{"floor":25,"key":"Strawberry"},{"floor":26,"key":"Potion Belt"}],"event_choices":[{"damage_healed":0,"gold_gain":0,"player_choice":"Upgraded","damage_taken":0,"max_hp_gain":0,"max_hp_loss":0,"event_name":"Upgrade Shrine","floor":14,"gold_loss":0,"cards_upgraded":["Neutralize"]},{"damage_healed":0,"gold_gain":50,"player_choice":"Stole From Cult","damage_taken":0,"max_hp_gain":0,"max_hp_loss":0,"event_name":"Nest","floor":31,"gold_loss":0},{"damage_healed":60,"gold_gain":0,"player_choice":"Heal","damage_taken":0,"max_hp_gain":0,"max_hp_loss":13,"event_name":"The Moai Head","floor":36,"gold_loss":0},{"damage_healed":0,"gold_gain":0,"player_choice":"Fight","damage_taken":0,"max_hp_gain":0,"max_hp_loss":0,"event_name":"Mysterious Sphere","floor":38,"gold_loss":0}],"is_beta":false,"boss_relics":[{"not_picked":["White Beast Statue","HoveringKite"],"picked":"Orrery"},{"not_picked":["Coffee Dripper","Ring of the Serpent"],"picked":"Philosopher\u0027s Stone"}],"items_purged_floors":[37],"is_endless":false,"potions_floor_spawned":[1,5,7,21,25,28],"killed_by":"2 Orb Walkers","ascension_level":17}