{"path_per_floor":["M","M","$","M","M","R","M","M","T","R","$","?","R","M","R","B",null,"M","?","M","M","?","R","M","M","T","R","M","$","M","M","R","B",null,"M","M","$","M","M","R","$","R","T","M","E","?","?","M","R"],"character_chosen":"IRONCLAD","items_purchased":["Shrug It Off","Armaments","Kunai"],"gold_per_floor":[117,135,6,21,36,36,55,73,73,73,19,19,19,32,32,132,132,145,145,164,178,178,178,188,199,252,252,263,21,33,46,46,147,147,164,182,82,99,114,114,114,114,140,153,178,178,178,196,196],"floor_reached":50,"campfire_rested":4,"playtime":11224,"current_hp_per_floor":[73,77,77,77,76,76,77,80,80,80,80,80,80,80,80,54,80,75,75,71,52,36,42,42,32,32,64,41,41,45,33,65,37,80,80,80,80,50,35,67,67,75,75,61,26,26,26,18,50],"items_purged":["Strike_R","Strike_R"],"gold":196,"play_id":"dee24abf-b507-40ca-9c86-ecfff9383810","is_prod":false,"is_daily":false,"is_ascension_mode":false,"campfire_upgraded":6,"path_taken":["M","M","$","?","?","R","M","M","T","R","$","?","R","M","R","BOSS","M","?","?","M","?","R","M","M","T","R","M","?","M","M","R","BOSS","M","M","$","?","M","R","$","R","T","M","E","?","?","M","R","BOSS"],"build_version":"2018-01-25-PROD3","purchased_purges":2,"victory":false,"master_deck":["Strike_R","Defend_R","Defend_R","Defend_R","Bash","Dropkick","Iron Wave+1","Rampage+1","Shrug It Off","Flame Barrier+1","Pommel Strike","Offering+1","Armaments+1","Offering+1","Anger","Rage+1","Whirlwind","Battle Trance","Fire Breathing+1","Dual Wield+1","Infernal Blade+1","Rupture+1"],"max_hp_per_floor":[80,80,80,80,80,80,80,80,80,80,80,80,80,80,80,80,80,80,80,80,80,80,80,80,80,80,80,80,80,80,80,80,80,80,80,80,80,80,80,80,80,80,80,80,80,80,80,80,80],"relics":["Burning Blood","Blood Vial","Eternal Feather","Enchiridion","Molten Egg","Kunai","Sozu","Oddly Smooth Stone","Dream Catcher"],"card_choices":[{"not_picked":["Twin Strike","True Grit"],"picked":"Iron Wave"},{"not_picked":["Pommel Strike","Body Slam"],"picked":"Rampage"},{"not_picked":["Bloodletting","Shrug It Off"],"picked":"Flame Barrier"},{"not_picked":["True Grit","Power Through"],"picked":"Pommel Strike"},{"not_picked":["Twin Strike","Sword Boomerang"],"picked":"Offering"},{"not_picked":["Brutality","Berserk"],"picked":"Offering"},{"not_picked":["Spot Weakness","Fire Breathing"],"picked":"Anger"},{"not_picked":["Warcry","Pommel Strike"],"picked":"Rage"},{"not_picked":["Perfected Strike","Shockwave"],"picked":"Whirlwind"},{"not_picked":["Iron Wave","Anger"],"picked":"Battle Trance"},{"not_picked":["Armaments","Disarm"],"picked":"Fire Breathing"},{"not_picked":["Thunderclap","Clothesline"],"picked":"Dual Wield"},{"not_picked":["Clash","Power Through"],"picked":"Infernal Blade"},{"not_picked":["Infernal Blade","Cleave"],"picked":"Rupture"}],"player_experience":71152,"potions_floor_usage":[30,33,33],"damage_taken":[{"damage":13.0,"enemies":"Blue Slaver","floor":1.0,"turns":7.0},{"damage":2.0,"enemies":"Small Slimes","floor":2.0,"turns":4.0},{"damage":6.0,"enemies":"Jaw Worm","floor":4.0,"turns":3.0},{"damage":7.0,"enemies":"3 Louse","floor":5.0,"turns":3.0},{"damage":5.0,"enemies":"Large Slime","floor":7.0,"turns":7.0},{"damage":2.0,"enemies":"Looter","floor":8.0,"turns":3.0},{"damage":4.0,"enemies":"Gremlin Gang","floor":14.0,"turns":3.0},{"damage":32.0,"enemies":"Hexaghost","floor":16.0,"turns":10.0},{"damage":11.0,"enemies":"Spheric Guardian","floor":18.0,"turns":6.0},{"damage":12.0,"enemies":"2 Thieves","floor":20.0,"turns":4.0},{"damage":27.0,"enemies":"Sentry and Sphere","floor":21.0,"turns":7.0},{"damage":8.0,"enemies":"Centurion and Healer","floor":24.0,"turns":3.0},{"damage":18.0,"enemies":"Snake Plant","floor":25.0,"turns":5.0},{"damage":31,"enemies":"Slaver and Parasite","floor":28,"turns":6},{"damage":4,"enemies":"Centurion and Healer","floor":30,"turns":5},{"damage":20,"enemies":"Snake Plant","floor":31,"turns":3},{"damage":36,"enemies":"Champ","floor":33,"turns":14},{"damage":4,"enemies":"3 Shapes","floor":35,"turns":7},{"damage":4,"enemies":"Orb Walker","floor":36,"turns":4},{"damage":36,"enemies":"4 Shapes","floor":38,"turns":8},{"damage":23,"enemies":"Sphere and 2 Shapes","floor":39,"turns":13},{"damage":22,"enemies":"Maw","floor":44,"turns":8},{"damage":43,"enemies":"Nemesis","floor":45,"turns":7},{"damage":16,"enemies":"4 Shapes","floor":48,"turns":7},{"damage":55,"enemies":"Donu and Deca","floor":50,"turns":6}],"event_choices":[{"event_name":"Bonfire Elementals","player_choice":"BASIC","floor":12.0,"damage_taken":0.0},{"event_name":"Drug Dealer","player_choice":"Ignored","floor":19.0,"damage_taken":0.0},{"event_name":"Cursed Tome","player_choice":"Obtained Book","floor":22.0,"damage_taken":0.0},{"event_name":"Match and Keep!","player_choice":"0 cards matched","floor":47,"damage_taken":0}],"boss_relics":[{"not_picked":["Orrery","Question Card"],"picked":"Sozu"}],"potions_floor_spawned":[4,7,14,18,24,28,31,35,44,48],"seed_played":"2982021230245041644","killed_by":"Donu and Deca","ascension_level":0,"is_trial":false}