{"path_per_floor":["M","M","?","?","M","R","M","M","T","R","M","M","?","$","R","B",null,"M","M","?","M","M","R","$","M","T","$","R","E","M","M","R","B",null,"M","?","?","$","M","R","E","M","T","?","M","R","M","M","R","B"],"character_chosen":"IRONCLAD","items_purchased":["Apotheosis","Mind Blast","Secret Technique"],"gold_per_floor":[114,129,129,129,144,144,159,174,224,224,239,254,254,43,43,143,143,158,173,173,188,203,203,40,55,55,55,55,85,100,115,115,215,215,230,230,230,17,32,32,62,77,102,202,217,217,232,247,277,277],"floor_reached":51,"campfire_rested":2,"playtime":3855,"current_hp_per_floor":[78,77,70,63,65,65,67,65,78,78,80,79,79,78,77,66,81,77,79,78,51,40,75,74,63,69,69,69,70,71,66,66,23,94,91,91,91,91,92,91,47,49,55,55,60,91,83,85,85,36],"items_purged":["Doubt"],"gold":277,"score":670,"play_id":"5920ae38-1931-47fb-b1f3-48672ce4ddac","local_time":"20180421032424","daily_mods":["Heirloom","Cursed Run","Terminal"],"is_prod":false,"is_daily":true,"chose_seed":false,"is_ascension_mode":false,"campfire_upgraded":3,"timestamp":1524252264,"path_taken":["M","M","?","?","M","R","M","M","T","R","M","M","?","$","R","BOSS","M","M","?","M","?","R","$","M","T","$","R","E","M","M","R","BOSS","M","?","?","$","M","R","E","M","T","?","M","R","M","M","R","BOSS"],"build_version":"2018-04-19","seed_source_timestamp":0,"purchased_purges":1,"victory":true,"master_deck":["Strike_R","Strike_R","Strike_R","Strike_R","Defend_R","Defend_R","Defend_R","Bash","True Grit","Shockwave","Cleave+1","Iron Wave","Ghostly Armor+1","Cleave","Apotheosis+1","Immolate","Cleave","Shrug It Off","Anger+1","Mind Blast","Cleave+1","Clash","Feed","Secret Technique","Anger+1","Cleave+1","Clumsy","Carnage+1","Anger+1","Injury"],"max_hp_per_floor":[78,77,76,75,74,73,72,71,83,82,81,80,79,78,77,82,81,80,79,78,77,76,75,74,73,78,77,76,75,74,73,72,77,94,96,95,94,93,92,91,90,89,94,93,92,91,90,89,88,93],"relics":["Cursed Key","Darkstone Periapt","Du-Vu Doll","Shovel","Blood Vial","Strawberry","White Beast Statue","Regal Pillow","Mummified Hand","Self Forming Clay","Matryoshka","Lantern","Calling Bell","Bag of Preparation","Molten Egg 2","Unceasing Top","Thread and Needle","Mercury Hourglass","Happy Flower","Ancient Tea Set","Tiny Chest"],"card_choices":[{"not_picked":["Twin Strike","Second Wind"],"picked":"True Grit","floor":1},{"not_picked":["Thunderclap","Corruption"],"picked":"Shockwave","floor":2},{"not_picked":["Sword Boomerang","Pommel Strike"],"picked":"Cleave","floor":5},{"not_picked":["Thunderclap","Rupture"],"picked":"Iron Wave","floor":7},{"not_picked":["Headbutt","Evolve"],"picked":"Ghostly Armor","floor":8},{"not_picked":["Thunderclap","Flex"],"picked":"Cleave","floor":12},{"not_picked":["Bludgeon","Exhume"],"picked":"Immolate","floor":16},{"not_picked":["Thunderclap","Perfected Strike"],"picked":"Cleave","floor":18},{"not_picked":["Blood for Blood","Flame Barrier"],"picked":"Shrug It Off","floor":19},{"not_picked":["Wild Strike","Sword Boomerang"],"picked":"Anger","floor":22},{"not_picked":["True Grit","Dropkick"],"picked":"Cleave","floor":29},{"not_picked":["Shrug It Off","Uppercut"],"picked":"Clash","floor":30},{"not_picked":["Juggernaut","Offering"],"picked":"Feed","floor":33},{"not_picked":["Heavy Blade","Thunderclap"],"picked":"Anger","floor":41},{"not_picked":["Pummel","Anger"],"picked":"Cleave","floor":42},{"not_picked":["Blood for Blood","Spot Weakness"],"picked":"Carnage","floor":45},{"not_picked":["Shockwave","Infernal Blade"],"picked":"Anger","floor":48}],"player_experience":472354,"potions_floor_usage":[16,16,19,21,25,25,29,29,31,31,33,41,41,41,42,45,50,50,50],"damage_taken":[{"damage":0,"enemies":"2 Louse","floor":1,"turns":4},{"damage":0,"enemies":"Jaw Worm","floor":2,"turns":5},{"damage":0,"enemies":"Cultist","floor":5,"turns":3},{"damage":0,"enemies":"2 Fungi Beasts","floor":7,"turns":3},{"damage":4,"enemies":"Blue Slaver","floor":8,"turns":4},{"damage":0,"enemies":"3 Louse","floor":11,"turns":1},{"damage":2,"enemies":"Looter","floor":12,"turns":3},{"damage":17,"enemies":"Hexaghost","floor":16,"turns":8},{"damage":4,"enemies":"2 Thieves","floor":18,"turns":3},{"damage":0,"enemies":"Chosen","floor":19,"turns":4},{"damage":27,"enemies":"Snake Plant","floor":21,"turns":3},{"damage":13,"enemies":"Chosen and Byrds","floor":22,"turns":3},{"damage":11,"enemies":"Centurion and Healer","floor":25,"turns":4},{"damage":1,"enemies":"Slavers","floor":29,"turns":3},{"damage":1,"enemies":"3 Cultists","floor":30,"turns":3},{"damage":13,"enemies":"Snake Plant","floor":31,"turns":3},{"damage":51,"enemies":"Automaton","floor":33,"turns":9},{"damage":6,"enemies":"3 Shapes","floor":35,"turns":2},{"damage":0,"enemies":"3 Darklings","floor":39,"turns":2},{"damage":44,"enemies":"Giant Head","floor":41,"turns":9},{"damage":0,"enemies":"4 Shapes","floor":42,"turns":2},{"damage":3,"enemies":"Sphere and 2 Shapes","floor":45,"turns":3},{"damage":8,"enemies":"Maw","floor":47,"turns":7},{"damage":0,"enemies":"3 Darklings","floor":48,"turns":3},{"damage":72,"enemies":"Donu and Deca","floor":50,"turns":10}],"event_choices":[{"event_name":"Golden Wing","player_choice":"Card Removal","floor":3,"damage_taken":0},{"event_name":"Scrap Ooze","player_choice":"success","floor":4,"damage_taken":7},{"event_name":"Living Wall","player_choice":"Forget","floor":13,"damage_taken":0},{"event_name":"The Mausoleum","player_choice":"Yes","floor":20,"damage_taken":0},{"event_name":"Fountain of Cleansing","player_choice":"Removed Curse","floor":36,"damage_taken":0},{"event_name":"Mysterious Sphere","player_choice":"Ignore","floor":37,"damage_taken":0},{"event_name":"Golden Shrine","player_choice":"Pray","floor":44,"damage_taken":0}],"boss_relics":[{"not_picked":["Runic Dome","Velvet Choker"],"picked":"White Beast Statue"},{"not_picked":["Snecko Eye","Astrolabe"],"picked":"Calling Bell"}],"potions_floor_spawned":[2,7,8,12,18,19,21,22,25,29,30,31,33,35,39,41,42,45,47,48],"seed_played":"8167839930029530236","ascension_level":0,"is_trial":false}