{"gold_per_floor":[114,126,137,156,167,198,163,176,203,220,220,220,248,248,248,248],"floor_reached":16,"playtime":1372,"items_purged":[],"score":137,"play_id":"85f71a2c-db9e-4ab8-9cae-fb02fd508f47","local_time":"20190912143507","is_ascension_mode":true,"campfire_choices":[{"floor":12,"key":"REST"},{"floor":15,"key":"REST"}],"neow_cost":"NONE","seed_source_timestamp":79953847643200,"circlet_count":0,"master_deck":["Strike_G","Strike_G","Strike_G","Strike_G","Strike_G","Defend_G","Defend_G","Defend_G","Defend_G","Defend_G","Survivor","Neutralize","Acrobatics","Choke","Backflip","Heel Hook","Eviscerate","Endless Agony","Heel Hook","Riddle With Holes","Bouncing Flask"],"relics":["Ring of the Snake","NeowsBlessing","Strawberry","Ornamental Fan"],"potions_floor_usage":[6,6],"damage_taken":[{"damage":0,"enemies":"2 Louse","floor":1,"turns":1},{"damage":0,"enemies":"Small Slimes","floor":2,"turns":1},{"damage":0,"enemies":"Cultist","floor":3,"turns":1},{"damage":7,"enemies":"Exordium Wildlife","floor":4,"turns":6},{"damage":4,"enemies":"Blue Slaver","floor":5,"turns":4},{"damage":57,"enemies":"Gremlin Nob","floor":6,"turns":6},{"damage":3,"enemies":"3 Louse","floor":8,"turns":5},{"damage":0,"enemies":"Looter","floor":10,"turns":2},{"damage":52,"enemies":"3 Sentries","floor":13,"turns":13},{"damage":38,"enemies":"The Guardian","floor":16,"turns":9}],"seed_played":"-3341675723824096602","potions_obtained":[{"floor":2,"key":"Swift Potion"},{"floor":4,"key":"FearPotion"},{"floor":5,"key":"SteroidPotion"},{"floor":6,"key":"FearPotion"},{"floor":13,"key":"Energy Potion"}],"is_trial":false,"path_per_floor":["M","M","M","M","M","E","?","M","T","M","?","R","E","?","R","B"],"character_chosen":"THE_SILENT","items_purchased":[],"campfire_rested":2,"item_purchase_floors":[],"current_hp_per_floor":[70,70,70,63,59,9,28,25,25,25,44,67,15,15,37,0],"gold":248,"neow_bonus":"THREE_ENEMY_KILL","is_prod":false,"is_daily":false,"chose_seed":false,"campfire_upgraded":0,"win_rate":0,"timestamp":1568316907,"path_taken":["M","M","M","M","M","E","?","M","T","M","?","R","E","?","R","BOSS"],"build_version":"2019-07-17","purchased_purges":0,"victory":false,"max_hp_per_floor":[70,70,70,70,70,77,77,77,77,77,77,77,77,74,74,74],"card_choices":[{"not_picked":["Dagger Spray","Underhanded Strike"],"picked":"Acrobatics","floor":1},{"not_picked":["Blur","Endless Agony"],"picked":"Choke","floor":2},{"not_picked":["Cloak And Dagger","Quick Slash"],"picked":"Backflip","floor":3},{"not_picked":["Sucker Punch","Underhanded Strike"],"picked":"Heel Hook","floor":4},{"not_picked":["Deadly Poison","Terror"],"picked":"Eviscerate","floor":5},{"not_picked":["Deflect","Underhanded Strike"],"picked":"Endless Agony","floor":6},{"not_picked":["Blade Dance","Sucker Punch"],"picked":"Heel Hook","floor":8},{"not_picked":["Setup","Terror"],"picked":"Riddle With Holes","floor":10},{"not_picked":["Tactician","Glass Knife"],"picked":"Bouncing Flask","floor":13}],"player_experience":358002,"relics_obtained":[{"floor":6,"key":"Strawberry"},{"floor":13,"key":"Ornamental Fan"}],"event_choices":[{"damage_healed":19,"gold_gain":0,"player_choice":"Healed","damage_taken":0,"max_hp_gain":0,"max_hp_loss":0,"event_name":"The Cleric","floor":7,"gold_loss":35},{"damage_healed":19,"gold_gain":0,"player_choice":"Healed and dodged fight","damage_taken":0,"max_hp_gain":0,"max_hp_loss":0,"event_name":"Mushrooms","floor":11,"gold_loss":0,"cards_obtained":["Parasite"]},{"cards_removed":["Parasite"],"damage_healed":0,"gold_gain":0,"player_choice":"Removed Curses","damage_taken":0,"max_hp_gain":0,"max_hp_loss":0,"event_name":"Fountain of Cleansing","floor":14,"gold_loss":0}],"is_beta":false,"boss_relics":[],"items_purged_floors":[],"is_endless":false,"potions_floor_spawned":[2,4,5,6,13],"killed_by":"The Guardian","ascension_level":4}