{"gold_per_floor":[109,121,121,121,9,9,44,44,44,73,73,87,87,87,87,183,183,194,464,479,479,489,489,389,399,399,399,414,414,431,450,450,547,547,561,611,123,173,223,257,269,269,292,323,350,412],"floor_reached":46,"playtime":2104,"items_purged":["Regret"],"score":533,"play_id":"4ec40991-a009-4d70-877e-46e5a4258c88","local_time":"20190618002926","is_ascension_mode":false,"campfire_choices":[{"data":"Neutralize","floor":6.0,"key":"SMITH"},{"data":"Noxious Fumes","floor":11.0,"key":"SMITH"},{"floor":13.0,"key":"REST"},{"data":"Survivor","floor":15.0,"key":"SMITH"},{"floor":23.0,"key":"REST"},{"data":"Catalyst","floor":27.0,"key":"SMITH"},{"data":"Catalyst","floor":29.0,"key":"SMITH"},{"floor":32.0,"key":"REST"},{"floor":42.0,"key":"REST"}],"neow_cost":"NONE","seed_source_timestamp":348984801981419,"circlet_count":0,"master_deck":["Defend_G","Defend_G","Defend_G","Defend_G+1","Defend_G+1","Strike_G+1","Strike_G","Strike_G+1","Strike_G","Survivor+1","Neutralize+1","Backstab+1","Noxious Fumes+1","Envenom","Footwork","Backflip+1","Catalyst+1","Catalyst+1","Quick Slash+1","Poisoned Stab+1","Burst","Flying Knee+1","Footwork","Dash+1","Bouncing Flask","Swift Strike+1","Outmaneuver","Bane+1","Catalyst+1","Flying Knee+1"],"special_seed":0,"relics":["Ring of the Snake","Pear","War Paint","Ginger","Bottled Flame","Eternal Feather","SsserpentHead","Snake Skull","Molten Egg 2","Runic Dome","Lantern","Art of War","Strawberry","Dodecahedron","MawBank"],"potions_floor_usage":[],"damage_taken":[{"damage":0.0,"enemies":"Small Slimes","floor":1.0,"turns":4.0},{"damage":0.0,"enemies":"Jaw Worm","floor":2.0,"turns":6.0},{"damage":6.0,"enemies":"Lagavulin","floor":7.0,"turns":6.0},{"damage":18.0,"enemies":"3 Sentries","floor":10.0,"turns":11.0},{"damage":0.0,"enemies":"2 Louse","floor":12.0,"turns":1.0},{"damage":9.0,"enemies":"The Guardian","floor":16.0,"turns":12.0},{"damage":1.0,"enemies":"Chosen","floor":18.0,"turns":5.0},{"damage":3.0,"enemies":"Shell Parasite","floor":20.0,"turns":6.0},{"damage":15.0,"enemies":"Snecko","floor":22.0,"turns":7.0},{"damage":13.0,"enemies":"Cultist and Chosen","floor":25.0,"turns":7.0},{"damage":6.0,"enemies":"Centurion and Healer","floor":28.0,"turns":8.0},{"damage":21.0,"enemies":"3 Cultists","floor":30.0,"turns":6.0},{"damage":4.0,"enemies":"Snake Plant","floor":31.0,"turns":4.0},{"damage":27.0,"enemies":"Champ","floor":33.0,"turns":9.0},{"damage":28.0,"enemies":"3 Darklings","floor":35.0,"turns":5.0},{"damage":39.0,"enemies":"Nemesis","floor":40.0,"turns":7.0},{"damage":2.0,"enemies":"3 Shapes","floor":41.0,"turns":7.0},{"damage":21,"enemies":"Transient","floor":44,"turns":5},{"damage":21,"enemies":"Sphere and 2 Shapes","floor":45,"turns":5},{"damage":23,"enemies":"3 Darklings","floor":46,"turns":1}],"seed_played":"-5908170088806152497","potions_obtained":[{"floor":0.0,"key":"SpeedPotion"},{"floor":0.0,"key":"Energy Potion"},{"floor":0.0,"key":"Strength Potion"},{"floor":7.0,"key":"SteroidPotion"},{"floor":12.0,"key":"EssenceOfSteel"},{"floor":20.0,"key":"Swift Potion"},{"floor":30.0,"key":"EssenceOfSteel"},{"floor":31.0,"key":"Weak Potion"},{"floor":40.0,"key":"Ancient Potion"},{"floor":44,"key":"Weak Potion"},{"floor":45,"key":"LiquidBronze"}],"is_trial":false,"path_per_floor":["M","M","?","?","$","R","E","$","T","E","R","M","R","?","R","B",null,"M","?","M","?","M","R","$","M","T","R","M","R","M","M","R","B",null,"M","?","$","?","?","E","M","R","T","M","M","M"],"character_chosen":"THE_SILENT","items_purchased":["Backstab","Snake Skull","Footwork","Dash+1","Bouncing Flask","Lantern","Art of War"],"campfire_rested":4,"item_purchase_floors":[5,24,37,37,37,37,37],"current_hp_per_floor":[70,70,80,64,64,64,58,58,58,40,40,40,64,64,64,55,80,79,47,44,44,29,62,62,49,49,58,52,61,40,36,72,45,80,52,52,52,52,59,20,18,59,59,38,17,0],"gold":412,"neow_bonus":"THREE_SMALL_POTIONS","is_prod":false,"is_daily":false,"chose_seed":false,"campfire_upgraded":5,"win_rate":0,"timestamp":1560832166,"path_taken":["M","M","?","?","$","R","E","?","T","E","R","M","R","?","R","BOSS","M","?","?","?","M","R","?","M","T","R","M","R","M","M","R","BOSS","M","?","$","?","?","E","M","R","T","M","M","?"],"build_version":"2019-01-23","purchased_purges":1,"victory":false,"max_hp_per_floor":[70,70,80,80,80,80,80,80,80,80,80,80,80,80,80,80,80,80,80,80,80,80,80,80,80,80,80,80,80,80,80,80,80,80,80,80,80,80,87,87,87,87,87,87,87,87],"card_choices":[{"not_picked":["Quick Slash","Dagger Throw","Blade Dance"],"picked":"SKIP","floor":1.0},{"not_picked":["Expertise","Choke","Blade Dance"],"picked":"SKIP","floor":2.0},{"not_picked":["Cloak And Dagger","Poisoned Stab","Grand Finale"],"picked":"SKIP","floor":7.0},{"not_picked":["Noxious Fumes","Crippling Poison","Backflip"],"picked":"SKIP","floor":10.0},{"not_picked":["Crippling Poison","Backflip"],"picked":"Noxious Fumes","floor":10.0},{"not_picked":["Quick Slash","Dagger Throw","Poisoned Stab"],"picked":"SKIP","floor":12.0},{"not_picked":["Adrenaline","Wraith Form v2"],"picked":"Envenom","floor":16.0},{"not_picked":["Dagger Spray","Caltrops"],"picked":"Footwork","floor":18.0},{"not_picked":["Distraction","Poisoned Stab"],"picked":"Backflip+1","floor":20.0},{"not_picked":["PiercingWail+1","Backflip","Poisoned Stab"],"picked":"SKIP","floor":22.0},{"not_picked":["Bane","Acrobatics"],"picked":"Catalyst","floor":25.0},{"not_picked":["Accuracy","Bouncing Flask"],"picked":"Catalyst","floor":28.0},{"not_picked":["Reflex","Sucker Punch+1"],"picked":"Quick Slash+1","floor":30.0},{"not_picked":["Deflect","Dodge and Roll"],"picked":"Poisoned Stab+1","floor":31.0},{"not_picked":["Malaise","Grand Finale+1"],"picked":"Burst","floor":33.0},{"not_picked":["Choke+1","Slice+1"],"picked":"Flying Knee+1","floor":35.0},{"not_picked":["Sadistic Nature","Dark Shackles"],"picked":"Swift Strike+1","floor":38.0},{"not_picked":["Blade Dance","Wraith Form v2"],"picked":"Outmaneuver","floor":40.0},{"not_picked":["Accuracy+1","Flechettes+1"],"picked":"Bane+1","floor":41.0},{"not_picked":["Bouncing Flask","Expertise"],"picked":"Catalyst+1","floor":44},{"not_picked":["Dagger Spray+1","Accuracy"],"picked":"Flying Knee+1","floor":45}],"player_experience":382646,"relics_obtained":[{"floor":7.0,"key":"War Paint"},{"floor":9.0,"key":"Ginger"},{"floor":10.0,"key":"Bottled Flame"},{"floor":26.0,"key":"Molten Egg 2"},{"floor":40.0,"key":"Dodecahedron"},{"floor":43.0,"key":"MawBank"}],"event_choices":[{"damage_healed":0.0,"max_hp_gain":0.0,"max_hp_loss":0.0,"gold_gain":0.0,"event_name":"Big Fish","player_choice":"Box","floor":3.0,"gold_loss":0.0,"damage_taken":0.0,"relics_obtained":["Pear"],"cards_obtained":["Regret"]},{"damage_healed":0.0,"max_hp_gain":0.0,"max_hp_loss":0.0,"gold_gain":0.0,"event_name":"Shining Light","player_choice":"Entered Light","floor":4.0,"gold_loss":0.0,"damage_taken":16.0,"cards_upgraded":["Strike_G","Strike_G"]},{"damage_healed":0.0,"max_hp_gain":0.0,"max_hp_loss":0.0,"gold_gain":0.0,"event_name":"Living Wall","player_choice":"Grow","floor":14.0,"gold_loss":0.0,"damage_taken":0.0,"cards_upgraded":["Backstab"]},{"damage_healed":0.0,"max_hp_gain":0.0,"max_hp_loss":0.0,"gold_gain":270.0,"event_name":"Knowing Skull","player_choice":"GOLD GOLD GOLD ","floor":19.0,"potions_obtained":[],"gold_loss":0.0,"damage_taken":32.0,"cards_obtained":[]},{"damage_healed":0.0,"max_hp_gain":0.0,"max_hp_loss":0.0,"gold_gain":0.0,"event_name":"FaceTrader","player_choice":"Trade","floor":21.0,"gold_loss":0.0,"damage_taken":0.0,"relics_obtained":["SsserpentHead"]},{"cards_removed":["Strike_G"],"damage_healed":0.0,"max_hp_gain":0.0,"max_hp_loss":0.0,"gold_gain":0.0,"event_name":"Falling","player_choice":"Removed Attack","floor":36.0,"gold_loss":0.0,"damage_taken":0.0},{"damage_healed":0.0,"max_hp_gain":0.0,"max_hp_loss":0.0,"gold_gain":0.0,"event_name":"SensoryStone","player_choice":"Memory 1","floor":38.0,"gold_loss":0.0,"damage_taken":0.0},{"damage_healed":0.0,"max_hp_gain":0.0,"max_hp_loss":0.0,"gold_gain":0.0,"event_name":"WeMeetAgain","player_choice":"Gave Potion","floor":39.0,"gold_loss":0.0,"damage_taken":0.0,"relics_obtained":["Strawberry"]}],"is_beta":false,"boss_relics":[{"not_picked":["Coffee Dripper","Philosopher\u0027s Stone"],"picked":"Eternal Feather"},{"not_picked":["Calling Bell","Orrery"],"picked":"Runic Dome"}],"items_purged_floors":[5],"is_endless":false,"potions_floor_spawned":[7,12,20,30,31,40,44,45],"killed_by":"3 Darklings","ascension_level":0}