{"gold_per_floor":[16,33,208,283,283,283,283,53,79,98,122,17,35,53,53,53],"floor_reached":16,"playtime":1336,"items_purged":["Doubt"],"score":90,"play_id":"f2cf6e13-5566-47ea-8626-469c8ae370de","local_time":"20190528120119","is_ascension_mode":false,"campfire_choices":[{"data":"Spot Weakness","floor":6.0,"key":"SMITH"},{"data":"Bash","floor":15.0,"key":"SMITH"}],"neow_cost":"NO_GOLD","seed_source_timestamp":1132627921221523,"circlet_count":0,"master_deck":["Strike_R","Strike_R","Strike_R","Strike_R","Defend_R","Defend_R","Defend_R","Bash+1","Spot Weakness+1","Shrug It Off+1"],"special_seed":0,"relics":["Burning Blood","Golden Idol","Membership Card","Orichalcum","Strawberry","PrismaticShard"],"potions_floor_usage":[16],"damage_taken":[{"damage":5.0,"enemies":"Cultist","floor":1.0,"turns":4.0},{"damage":0.0,"enemies":"Small Slimes","floor":2.0,"turns":3.0},{"damage":0.0,"enemies":"2 Louse","floor":10.0,"turns":2.0},{"damage":5.0,"enemies":"Looter","floor":13.0,"turns":3.0},{"damage":16.0,"enemies":"Large Slime","floor":14.0,"turns":5.0},{"damage":60,"enemies":"Slime Boss","floor":16,"turns":12}],"seed_played":"6189007448586441590","potions_obtained":[{"floor":1.0,"key":"SkillPotion"},{"floor":13.0,"key":"AttackPotion"}],"is_trial":false,"path_per_floor":["M","M","?","?","?","R","?","$","T","M","T","$","M","M","R","B"],"character_chosen":"IRONCLAD","items_purchased":["Membership Card","PrismaticShard"],"campfire_rested":0,"item_purchase_floors":[8,12],"current_hp_per_floor":[80,80,80,69,49,49,49,49,49,55,62,62,63,53,53,0],"gold":53,"neow_bonus":"REMOVE_TWO","is_prod":false,"is_daily":false,"chose_seed":false,"campfire_upgraded":2,"win_rate":0,"timestamp":1559059279,"path_taken":["M","M","?","?","?","R","?","?","T","M","?","$","M","?","R","BOSS"],"build_version":"2019-01-23","purchased_purges":1,"victory":false,"max_hp_per_floor":[80,80,80,80,80,80,80,80,80,80,87,87,87,87,87,87],"card_choices":[{"not_picked":["Second Wind","Blood for Blood"],"picked":"Spot Weakness","floor":1.0},{"not_picked":["Sentinel","Carnage"],"picked":"Shrug It Off","floor":2.0},{"not_picked":["Reckless Charge","Disarm","Heavy Blade"],"picked":"SKIP","floor":10.0},{"not_picked":["Leap","Bouncing Flask","Burning Pact"],"picked":"SKIP","floor":13.0},{"not_picked":["Capacitor","Redo","Heel Hook"],"picked":"SKIP","floor":14.0}],"player_experience":296786,"relics_obtained":[{"floor":9.0,"key":"Orichalcum"},{"floor":11.0,"key":"Strawberry"}],"event_choices":[{"damage_healed":0.0,"max_hp_gain":0.0,"max_hp_loss":0.0,"gold_gain":175.0,"event_name":"Liars Game","player_choice":"AGREE","floor":3.0,"gold_loss":0.0,"damage_taken":0.0,"cards_obtained":["Doubt"]},{"damage_healed":0.0,"max_hp_gain":0.0,"max_hp_loss":0.0,"gold_gain":75.0,"event_name":"World of Goop","player_choice":"Gather Gold","floor":4.0,"gold_loss":0.0,"damage_taken":11.0},{"damage_healed":0.0,"max_hp_gain":0.0,"max_hp_loss":0.0,"gold_gain":0.0,"event_name":"Golden Idol","player_choice":"Take Damage","floor":5.0,"gold_loss":0.0,"damage_taken":20.0,"relics_obtained":["Golden Idol"]},{"damage_healed":0.0,"max_hp_gain":0.0,"max_hp_loss":0.0,"gold_gain":0.0,"event_name":"Living Wall","player_choice":"Grow","floor":7.0,"gold_loss":0.0,"damage_taken":0.0,"cards_upgraded":["Shrug It Off"]}],"is_beta":false,"boss_relics":[],"items_purged_floors":[8],"is_endless":false,"potions_floor_spawned":[1,13],"killed_by":"Slime Boss","ascension_level":0}