{"gold_per_floor":[116,133,143,163,88,88,114,134,157,189,200,200,220,220,220,220],"floor_reached":16,"playtime":1107,"items_purged":[],"score":217,"play_id":"33e660f7-d5af-4594-a25d-5f489af5889d","local_time":"20190904174314","is_ascension_mode":true,"campfire_choices":[{"data":"Feel No Pain","floor":6,"key":"SMITH"},{"data":"Hemokinesis","floor":12,"key":"SMITH"},{"floor":15,"key":"REST"}],"neow_cost":"NONE","seed_source_timestamp":62533322069627,"circlet_count":0,"master_deck":["AscendersBane","Strike_R","Strike_R","Strike_R","Strike_R","Defend_R","Defend_R","Defend_R","Defend_R","Bash","Battle Trance","Feel No Pain+1","Sever Soul","Infernal Blade","Flame Barrier","Ghostly Armor","Hemokinesis+1","Anger","Inflame"],"relics":["Burning Blood","Ancient Tea Set","Bottled Lightning","Juzu Bracelet","Boot","PreservedInsect"],"potions_floor_usage":[10,10,16],"damage_taken":[{"damage":8,"enemies":"2 Louse","floor":1,"turns":3},{"damage":1,"enemies":"Small Slimes","floor":2,"turns":5},{"damage":9,"enemies":"Jaw Worm","floor":3,"turns":6},{"damage":7,"enemies":"Looter","floor":4,"turns":4},{"damage":3,"enemies":"3 Sentries","floor":7,"turns":8},{"damage":0,"enemies":"Blue Slaver","floor":8,"turns":4},{"damage":18,"enemies":"Lagavulin","floor":10,"turns":5},{"damage":20,"enemies":"Red Slaver","floor":11,"turns":4},{"damage":17,"enemies":"Exordium Wildlife","floor":13,"turns":6},{"damage":34,"enemies":"The Guardian","floor":16,"turns":12}],"seed_played":"-8203522987861876981","potions_obtained":[{"floor":1,"key":"Strength Potion"},{"floor":4,"key":"SkillPotion"},{"floor":10,"key":"Weak Potion"}],"is_trial":false,"path_per_floor":["M","M","M","M","?","R","E","M","T","E","M","R","M","?","R","B"],"character_chosen":"IRONCLAD","items_purchased":[],"campfire_rested":1,"item_purchase_floors":[],"current_hp_per_floor":[66,71,68,67,67,67,70,75,75,63,49,49,38,12,34,0],"gold":220,"neow_bonus":"RANDOM_COMMON_RELIC","is_prod":false,"is_daily":false,"chose_seed":false,"campfire_upgraded":2,"win_rate":0,"timestamp":1567644194,"path_taken":["M","M","M","M","?","R","E","M","T","E","M","R","M","?","R","BOSS"],"build_version":"2019-07-17","purchased_purges":0,"victory":false,"max_hp_per_floor":[75,75,75,75,75,75,75,75,75,75,75,75,75,75,75,75],"card_choices":[{"not_picked":["Second Wind","Clash"],"picked":"Battle Trance","floor":1},{"not_picked":["Armaments","Clash"],"picked":"Feel No Pain","floor":2},{"not_picked":["Pommel Strike","Twin Strike"],"picked":"Sever Soul","floor":3},{"not_picked":["Pommel Strike","True Grit"],"picked":"Infernal Blade","floor":4},{"not_picked":["Berserk","Clothesline"],"picked":"Flame Barrier","floor":7},{"not_picked":["Iron Wave","Intimidate"],"picked":"Ghostly Armor","floor":8},{"not_picked":["Heavy Blade","Burning Pact"],"picked":"Hemokinesis","floor":10},{"not_picked":["Perfected Strike","Warcry"],"picked":"Anger","floor":11},{"not_picked":["Intimidate","Clothesline"],"picked":"Inflame","floor":13}],"player_experience":810378,"relics_obtained":[{"floor":7,"key":"Bottled Lightning"},{"floor":9,"key":"Juzu Bracelet"},{"floor":10,"key":"Boot"}],"event_choices":[{"cards_removed":["Strike_R"],"damage_healed":0,"gold_gain":0,"player_choice":"Card Removal","damage_taken":0,"max_hp_gain":0,"max_hp_loss":0,"event_name":"The Cleric","floor":5,"gold_loss":75},{"damage_healed":0,"gold_gain":0,"player_choice":"Success","damage_taken":26,"relics_obtained":["PreservedInsect"],"max_hp_gain":0,"max_hp_loss":0,"event_name":"Scrap Ooze","floor":14,"gold_loss":0}],"is_beta":false,"boss_relics":[],"items_purged_floors":[],"is_endless":false,"potions_floor_spawned":[1,4,7,8,10],"killed_by":"The Guardian","ascension_level":18}