{"gold_per_floor":[213,213,226,62,78,78,106,119,119,150,170,170,170],"floor_reached":13,"playtime":539,"items_purged":["Strike_B"],"score":100,"play_id":"b9753987-1c21-4500-ac70-32ddef5febb2","local_time":"20190815223343","is_ascension_mode":true,"campfire_choices":[{"data":"Zap","floor":6,"key":"SMITH"},{"floor":12,"key":"REST"}],"neow_cost":"NONE","seed_source_timestamp":36303247553300,"circlet_count":0,"master_deck":["Strike_B","Strike_B","Strike_B","Defend_B","Defend_B","Defend_B","Defend_B","Zap+1","Dualcast","Doom and Gloom","Rebound","Deep Breath","Chaos","Reboot","Conserve Battery","Turbo","BootSequence"],"relics":["Cracked Core","Matryoshka","Frozen Egg 2","Cables","Ornamental Fan"],"potions_floor_usage":[10,13,13],"damage_taken":[{"damage":0,"enemies":"Small Slimes","floor":1,"turns":2},{"damage":1,"enemies":"Cultist","floor":3,"turns":3},{"damage":8,"enemies":"Jaw Worm","floor":5,"turns":3},{"damage":27,"enemies":"Gremlin Nob","floor":7,"turns":4},{"damage":7,"enemies":"Blue Slaver","floor":8,"turns":3},{"damage":4,"enemies":"3 Sentries","floor":10,"turns":3},{"damage":0,"enemies":"2 Fungi Beasts","floor":11,"turns":2},{"damage":41,"enemies":"Gremlin Nob","floor":13,"turns":3}],"seed_played":"6367282135565130580","potions_obtained":[{"floor":1,"key":"LiquidBronze"},{"floor":5,"key":"SteroidPotion"},{"floor":7,"key":"Fire Potion"},{"floor":10,"key":"Regen Potion"},{"floor":11,"key":"SneckoOil"}],"is_trial":false,"path_per_floor":["M","?","M","$","M","R","E","M","T","E","M","R","E"],"character_chosen":"DEFECT","items_purchased":["Deep Breath"],"campfire_rested":1,"item_purchase_floors":[4],"current_hp_per_floor":[75,57,56,56,48,48,21,14,14,10,10,32,0],"gold":170,"neow_bonus":"HUNDRED_GOLD","is_prod":false,"is_daily":false,"chose_seed":false,"campfire_upgraded":1,"win_rate":0,"timestamp":1565901223,"path_taken":["M","?","M","$","M","R","E","M","T","E","M","R","E"],"build_version":"2019-07-17","purchased_purges":1,"victory":false,"max_hp_per_floor":[75,75,75,75,75,75,75,75,75,75,75,75,75],"card_choices":[{"not_picked":["Beam Cell","Stack"],"picked":"Doom and Gloom","floor":1},{"not_picked":["Barrage","Cold Snap"],"picked":"Rebound","floor":3},{"not_picked":["Steam Power","Stack"],"picked":"Chaos","floor":5},{"not_picked":["Leap","Conserve Battery"],"picked":"Reboot","floor":7},{"not_picked":["Compile Driver","Coolheaded"],"picked":"Conserve Battery","floor":8},{"not_picked":["Hologram","Recycle"],"picked":"Turbo","floor":10},{"not_picked":["Stack","Hologram"],"picked":"BootSequence","floor":11}],"player_experience":109418,"relics_obtained":[{"floor":7,"key":"Frozen Egg 2"},{"floor":9,"key":"Cables"},{"floor":10,"key":"Ornamental Fan"}],"event_choices":[{"damage_healed":0,"gold_gain":0,"player_choice":"Success","damage_taken":18,"relics_obtained":["Matryoshka"],"max_hp_gain":0,"max_hp_loss":0,"event_name":"Scrap Ooze","floor":2,"gold_loss":0}],"is_beta":false,"boss_relics":[],"items_purged_floors":[4],"is_endless":false,"potions_floor_spawned":[1,5,7,10,11],"killed_by":"Gremlin Nob","ascension_level":1}