{"gold_per_floor":[113,113,74,88,102,129,129,129,152,152,164,175,175,185,185,185],"floor_reached":16,"playtime":445,"items_purged":[],"score":168,"play_id":"67c67dba-19de-4a62-a017-a3469c270a16","local_time":"20190610004953","is_ascension_mode":true,"campfire_choices":[{"data":"Double Tap","floor":7.0,"key":"SMITH"},{"floor":13.0,"key":"REST"},{"floor":15,"key":"REST"}],"neow_cost":"TEN_PERCENT_HP_LOSS","seed_source_timestamp":118754736958245,"circlet_count":0,"master_deck":["AscendersBane","Strike_R","Strike_R","Strike_R","Strike_R","Defend_R","Defend_R","Defend_R","Defend_R","Bash","Shrug It Off","Double Tap+1","Carnage","Carnage","Feed"],"special_seed":0,"relics":["Burning Blood","Bird Faced Urn","Art of War","Strawberry"],"potions_floor_usage":[],"damage_taken":[{"damage":8.0,"enemies":"Small Slimes","floor":1.0,"turns":3.0},{"damage":0.0,"enemies":"Cultist","floor":4.0,"turns":2.0},{"damage":7.0,"enemies":"Jaw Worm","floor":5.0,"turns":2.0},{"damage":30.0,"enemies":"Lagavulin","floor":6.0,"turns":6.0},{"damage":10.0,"enemies":"Red Slaver","floor":11.0,"turns":3.0},{"damage":26.0,"enemies":"3 Louse","floor":12.0,"turns":6.0},{"damage":21,"enemies":"Blue Slaver","floor":14,"turns":4},{"damage":75,"enemies":"The Guardian","floor":16,"turns":9}],"seed_played":"6892255313380010466","potions_obtained":[{"floor":5.0,"key":"Weak Potion"},{"floor":11.0,"key":"Energy Potion"},{"floor":14,"key":"Dexterity Potion"}],"is_trial":false,"path_per_floor":["M","?","$","M","M","E","R","$","T","?","M","M","R","M","R","B"],"character_chosen":"IRONCLAD","items_purchased":["Carnage"],"campfire_rested":2,"item_purchase_floors":[3],"current_hp_per_floor":[70,70,70,72,71,47,47,47,54,54,50,33,57,45,70,0],"gold":185,"neow_bonus":"ONE_RARE_RELIC","is_prod":false,"is_daily":false,"chose_seed":false,"campfire_upgraded":1,"win_rate":0,"timestamp":1560142193,"path_taken":["M","?","?","M","M","E","R","$","T","?","M","?","R","M","R","BOSS"],"build_version":"2019-01-23","purchased_purges":0,"victory":false,"max_hp_per_floor":[72,72,72,72,72,72,72,72,79,79,79,82,82,85,85,85],"card_choices":[{"not_picked":["Anger","Sever Soul"],"picked":"Shrug It Off","floor":1.0},{"not_picked":["Armaments","Pommel Strike","Warcry"],"picked":"SKIP","floor":4.0},{"not_picked":["Twin Strike","Heavy Blade"],"picked":"Carnage","floor":5.0},{"not_picked":["Blood for Blood","Rupture"],"picked":"Feed","floor":6.0},{"not_picked":["Ghostly Armor","Pommel Strike","True Grit"],"picked":"SKIP","floor":11.0},{"not_picked":["True Grit","Headbutt","Ghostly Armor"],"picked":"SKIP","floor":12.0},{"not_picked":["Rupture","Sword Boomerang","Second Wind"],"picked":"SKIP","floor":14}],"player_experience":354608,"relics_obtained":[{"floor":6.0,"key":"Art of War"},{"floor":9.0,"key":"Strawberry"}],"event_choices":[{"damage_healed":0.0,"max_hp_gain":0.0,"max_hp_loss":0.0,"gold_gain":0.0,"event_name":"Match and Keep!","player_choice":"1 cards matched","floor":2.0,"gold_loss":0.0,"damage_taken":0.0,"cards_obtained":["Double Tap"]},{"cards_removed":["Strike_R"],"damage_healed":0.0,"max_hp_gain":0.0,"max_hp_loss":0.0,"gold_gain":0.0,"event_name":"Purifier","player_choice":"Purged","floor":10.0,"gold_loss":0.0,"damage_taken":0.0}],"is_beta":false,"boss_relics":[],"items_purged_floors":[],"is_endless":false,"potions_floor_spawned":[5,11,14],"killed_by":"The Guardian","ascension_level":13}