{"gold_per_floor":[214,37,47,63,63,63,83,114,114,114,141,154,154],"floor_reached":13,"playtime":597,"items_purged":[],"score":124,"play_id":"d2512161-d83a-4dc1-9bb4-eb553bdc8c19","local_time":"20190528165700","is_ascension_mode":true,"campfire_choices":[{"data":"Apotheosis","floor":6,"key":"SMITH"}],"neow_cost":"NONE","seed_source_timestamp":1151244924002009,"circlet_count":0,"master_deck":["Defend_G","Defend_G","Defend_G","Defend_G","Defend_G","Strike_G","Strike_G","Strike_G","Strike_G","Strike_G","Survivor","Neutralize","Dagger Spray","Apotheosis+1","Underhanded Strike","Outmaneuver","Regret","Dodge and Roll","Malaise"],"relics":["Ring of the Snake","Tough Bandages","Blue Candle","Pocketwatch","Lantern","Bag of Marbles"],"potions_floor_usage":[12,12],"damage_taken":[{"damage":1,"enemies":"Jaw Worm","floor":1,"turns":4},{"damage":0,"enemies":"Cultist","floor":3,"turns":3},{"damage":0,"enemies":"2 Louse","floor":4,"turns":2},{"damage":1,"enemies":"Blue Slaver","floor":7,"turns":5},{"damage":47,"enemies":"Gremlin Nob","floor":8,"turns":5},{"damage":11,"enemies":"Lagavulin","floor":11,"turns":9},{"damage":5,"enemies":"Exordium Thugs","floor":12,"turns":4},{"damage":7,"enemies":"3 Sentries","floor":13,"turns":2}],"seed_played":"-4609748899970497483","potions_obtained":[{"floor":3,"key":"Ancient Potion"},{"floor":4,"key":"FairyPotion"},{"floor":11,"key":"LiquidBronze"}],"is_trial":false,"path_per_floor":["M","$","M","M","?","R","M","E","T","T","E","M","E"],"character_chosen":"THE_SILENT","items_purchased":["Apotheosis"],"campfire_rested":0,"item_purchase_floors":[2],"current_hp_per_floor":[62,62,62,62,62,62,61,14,14,14,3,7,0],"gold":154,"neow_bonus":"HUNDRED_GOLD","is_prod":false,"is_daily":false,"chose_seed":false,"campfire_upgraded":1,"win_rate":0,"timestamp":1559077020,"path_taken":["M","$","M","M","?","R","M","E","T","?","E","?","E"],"build_version":"2019-01-23","purchased_purges":0,"victory":false,"max_hp_per_floor":[70,70,70,70,70,70,70,70,70,70,70,70,70],"card_choices":[{"not_picked":["Bane","Flechettes"],"picked":"Dagger Spray","floor":1},{"not_picked":["Calculated Gamble","Bane"],"picked":"Underhanded Strike","floor":3},{"not_picked":["Masterful Stab","Expertise"],"picked":"Outmaneuver","floor":4},{"not_picked":["Distraction","Blade Dance","Concentrate"],"picked":"SKIP","floor":7},{"not_picked":["Sucker Punch","Deadly Poison"],"picked":"Dodge and Roll","floor":8},{"not_picked":["Bane","Dagger Spray","Sucker Punch"],"picked":"SKIP","floor":11},{"not_picked":["Dagger Spray","Finisher"],"picked":"Malaise","floor":12}],"player_experience":310292,"relics_obtained":[{"floor":8,"key":"Blue Candle"},{"floor":9,"key":"Pocketwatch"},{"floor":10,"key":"Lantern"},{"floor":11,"key":"Bag of Marbles"}],"event_choices":[{"damage_healed":0,"gold_gain":0,"player_choice":"Box","damage_taken":0,"relics_obtained":["Tough Bandages"],"max_hp_gain":0,"max_hp_loss":0,"event_name":"Big Fish","floor":5,"gold_loss":0,"cards_obtained":["Regret"]}],"is_beta":false,"boss_relics":[],"items_purged_floors":[],"is_endless":false,"potions_floor_spawned":[3,4,11],"killed_by":"3 Sentries","ascension_level":6}