{"gold_per_floor":[115,40,40,59,59,59,84,102,102,102,126,14,45,45,45,117,117,37,37,37,37,37,37,37,37,37,37,37,37,37,3,3,3],"floor_reached":33,"playtime":1620,"items_purged":[],"score":657,"play_id":"0db50bb8-c0a6-4fe3-9ac7-410ca3af9d7a","local_time":"20190903232151","is_ascension_mode":true,"campfire_choices":[{"data":"Zap","floor":6,"key":"SMITH"},{"data":"Coolheaded","floor":10,"key":"SMITH"},{"data":"Defragment","floor":15,"key":"SMITH"},{"data":"Capacitor","floor":23,"key":"SMITH"},{"floor":27,"key":"REST"},{"floor":32,"key":"REST"}],"neow_cost":"NONE","seed_source_timestamp":3011756275831,"circlet_count":0,"master_deck":["AscendersBane","Strike_B+1","Strike_B+1","Strike_B+1","Strike_B+1","Defend_B+1","Defend_B+1","Defend_B+1","Defend_B+1","Zap+1","Dualcast","Undo","Coolheaded+1","Gash","Glacier","Conserve Battery","Ball Lightning","Barrage","Turbo","Defragment+1","Electrodynamics","Cold Snap","Capacitor+1","Writhe","Darkness","White Noise+1","Shame","Recycle","Self Repair+1"],"relics":["Cracked Core","NeowsBlessing","GremlinMask","Gremlin Horn","Kunai","Darkstone Periapt","Odd Mushroom","Unceasing Top","Ectoplasm","The Courier","Anchor","Frozen Egg 2","Centennial Puzzle","Red Mask","Mummified Hand"],"potions_floor_usage":[11,13,19,29,30],"damage_taken":[{"damage":0,"enemies":"Small Slimes","floor":1,"turns":1},{"damage":0,"enemies":"Cultist","floor":4,"turns":1},{"damage":0,"enemies":"Gremlin Nob","floor":7,"turns":1},{"damage":0,"enemies":"Jaw Worm","floor":8,"turns":5},{"damage":20,"enemies":"The Mushroom Lair","floor":11,"turns":5},{"damage":0,"enemies":"Lagavulin","floor":13,"turns":8},{"damage":30,"enemies":"Slime Boss","floor":16,"turns":12},{"damage":4,"enemies":"2 Thieves","floor":18,"turns":4},{"damage":2,"enemies":"Chosen","floor":19,"turns":5},{"damage":28,"enemies":"Slavers","floor":24,"turns":4},{"damage":12,"enemies":"Snake Plant","floor":25,"turns":5},{"damage":26,"enemies":"Masked Bandits","floor":29,"turns":5},{"damage":6,"enemies":"Book of Stabbing","floor":30,"turns":5},{"damage":43,"enemies":"Automaton","floor":33,"turns":6}],"seed_played":"-3055056496754682229","potions_obtained":[{"floor":7,"key":"GamblersBrew"},{"floor":8,"key":"SkillPotion"},{"floor":16,"key":"Swift Potion"},{"floor":18,"key":"SteroidPotion"},{"floor":29,"key":"FearPotion"},{"floor":30,"key":"Ancient Potion"}],"is_trial":false,"path_per_floor":["M","$","?","M","T","R","E","M","T","R","?","$","E","$","R","B",null,"M","M","?","?","?","R","E","M","T","R","?","?","E","$","R","B"],"character_chosen":"DEFECT","items_purchased":["Coolheaded","Gash","AttackPotion","Turbo","Self Repair+1"],"campfire_rested":2,"item_purchase_floors":[2,2,12,12,31],"current_hp_per_floor":[64,64,64,64,64,64,64,64,64,64,44,44,44,44,44,14,57,53,51,57,57,57,57,29,17,17,40,46,20,14,14,38,0],"gold":3,"neow_bonus":"THREE_ENEMY_KILL","is_prod":false,"is_daily":false,"chose_seed":false,"campfire_upgraded":4,"win_rate":0,"timestamp":1567578111,"path_taken":["M","$","?","?","?","R","E","M","T","R","?","?","E","$","R","BOSS","M","M","?","?","?","R","E","?","T","R","?","?","E","$","R","BOSS"],"build_version":"2019-07-17","purchased_purges":0,"victory":false,"max_hp_per_floor":[71,71,71,71,71,71,71,71,71,71,71,71,71,71,71,71,71,71,71,77,77,77,77,77,77,77,77,83,83,83,83,83,83],"card_choices":[{"not_picked":["Sweeping Beam","Static Discharge"],"picked":"Undo","floor":1},{"not_picked":["Cold Snap","Hologram"],"picked":"Glacier","floor":4},{"not_picked":["Coolheaded","Darkness"],"picked":"Conserve Battery","floor":7},{"not_picked":["Streamline","Leap"],"picked":"Ball Lightning","floor":8},{"not_picked":["Scrape","Melter"],"picked":"Barrage","floor":11},{"not_picked":["Beam Cell","Cold Snap"],"picked":"Defragment","floor":13},{"not_picked":["Thunder Strike","Hyperbeam"],"picked":"Electrodynamics","floor":16},{"not_picked":["Leap","Redo"],"picked":"Cold Snap","floor":18},{"not_picked":["Beam Cell","Tempest"],"picked":"Capacitor","floor":19},{"not_picked":["Steam","Reinforced Body"],"picked":"Darkness","floor":24},{"not_picked":["Aggregate","Barrage"],"picked":"White Noise+1","floor":25},{"not_picked":["Rebound","Tempest"],"picked":"Recycle","floor":29},{"not_picked":["Cold Snap","Melter","Barrage"],"picked":"SKIP","floor":30}],"player_experience":807845,"relics_obtained":[{"floor":5,"key":"Gremlin Horn"},{"floor":7,"key":"Kunai"},{"floor":9,"key":"Darkstone Periapt"},{"floor":11,"key":"Odd Mushroom"},{"floor":13,"key":"Unceasing Top"},{"floor":24,"key":"Anchor"},{"floor":26,"key":"Frozen Egg 2"},{"floor":29,"key":"Red Mask"},{"floor":30,"key":"Mummified Hand"}],"event_choices":[{"damage_healed":0,"gold_gain":0,"player_choice":"Trade","damage_taken":0,"relics_obtained":["GremlinMask"],"max_hp_gain":0,"max_hp_loss":0,"event_name":"FaceTrader","floor":3,"gold_loss":0},{"damage_healed":0,"gold_gain":0,"player_choice":"Fought Mushrooms","damage_taken":0,"max_hp_gain":0,"max_hp_loss":0,"event_name":"Mushrooms","floor":11,"gold_loss":0},{"damage_healed":0,"gold_gain":0,"player_choice":"Opened","damage_taken":0,"relics_obtained":["The Courier"],"max_hp_gain":0,"max_hp_loss":0,"event_name":"The Mausoleum","floor":20,"gold_loss":0,"cards_obtained":["Writhe"]},{"damage_healed":0,"gold_gain":0,"player_choice":"Simplicity","damage_taken":0,"max_hp_gain":0,"max_hp_loss":0,"event_name":"Back to Basics","floor":21,"gold_loss":0,"cards_upgraded":["Strike_B","Strike_B","Strike_B","Strike_B","Defend_B","Defend_B","Defend_B","Defend_B"]},{"damage_healed":0,"gold_gain":0,"player_choice":"Ignored","damage_taken":0,"max_hp_gain":0,"max_hp_loss":0,"event_name":"Vampires","floor":22,"gold_loss":0},{"damage_healed":0,"gold_gain":0,"player_choice":"Stole Relic","damage_taken":0,"relics_obtained":["Centennial Puzzle"],"max_hp_gain":0,"max_hp_loss":0,"event_name":"Addict","floor":28,"gold_loss":0,"cards_obtained":["Shame"]},{"damage_healed":0,"gold_gain":0,"player_choice":"Fought Bandits","damage_taken":0,"max_hp_gain":0,"max_hp_loss":0,"event_name":"Masked Bandits","floor":29,"gold_loss":0}],"is_beta":false,"boss_relics":[{"not_picked":["White Beast Statue","Coffee Dripper"],"picked":"Ectoplasm"}],"items_purged_floors":[],"is_endless":false,"potions_floor_spawned":[7,8,16,18,29,30],"killed_by":"Automaton","ascension_level":19}