{"gold_per_floor":[118,118,43,43,66,66,82,82,82,115,80,80,80,119,119,242,242,265,265,73,1,26,26,45,45,93,129,129,129,129,142,142,142],"floor_reached":33,"playtime":858,"items_purged":["Defend_R"],"score":323,"play_id":"607ed191-b2b7-4072-80fc-8c648fe60c31","local_time":"20180831222409","is_ascension_mode":true,"campfire_choices":[{"floor":6.0,"key":"REST"},{"data":"Demon Form","floor":13.0,"key":"SMITH"},{"floor":15.0,"key":"REST"},{"data":"Whirlwind","floor":23.0,"key":"SMITH"},{"floor":25.0,"key":"REST"},{"floor":28.0,"key":"REST"},{"data":"Heavy Blade","floor":30.0,"key":"SMITH"},{"data":"Heavy Blade","floor":32.0,"key":"SMITH"}],"neow_cost":"NONE","seed_source_timestamp":186965246530012,"circlet_count":0,"master_deck":["Strike_R","Strike_R","Strike_R","Strike_R","Strike_R","Defend_R","Defend_R","Defend_R","Demon Form+1","Perfected Strike","Heavy Blade+1","Perfected Strike","Heavy Blade+1","Whirlwind+1","Sever Soul+1","Normality","Wild Strike+1","Wild Strike+1"],"special_seed":0,"relics":["Burning Blood","Golden Idol","Pantograph","Regal Pillow","Dead Branch","Cursed Key","Lee\u0027s Waffle","Blood Vial","Letter Opener","Juzu Bracelet"],"potions_floor_usage":[33,33],"damage_taken":[{"damage":12.0,"enemies":"Jaw Worm","floor":1.0,"turns":4.0},{"damage":11.0,"enemies":"Cultist","floor":5.0,"turns":4.0},{"damage":7.0,"enemies":"2 Louse","floor":7.0,"turns":3.0},{"damage":45.0,"enemies":"Lagavulin","floor":10.0,"turns":6.0},{"damage":32.0,"enemies":"Gremlin Nob","floor":14.0,"turns":4.0},{"damage":68.0,"enemies":"Hexaghost","floor":16.0,"turns":7.0},{"damage":52.0,"enemies":"2 Thieves","floor":18.0,"turns":4.0},{"damage":24.0,"enemies":"Chosen","floor":22.0,"turns":4.0},{"damage":43.0,"enemies":"Snake Plant","floor":24.0,"turns":3.0},{"damage":45.0,"enemies":"Gremlin Leader","floor":27.0,"turns":4.0},{"damage":30.0,"enemies":"Chosen and Byrds","floor":31.0,"turns":4.0},{"damage":106,"enemies":"Automaton","floor":33,"turns":6}],"seed_played":"7907427731653322946","potions_obtained":[{"floor":5.0,"key":"Weak Potion"},{"floor":10.0,"key":"BloodPotion"},{"floor":14.0,"key":"Strength Potion"},{"floor":18.0,"key":"FearPotion"},{"floor":27.0,"key":"Fruit Juice"}],"is_trial":false,"path_per_floor":["M","?","$","?","M","R","M","$","T","E","?","$","R","E","R","B",null,"M","?","$","$","M","R","M","R","T","E","R","?","R","M","R"],"character_chosen":"IRONCLAD","items_purchased":["Lee\u0027s Waffle","Whirlwind"],"campfire_rested":4,"item_purchase_floors":[20,21],"current_hp_per_floor":[74,54,54,54,49,73,72,72,72,33,53,53,53,35,74,18,80,34,34,87,87,69,69,32,73,73,36,77,77,77,60,60,0],"gold":142,"neow_bonus":"TRANSFORM_CARD","is_prod":false,"is_daily":false,"chose_seed":false,"campfire_upgraded":4,"win_rate":0,"timestamp":1535768649,"path_taken":["M","?","$","?","M","R","M","$","T","E","?","?","R","E","R","BOSS","M","?","?","$","?","R","M","R","T","E","R","?","R","M","R","BOSS"],"build_version":"2018-08-30","purchased_purges":1,"victory":false,"max_hp_per_floor":[80,80,80,80,80,80,80,80,80,80,80,80,80,80,80,80,80,80,80,87,87,87,87,87,87,87,87,87,87,87,92,92,92],"card_choices":[{"not_picked":["Iron Wave","Armaments","Wild Strike"],"picked":"SKIP","floor":1.0},{"not_picked":["Hemokinesis","Wild Strike"],"picked":"Perfected Strike","floor":5.0},{"not_picked":["Corruption","Cleave"],"picked":"Heavy Blade","floor":7.0},{"not_picked":["Berserk","Twin Strike"],"picked":"Perfected Strike","floor":10.0},{"not_picked":["Impervious","Body Slam"],"picked":"Heavy Blade","floor":14.0},{"not_picked":["Iron Wave","Anger","Bloodletting"],"picked":"SKIP","floor":18.0},{"not_picked":["Reckless Charge","Dropkick"],"picked":"Sever Soul+1","floor":22.0},{"not_picked":["Sword Boomerang","Anger","Corruption+1"],"picked":"SKIP","floor":24.0},{"not_picked":["Havoc+1","Anger+1"],"picked":"Wild Strike+1","floor":27.0},{"not_picked":["Pummel+1","Disarm"],"picked":"Wild Strike+1","floor":31.0}],"player_experience":198049,"relics_obtained":[{"floor":9.0,"key":"Pantograph"},{"floor":10.0,"key":"Regal Pillow"},{"floor":14.0,"key":"Dead Branch"},{"floor":26.0,"key":"Blood Vial"},{"floor":27.0,"key":"Letter Opener"}],"event_choices":[{"event_name":"Golden Idol","player_choice":"Take Damage","floor":2.0,"damage_taken":0.0},{"event_name":"Liars Game","player_choice":"disagreed","floor":4.0,"damage_taken":0.0},{"event_name":"The Cleric","player_choice":"Healed","floor":11.0,"damage_taken":0.0},{"event_name":"Vampires","player_choice":"Ignored","floor":19.0,"damage_taken":0.0},{"event_name":"The Mausoleum","player_choice":"Yes","floor":29.0,"damage_taken":0.0}],"is_beta":false,"boss_relics":[{"not_picked":["Snecko Eye","Lizard Tail"],"picked":"Cursed Key"}],"items_purged_floors":[3],"is_endless":false,"potions_floor_spawned":[5,10,14,18,27],"killed_by":"Automaton","ascension_level":4}