{"gold_per_floor":[366,385,404,251,251,251,251,271,295,53,2,2,43,57,57,153,153,166,179,104,117,132,132,132,90,90,90,113,136,156,174,174,174],"floor_reached":33,"playtime":2607,"items_purged":["Strike_G"],"score":464,"play_id":"4f23f880-cc69-4e51-b53e-e8d752dc72fc","local_time":"20190913010428","is_ascension_mode":true,"campfire_choices":[{"data":"Neutralize","floor":6.0,"key":"SMITH"},{"data":"Deadly Poison","floor":12.0,"key":"SMITH"},{"data":"Footwork","floor":15.0,"key":"SMITH"},{"data":"Deadly Poison","floor":23,"key":"SMITH"},{"data":"Choke","floor":27,"key":"SMITH"},{"floor":32,"key":"REST"}],"neow_cost":"TEN_PERCENT_HP_LOSS","seed_source_timestamp":622539079451800,"circlet_count":0,"master_deck":["AscendersBane","Strike_G","Strike_G","Strike_G","Defend_G","Defend_G","Defend_G","Defend_G","Defend_G","Survivor","Neutralize+1","All Out Attack","Dash+1","Cloak And Dagger","After Image","Footwork+1","Backflip","Deadly Poison+1","Poisoned Stab","Escape Plan","Deadly Poison+1","Bullet Time","PiercingWail","Leg Sweep","Choke+1","Infinite Blades","Grand Finale","Quick Slash"],"special_seed":0,"relics":["Ring of the Snake","Golden Idol","Strawberry","PreservedInsect","Blood Vial","Runic Pyramid","Paper Crane","Snake Skull"],"potions_floor_usage":[30,33,33],"damage_taken":[{"damage":2.0,"enemies":"Jaw Worm","floor":1.0,"turns":6.0},{"damage":7.0,"enemies":"Small Slimes","floor":2.0,"turns":4.0},{"damage":0.0,"enemies":"2 Louse","floor":3.0,"turns":3.0},{"damage":4.0,"enemies":"Exordium Wildlife","floor":8.0,"turns":4.0},{"damage":2.0,"enemies":"Gremlin Nob","floor":13.0,"turns":4.0},{"damage":6.0,"enemies":"Exordium Thugs","floor":14.0,"turns":4.0},{"damage":6.0,"enemies":"Hexaghost","floor":16.0,"turns":10.0},{"damage":0.0,"enemies":"3 Byrds","floor":18.0,"turns":5.0},{"damage":0.0,"enemies":"Chosen","floor":19.0,"turns":5.0},{"damage":2,"enemies":"Snake Plant","floor":21,"turns":5},{"damage":13,"enemies":"Centurion and Healer","floor":22,"turns":10},{"damage":0,"enemies":"Snecko","floor":28,"turns":6},{"damage":6,"enemies":"Snake Plant","floor":29,"turns":5},{"damage":18,"enemies":"3 Cultists","floor":30,"turns":7},{"damage":10,"enemies":"Sentry and Sphere","floor":31,"turns":10},{"damage":51,"enemies":"Automaton","floor":33,"turns":6}],"seed_played":"1307076718348427925","potions_obtained":[{"floor":1.0,"key":"SteroidPotion"},{"floor":3.0,"key":"Block Potion"},{"floor":13.0,"key":"GhostInAJar"},{"floor":16.0,"key":"FearPotion"},{"floor":30,"key":"PowerPotion"}],"is_trial":false,"path_per_floor":["M","M","M","$","?","R","?","M","T","$","$","R","E","M","R","B",null,"M","M","?","M","M","R","T","$","T","R","M","M","M","M","R","B"],"character_chosen":"THE_SILENT","items_purchased":["After Image","Backflip","Deadly Poison","PreservedInsect","Poisoned Stab","Choke"],"campfire_rested":1,"item_purchase_floors":[4,10,10,10,11,25],"current_hp_per_floor":[57,50,50,50,50,50,50,46,53,53,53,53,51,47,47,43,57,59,61,61,59,48,48,48,48,48,48,50,46,30,22,40,0],"gold":174,"neow_bonus":"TWO_FIFTY_GOLD","is_prod":false,"is_daily":false,"chose_seed":false,"campfire_upgraded":5,"win_rate":0,"timestamp":1568361868,"path_taken":["M","M","M","$","?","R","?","M","T","?","$","R","E","M","R","BOSS","M","M","?","M","M","R","?","?","T","R","?","M","M","M","R","BOSS"],"build_version":"2019-07-17","purchased_purges":1,"victory":false,"max_hp_per_floor":[60,60,60,60,54,54,54,54,61,61,61,61,61,61,61,61,61,61,61,61,61,61,61,61,61,61,61,61,61,61,61,61,61],"card_choices":[{"not_picked":["Deflect","Setup"],"picked":"All Out Attack","floor":1.0},{"not_picked":["Prepared","Bane"],"picked":"Dash","floor":2.0},{"not_picked":["Blade Dance","Concentrate"],"picked":"Cloak And Dagger","floor":3.0},{"not_picked":["Tactician","Deflect"],"picked":"Footwork","floor":8.0},{"not_picked":["Flying Knee","Acrobatics"],"picked":"Escape Plan","floor":13.0},{"not_picked":["Flying Knee","Dagger Throw"],"picked":"Deadly Poison","floor":14.0},{"not_picked":["Storm of Steel","Tools of the Trade"],"picked":"Bullet Time","floor":16.0},{"not_picked":["Underhanded Strike+1","Accuracy+1","Bane"],"picked":"SKIP","floor":18.0},{"not_picked":["Skewer","Masterful Stab"],"picked":"PiercingWail","floor":19.0},{"not_picked":["Distraction","Outmaneuver"],"picked":"Leg Sweep","floor":21},{"not_picked":["Underhanded Strike","Distraction","Deflect"],"picked":"SKIP","floor":22},{"not_picked":["Underhanded Strike","Distraction","Deflect"],"picked":"SKIP","floor":22},{"not_picked":["Outmaneuver","Backflip","Underhanded Strike"],"picked":"SKIP","floor":28},{"not_picked":["Flying Knee","Skewer"],"picked":"Infinite Blades","floor":29},{"not_picked":["Choke+1","Outmaneuver"],"picked":"Grand Finale","floor":30},{"not_picked":["Deflect","Leg Sweep"],"picked":"Quick Slash","floor":31}],"player_experience":952657,"relics_obtained":[{"floor":9.0,"key":"Strawberry"},{"floor":13.0,"key":"Blood Vial"},{"floor":24,"key":"Paper Crane"},{"floor":26,"key":"Snake Skull"}],"event_choices":[{"damage_healed":0.0,"max_hp_gain":0.0,"max_hp_loss":6.0,"gold_gain":0.0,"event_name":"Golden Idol","player_choice":"Lose Max HP","floor":5.0,"gold_loss":0.0,"damage_taken":0.0,"relics_obtained":["Golden Idol"]},{"damage_healed":0.0,"max_hp_gain":0.0,"max_hp_loss":0.0,"gold_gain":0.0,"event_name":"Living Wall","player_choice":"Grow","floor":7.0,"gold_loss":0.0,"damage_taken":0.0,"cards_upgraded":["Dash"]},{"cards_removed":["Strike_G"],"damage_healed":0.0,"max_hp_gain":0.0,"max_hp_loss":0.0,"gold_gain":0.0,"event_name":"Beggar","player_choice":"Gave Gold","floor":20.0,"gold_loss":75.0,"damage_taken":0.0}],"is_beta":false,"boss_relics":[{"not_picked":["Tiny House","Eternal Feather"],"picked":"Runic Pyramid"}],"items_purged_floors":[4],"is_endless":false,"potions_floor_spawned":[1,3,13,16,22,28,30,31],"killed_by":"Automaton","ascension_level":17}