{"path_per_floor":["M","M","?","M","M","R","$","R","T","R","?","M","?","M","R","B",null,"M","M","$","M","?","$","M","M","T","R","?","M","R","M","R"],"character_chosen":"IRONCLAD","items_purchased":["Gambling Chip","Dual Wield"],"gold_per_floor":[109,120,120,133,153,153,78,78,155,155,184,199,199,215,215,318,318,331,344,0,20,20,20,30,46,46,46,46,65,65,77,77],"floor_reached":33,"campfire_rested":1,"playtime":3353,"current_hp_per_floor":[75,80,80,80,80,80,80,80,80,80,71,75,72,80,80,40,80,66,39,39,30,14,14,23,43,43,43,43,56,56,56,80],"items_purged":["Strike_R"],"gold":77,"score":241,"play_id":"02034bce-278d-4c8b-86b1-da8b64537344","is_prod":false,"is_daily":false,"is_ascension_mode":false,"campfire_upgraded":6,"path_taken":["M","?","?","M","M","R","$","R","T","R","?","M","?","?","R","BOSS","M","M","$","M","?","?","M","M","T","R","?","M","R","M","R","BOSS"],"build_version":"2018-02-08-PROD1","purchased_purges":1,"victory":false,"master_deck":["Strike_R","Strike_R","Strike_R","Strike_R","Defend_R","Defend_R","Defend_R","Defend_R","Bash+1","Uppercut+1","Iron Wave+1","Rampage+1","Power Through","Flame Barrier+1","Shrug It Off+1","Pommel Strike+1","Twin Strike+1","Dual Wield+1","Necronomicurse","Thunderclap+1"],"max_hp_per_floor":[80,80,80,80,80,80,80,80,80,80,80,80,80,80,80,80,80,80,80,80,80,80,80,80,80,80,80,80,80,80,80,80],"relics":["Burning Blood","Meat on the Bone","Odd Mushroom","Blood Vial","Lizard Tail","Gambling Chip","Necronomicon","Ginger","Bronze Scales"],"card_choices":[{"not_picked":["Cleave","Headbutt"],"picked":"Uppercut"},{"not_picked":["Sever Soul","Rage"],"picked":"Iron Wave"},{"not_picked":["Reckless Charge","True Grit"],"picked":"Rampage"},{"not_picked":["Sword Boomerang","Perfected Strike"],"picked":"Power Through"},{"not_picked":["Seeing Red","Armaments"],"picked":"Flame Barrier"},{"not_picked":["Demon Form","Armaments"],"picked":"Shrug It Off"},{"not_picked":["Burning Pact","Spot Weakness"],"picked":"Pommel Strike"},{"not_picked":["Wild Strike","Thunderclap"],"picked":"Twin Strike"},{"not_picked":["Burning Pact","Clash"],"picked":"Thunderclap"}],"player_experience":237828,"potions_floor_usage":[16,16,16,21,21,24,29,33],"damage_taken":[{"damage":11,"enemies":"Blue Slaver","floor":1,"turns":6},{"damage":0,"enemies":"Small Slimes","floor":2,"turns":3},{"damage":1,"enemies":"Jaw Worm","floor":4,"turns":4},{"damage":5,"enemies":"3 Louse","floor":5,"turns":3},{"damage":15,"enemies":"The Mushroom Lair","floor":11,"turns":6},{"damage":2,"enemies":"Looter","floor":12,"turns":3},{"damage":0,"enemies":"2 Fungi Beasts","floor":14,"turns":4},{"damage":58,"enemies":"Slime Boss","floor":16,"turns":16},{"damage":20,"enemies":"Spheric Guardian","floor":18,"turns":8},{"damage":47,"enemies":"3 Byrds","floor":19,"turns":9},{"damage":29,"enemies":"Cultist and Chosen","floor":21,"turns":7},{"damage":11,"enemies":"Centurion and Healer","floor":24,"turns":9},{"damage":0,"enemies":"Chosen and Byrds","floor":25,"turns":7},{"damage":19,"enemies":"Snake Plant","floor":29,"turns":5},{"damage":20,"enemies":"Slaver and Parasite","floor":31,"turns":6},{"damage":134,"enemies":"Automaton","floor":33,"turns":14}],"event_choices":[{"event_name":"Liars Game","player_choice":"disagreed","floor":3,"damage_taken":0},{"event_name":"Mushrooms","player_choice":"Fought Mushrooms","floor":11,"damage_taken":0},{"event_name":"Scrap Ooze","player_choice":"success","floor":13,"damage_taken":3},{"event_name":"Cursed Tome","player_choice":"Obtained Book","floor":22,"damage_taken":0},{"event_name":"The Mausoleum","player_choice":"Yes","floor":28,"damage_taken":0}],"boss_relics":[{"not_picked":["Runic Pyramid","Philosopher\u0027s Stone"],"picked":"Lizard Tail"}],"potions_floor_spawned":[2,11,14,16,18,21,24,25],"seed_played":"4323080199789759383","killed_by":"Automaton","ascension_level":0,"is_trial":false}