{"gold_per_floor":[218,228,228,248,173,173,199,199,199,199,274,303,303,303,303,403,403,413,442,352,363,363,363,383,401,401,465,5,5,5,16,16,16],"floor_reached":33,"playtime":1169,"items_purged":[],"score":364,"play_id":"b6436999-5d85-499a-95dc-b1f656697b04","local_time":"20190526104048","is_ascension_mode":true,"campfire_choices":[{"data":"Accuracy","floor":6.0,"key":"SMITH"},{"floor":8.0,"key":"REST"},{"data":"Blade Dance","floor":10.0,"key":"SMITH"},{"floor":13.0,"key":"REST"},{"floor":15.0,"key":"REST"},{"floor":23.0,"key":"REST"},{"floor":32.0,"key":"REST"}],"neow_cost":"NONE","seed_source_timestamp":955106357590218,"circlet_count":0,"master_deck":["Defend_G","Defend_G","Defend_G","Defend_G","Defend_G","Strike_G","Strike_G+1","Survivor+1","Neutralize","Dagger Spray+1","Accuracy+1","Blade Dance+1","Cloak And Dagger","Die Die Die+1","Deflect+1","Cloak And Dagger+1","Die Die Die+1","Deflect+1","Flying Knee+1","Flying Knee+1"],"special_seed":0,"relics":["Ring of the Snake","Oddly Smooth Stone","Sundial","Molten Egg 2","Empty Cage","Red Mask","Pear","Tiny Chest","Membership Card","Lantern","StoneCalendar"],"potions_floor_usage":[33,33],"damage_taken":[{"damage":10.0,"enemies":"Jaw Worm","floor":1.0,"turns":8.0},{"damage":0.0,"enemies":"2 Louse","floor":2.0,"turns":2.0},{"damage":0.0,"enemies":"Small Slimes","floor":4.0,"turns":3.0},{"damage":25.0,"enemies":"3 Sentries","floor":7.0,"turns":7.0},{"damage":38.0,"enemies":"Gremlin Nob","floor":12.0,"turns":5.0},{"damage":26.0,"enemies":"Slime Boss","floor":16.0,"turns":8.0},{"damage":14.0,"enemies":"Spheric Guardian","floor":18.0,"turns":4.0},{"damage":0.0,"enemies":"Masked Bandits","floor":19.0,"turns":2.0},{"damage":7.0,"enemies":"2 Thieves","floor":21.0,"turns":3.0},{"damage":13.0,"enemies":"Chosen and Byrds","floor":24.0,"turns":5.0},{"damage":6.0,"enemies":"Snecko","floor":25.0,"turns":5.0},{"damage":6.0,"enemies":"Book of Stabbing","floor":27.0,"turns":5.0},{"damage":0.0,"enemies":"Snake Plant","floor":31.0,"turns":4.0},{"damage":55,"enemies":"Champ","floor":33,"turns":9}],"seed_played":"1049273319514155000","potions_obtained":[{"floor":4.0,"key":"GamblersBrew"},{"floor":12.0,"key":"EssenceOfSteel"},{"floor":24.0,"key":"PowerPotion"},{"floor":25.0,"key":"SneckoOil"},{"floor":27.0,"key":"FearPotion"}],"is_trial":false,"path_per_floor":["M","M","?","M","$","R","E","R","T","R","?","E","R","?","R","B",null,"M","?","?","M","$","R","M","M","T","E","$","?","?","M","R","B"],"character_chosen":"THE_SILENT","items_purchased":["Accuracy","Membership Card","Lantern","StoneCalendar","Flying Knee+1"],"campfire_rested":5,"item_purchase_floors":[5,28,28,28,28],"current_hp_per_floor":[60,60,60,60,60,60,35,56,56,56,45,7,28,14,35,9,55,41,41,41,34,34,55,42,36,46,40,40,25,25,25,50,0],"gold":16,"neow_bonus":"HUNDRED_GOLD","is_prod":false,"is_daily":false,"chose_seed":false,"campfire_upgraded":2,"win_rate":0,"timestamp":1558881648,"path_taken":["M","M","?","M","$","R","E","R","T","R","?","E","R","?","R","BOSS","M","?","?","?","$","R","M","M","T","E","$","?","?","M","R","BOSS"],"build_version":"2019-01-23","purchased_purges":0,"victory":false,"max_hp_per_floor":[70,70,70,70,70,70,70,70,70,70,70,70,70,70,70,70,70,70,70,70,70,70,70,70,70,80,80,80,85,85,85,85,85],"card_choices":[{"not_picked":["Quick Slash","Calculated Gamble"],"picked":"Dagger Spray","floor":1.0},{"not_picked":["Setup","Reflex","Dagger Throw"],"picked":"SKIP","floor":2.0},{"not_picked":["Deadly Poison","Slice","Dodge and Roll"],"picked":"SKIP","floor":4.0},{"not_picked":["Prepared","Envenom"],"picked":"Blade Dance","floor":7.0},{"not_picked":["Flying Knee","Concentrate"],"picked":"Cloak And Dagger","floor":12.0},{"not_picked":["Night Terror","Burst"],"picked":"Die Die Die+1","floor":16.0},{"not_picked":["Crippling Poison","Sucker Punch+1"],"picked":"Deflect+1","floor":18.0},{"not_picked":["Flying Knee+1","Leg Sweep"],"picked":"Cloak And Dagger","floor":19.0},{"not_picked":["Dagger Spray+1","Quick Slash+1"],"picked":"Die Die Die+1","floor":21.0},{"not_picked":["Bane+1","Terror"],"picked":"Deflect+1","floor":24.0},{"not_picked":["Dodge and Roll","Poisoned Stab+1","Slice+1"],"picked":"SKIP","floor":25.0},{"not_picked":["Bouncing Flask","Catalyst+1"],"picked":"Flying Knee+1","floor":27.0},{"not_picked":["Calculated Gamble","Sucker Punch+1","Outmaneuver"],"picked":"SKIP","floor":31.0}],"player_experience":278453,"relics_obtained":[{"floor":7.0,"key":"Oddly Smooth Stone"},{"floor":9.0,"key":"Sundial"},{"floor":12.0,"key":"Molten Egg 2"},{"floor":19.0,"key":"Red Mask"},{"floor":26.0,"key":"Pear"},{"floor":27.0,"key":"Tiny Chest"}],"event_choices":[{"damage_healed":0.0,"max_hp_gain":0.0,"max_hp_loss":0.0,"gold_gain":0.0,"event_name":"Living Wall","player_choice":"Grow","floor":3.0,"gold_loss":0.0,"damage_taken":0.0,"cards_upgraded":["Dagger Spray"]},{"damage_healed":0.0,"max_hp_gain":0.0,"max_hp_loss":0.0,"gold_gain":75.0,"event_name":"World of Goop","player_choice":"Gather Gold","floor":11.0,"gold_loss":0.0,"damage_taken":11.0},{"damage_healed":0.0,"max_hp_gain":0.0,"max_hp_loss":0.0,"gold_gain":0.0,"event_name":"Shining Light","player_choice":"Entered Light","floor":14.0,"gold_loss":0.0,"damage_taken":14.0,"cards_upgraded":["Strike_G","Survivor"]},{"damage_healed":0.0,"max_hp_gain":0.0,"max_hp_loss":0.0,"gold_gain":0.0,"event_name":"Masked Bandits","player_choice":"Fought Bandits","floor":19.0,"gold_loss":0.0,"damage_taken":0.0},{"cards_removed":["Strike_G"],"damage_healed":0.0,"max_hp_gain":0.0,"max_hp_loss":0.0,"gold_gain":0.0,"event_name":"Designer","player_choice":"Upgrade and Remove","floor":20.0,"gold_loss":90.0,"damage_taken":0.0,"cards_upgraded":["Cloak And Dagger"]},{"damage_healed":0.0,"max_hp_gain":5.0,"max_hp_loss":0.0,"gold_gain":0.0,"event_name":"Forgotten Altar","player_choice":"Shed Blood","floor":29.0,"gold_loss":0.0,"damage_taken":20.0},{"damage_healed":0.0,"max_hp_gain":0.0,"max_hp_loss":0.0,"gold_gain":0.0,"event_name":"Vampires","player_choice":"Ignored","floor":30.0,"gold_loss":0.0,"damage_taken":0.0}],"is_beta":false,"boss_relics":[{"not_picked":["Runic Pyramid","Busted Crown"],"picked":"Empty Cage"}],"items_purged_floors":[],"is_endless":false,"potions_floor_spawned":[4,12,24,25,27],"killed_by":"Champ","ascension_level":5}