{"gold_per_floor":[115,134,234,247,19,19,52,52,134,134,148,162,162,193,193,290,290,300,300],"floor_reached":19,"playtime":710,"items_purged":[],"score":283,"play_id":"b28ab19c-855e-4c80-87a3-44bfeadaef83","local_time":"20181004203902","is_ascension_mode":true,"campfire_choices":[{"data":"Bash","floor":6,"key":"SMITH"},{"floor":8,"key":"REST"},{"data":"Shockwave","floor":10,"key":"SMITH"},{"data":"Spot Weakness","floor":15,"key":"SMITH"}],"neow_cost":"NONE","seed_source_timestamp":13983717193872,"circlet_count":0,"master_deck":["Strike_R","Strike_R","Strike_R","Strike_R","Defend_R+1","Defend_R","Defend_R","Defend_R","Bash+1","AscendersBane","Thunderclap","Pommel Strike","Battle Trance+1","Shockwave+1","True Grit","Spot Weakness+1","Pummel","Immolate"],"relics":["Burning Blood","Lantern","War Paint","Regal Pillow","Tiny Chest","Pear","White Beast Statue"],"potions_floor_usage":[14,14],"damage_taken":[{"damage":1,"enemies":"Cultist","floor":1,"turns":3},{"damage":7,"enemies":"Small Slimes","floor":2,"turns":5},{"damage":2,"enemies":"2 Louse","floor":4,"turns":3},{"damage":43,"enemies":"Lagavulin","floor":7,"turns":7},{"damage":6,"enemies":"2 Fungi Beasts","floor":11,"turns":3},{"damage":3,"enemies":"Looter","floor":12,"turns":3},{"damage":13,"enemies":"3 Sentries","floor":14,"turns":5},{"damage":30,"enemies":"Slime Boss","floor":16,"turns":8},{"damage":13,"enemies":"Chosen","floor":18,"turns":4},{"damage":31,"enemies":"Spheric Guardian","floor":19,"turns":5}],"seed_played":"5752260670020962274","potions_obtained":[{"floor":11,"key":"Explosive Potion"},{"floor":12,"key":"PowerPotion"},{"floor":14,"key":"Explosive Potion"},{"floor":18,"key":"LiquidBronze"}],"is_trial":false,"path_per_floor":["M","M","?","M","$","R","E","R","T","R","M","M","?","E","R","B",null,"M"],"character_chosen":"IRONCLAD","items_purchased":["Battle Trance","War Paint"],"campfire_rested":1,"item_purchase_floors":[5,5],"current_hp_per_floor":[77,76,76,80,80,80,43,80,80,80,80,80,73,76,76,52,81,74,43],"gold":300,"neow_bonus":"RANDOM_COMMON_RELIC","is_prod":false,"is_daily":false,"chose_seed":false,"campfire_upgraded":3,"win_rate":0,"timestamp":1538678342,"path_taken":["M","?","?","M","$","R","E","R","T","R","?","M","?","E","R","BOSS","M","M"],"build_version":"2018-09-27","purchased_purges":0,"victory":false,"max_hp_per_floor":[80,80,80,80,80,80,80,80,80,80,80,80,80,90,90,90,90,90,90],"card_choices":[{"not_picked":["Wild Strike","Anger"],"picked":"Thunderclap","floor":1},{"not_picked":["Perfected Strike","Heavy Blade"],"picked":"Pommel Strike","floor":2},{"not_picked":["Dropkick","Heavy Blade","Sword Boomerang"],"picked":"SKIP","floor":4},{"not_picked":["Warcry","True Grit"],"picked":"Shockwave","floor":7},{"not_picked":["Power Through","Heavy Blade"],"picked":"True Grit","floor":11},{"not_picked":["Armaments","Seeing Red"],"picked":"Spot Weakness","floor":12},{"not_picked":["Double Tap","Anger"],"picked":"Pummel","floor":14},{"not_picked":["Impervious","Barricade"],"picked":"Immolate","floor":16},{"not_picked":["Thunderclap+1","Perfected Strike","Headbutt"],"picked":"SKIP","floor":18}],"player_experience":494499,"relics_obtained":[{"floor":7,"key":"Regal Pillow"},{"floor":9,"key":"Tiny Chest"},{"floor":14,"key":"Pear"}],"event_choices":[{"event_name":"Golden Shrine","player_choice":"Pray","floor":3,"damage_taken":0},{"event_name":"Golden Wing","player_choice":"Card Removal","floor":13,"damage_taken":0}],"is_beta":false,"boss_relics":[{"not_picked":["Busted Crown","Calling Bell"],"picked":"White Beast Statue"}],"items_purged_floors":[],"is_endless":false,"potions_floor_spawned":[11,12,14,18],"killed_by":"Spheric Guardian","ascension_level":12}