{"gold_per_floor":[112,123,139,139,12,45,45,73,73,73,86,86,117,129,129,205,255,266,266,282,207,217,217,236,15,15,15,15],"floor_reached":28,"playtime":1724,"items_purged":[],"score":417,"play_id":"f1518de1-9eac-405c-bfa6-8bc8fccf8b33","local_time":"20190113152912","is_ascension_mode":true,"campfire_choices":[{"data":"Uppercut","floor":7,"key":"SMITH"},{"data":"Whirlwind","floor":10,"key":"SMITH"},{"data":"Bandage Up","floor":12,"key":"SMITH"},{"floor":15,"key":"REST"},{"floor":23,"key":"REST"}],"neow_cost":"PERCENT_DAMAGE","seed_source_timestamp":324081415188568,"circlet_count":0,"master_deck":["AscendersBane","Strike_R","Strike_R","Strike_R","Defend_R","Defend_R","Defend_R","Defend_R","Bash","Uppercut+1","Pommel Strike","Clothesline","Bandage Up+1","Cleave","Disarm+1","Whirlwind+1","Headbutt","Pommel Strike","Evolve","Exhume","Sever Soul","Battle Trance","Decay","True Grit+1","Impervious","Pummel+1","Ghostly Armor"],"relics":["Burning Blood","Gambling Chip","Bottled Flame","Blue Candle","Question Card","Bottled Lightning","Tiny House","Orichalcum","Pantograph"],"potions_floor_usage":[6,6,14,18,18,20,28],"damage_taken":[{"damage":0,"enemies":"Small Slimes","floor":1,"turns":4},{"damage":0,"enemies":"Cultist","floor":2,"turns":3},{"damage":4,"enemies":"Jaw Worm","floor":3,"turns":3},{"damage":12,"enemies":"Gremlin Nob","floor":6,"turns":4},{"damage":30,"enemies":"3 Sentries","floor":8,"turns":7},{"damage":0,"enemies":"Large Slime","floor":11,"turns":4},{"damage":37,"enemies":"Lagavulin","floor":13,"turns":8},{"damage":0,"enemies":"Gremlin Gang","floor":14,"turns":2},{"damage":66,"enemies":"Hexaghost","floor":16,"turns":12},{"damage":13,"enemies":"3 Byrds","floor":18,"turns":5},{"damage":48,"enemies":"2 Thieves","floor":20,"turns":5},{"damage":31,"enemies":"Snecko","floor":22,"turns":6},{"damage":45,"enemies":"Centurion and Healer","floor":24,"turns":8},{"damage":34,"enemies":"Shelled Parasite and Fungi","floor":28,"turns":6}],"seed_played":"5523096839775830062","potions_obtained":[{"floor":1,"key":"Block Potion"},{"floor":2,"key":"Poison Potion"},{"floor":11,"key":"Explosive Potion"},{"floor":16,"key":"Energy Potion"},{"floor":17,"key":"Energy Potion"},{"floor":18,"key":"SteroidPotion"},{"floor":24,"key":"BloodPotion"}],"is_trial":false,"path_per_floor":["M","M","M","?","$","E","R","E","T","R","M","R","E","M","R","B",null,"M","?","M","?","M","R","M","$","T","?","M"],"character_chosen":"IRONCLAD","items_purchased":["Bandage Up","Cleave","Orichalcum","Ghostly Armor"],"campfire_rested":2,"item_purchase_floors":[5,5,25,25],"current_hp_per_floor":[56,62,64,64,64,62,62,42,42,42,52,52,27,39,61,7,63,68,68,38,38,19,43,16,16,16,16,0],"gold":15,"neow_bonus":"ONE_RARE_RELIC","is_prod":false,"is_daily":false,"chose_seed":false,"campfire_upgraded":3,"win_rate":0,"timestamp":1547422152,"path_taken":["M","M","M","?","$","E","R","E","T","R","M","R","E","?","R","BOSS","M","?","M","?","M","R","M","$","T","?","?"],"build_version":"2019-01-10","purchased_purges":0,"victory":false,"max_hp_per_floor":[75,75,75,75,75,75,75,75,75,75,75,75,75,75,75,75,80,80,80,80,80,80,80,80,80,80,80,80],"card_choices":[{"not_picked":["Warcry","True Grit"],"picked":"Uppercut","floor":1},{"not_picked":["Spot Weakness","Dual Wield"],"picked":"Pommel Strike","floor":2},{"not_picked":["Body Slam","Shockwave"],"picked":"Clothesline","floor":3},{"not_picked":["Twin Strike","Sever Soul"],"picked":"Disarm","floor":6},{"not_picked":["Combust","Twin Strike"],"picked":"Whirlwind","floor":8},{"not_picked":["Combust","Carnage","Havoc"],"picked":"Headbutt","floor":11},{"not_picked":["Havoc","Carnage","Wild Strike"],"picked":"Pommel Strike","floor":13},{"not_picked":["Pommel Strike","Sword Boomerang","True Grit"],"picked":"Evolve","floor":14},{"not_picked":["Brutality","Feed","Barricade"],"picked":"Exhume","floor":16},{"not_picked":["Clothesline","Disarm","Carnage"],"picked":"Sever Soul","floor":17},{"not_picked":["Thunderclap","Clash","Flex"],"picked":"Battle Trance","floor":18},{"not_picked":["Wild Strike","Thunderclap","Twin Strike"],"picked":"True Grit","floor":20},{"not_picked":["Bloodletting+1","Battle Trance","Carnage+1"],"picked":"Impervious","floor":22},{"not_picked":["Whirlwind","True Grit","Wild Strike"],"picked":"Pummel+1","floor":24}],"player_experience":471810,"relics_obtained":[{"floor":6,"key":"Bottled Flame"},{"floor":8,"key":"Blue Candle"},{"floor":9,"key":"Question Card"},{"floor":13,"key":"Bottled Lightning"},{"floor":26,"key":"Pantograph"}],"event_choices":[{"cards_removed":["Strike_R"],"damage_healed":0,"gold_gain":0,"player_choice":"Purged","damage_taken":0,"max_hp_gain":0,"max_hp_loss":0,"event_name":"Purifier","floor":4,"gold_loss":0},{"damage_healed":0,"gold_gain":0,"player_choice":"Smashed Altar","damage_taken":0,"max_hp_gain":0,"max_hp_loss":0,"event_name":"Forgotten Altar","floor":19,"gold_loss":0,"cards_obtained":["Decay"]},{"cards_removed":["Strike_R"],"damage_healed":0,"gold_gain":0,"player_choice":"Gave Gold","damage_taken":0,"max_hp_gain":0,"max_hp_loss":0,"event_name":"Beggar","floor":21,"gold_loss":75},{"damage_healed":0,"gold_gain":0,"player_choice":"Forge","damage_taken":0,"max_hp_gain":0,"max_hp_loss":0,"event_name":"Accursed Blacksmith","floor":27,"gold_loss":0,"cards_upgraded":["True Grit"]}],"is_beta":false,"boss_relics":[{"not_picked":["Busted Crown","Runic Pyramid"],"picked":"Tiny House"}],"items_purged_floors":[],"is_endless":false,"potions_floor_spawned":[1,2,11,16,18,24],"killed_by":"Shelled Parasite and Fungi","ascension_level":15}