{"gold_per_floor":[112,112,130,148,163,192,192,192],"floor_reached":8,"playtime":6936,"items_purged":[],"score":110,"play_id":"d861fcb3-92bc-46cd-a17e-67eb948b3057","local_time":"20190116140410","is_ascension_mode":true,"campfire_choices":[{"floor":7,"key":"REST"}],"neow_cost":"TEN_PERCENT_HP_LOSS","seed_source_timestamp":1888413363894,"circlet_count":0,"master_deck":["AscendersBane","Defend_G","Defend_G","Defend_G","Defend_G","Defend_G","Strike_G","Strike_G","Strike_G","Strike_G","Strike_G","Survivor","Neutralize","Die Die Die","PiercingWail","Glass Knife","Dash","Backflip","Dagger Spray"],"relics":["Ring of the Snake","Darkstone Periapt"],"potions_floor_usage":[6],"damage_taken":[{"damage":1,"enemies":"Jaw Worm","floor":1,"turns":5},{"damage":0,"enemies":"Cultist","floor":3,"turns":2},{"damage":0,"enemies":"Small Slimes","floor":4,"turns":5},{"damage":0,"enemies":"3 Louse","floor":5,"turns":3},{"damage":33,"enemies":"Gremlin Nob","floor":6,"turns":5},{"damage":53,"enemies":"Lagavulin","floor":8,"turns":8}],"seed_played":"9179167997773245528","potions_obtained":[{"floor":3,"key":"EssenceOfSteel"}],"is_trial":false,"path_per_floor":["M","?","M","M","M","E","R","E"],"character_chosen":"THE_SILENT","items_purchased":[],"campfire_rested":1,"item_purchase_floors":[],"current_hp_per_floor":[58,58,58,58,58,25,43,0],"gold":192,"neow_bonus":"THREE_RARE_CARDS","is_prod":false,"is_daily":false,"chose_seed":false,"campfire_upgraded":0,"win_rate":0,"timestamp":1547643850,"path_taken":["M","?","M","?","M","E","R","E"],"build_version":"2019-01-10","purchased_purges":0,"victory":false,"max_hp_per_floor":[60,60,60,60,60,60,60,60],"card_choices":[{"not_picked":["Doppelganger","Bullet Time"],"picked":"Die Die Die","floor":0},{"not_picked":["Cloak And Dagger","Distraction"],"picked":"PiercingWail","floor":1},{"not_picked":["Dagger Throw","Poisoned Stab"],"picked":"Backflip","floor":3},{"not_picked":["Prepared","Catalyst"],"picked":"Dagger Spray","floor":4},{"not_picked":["Expertise","Dodge and Roll","Acrobatics"],"picked":"SKIP","floor":5},{"not_picked":["Poisoned Stab","Deadly Poison","Endless Agony"],"picked":"SKIP","floor":6}],"player_experience":868463,"relics_obtained":[{"floor":6,"key":"Darkstone Periapt"}],"event_choices":[{"damage_healed":0,"gold_gain":0,"player_choice":"2 cards matched","damage_taken":0,"max_hp_gain":0,"max_hp_loss":0,"event_name":"Match and Keep!","floor":2,"gold_loss":0,"cards_obtained":["Glass Knife","Dash"]}],"is_beta":false,"boss_relics":[],"items_purged_floors":[],"is_endless":false,"potions_floor_spawned":[3],"killed_by":"Lagavulin","ascension_level":18}