{"gold_per_floor":[112,12,12,28,42,42,77,90,116,116,16,47,47,59,59,137,137,155,169,187,205,120,120,149,149,149,167,221,250,250,267,267,344,344,360,360,378,378,1377,1395,1395,941,941,553,553,567,585,599,599,599],"floor_reached":50,"playtime":1826,"items_purged":["Strike_B","Strike_B","Normality","Normality"],"score":959,"play_id":"6a4228de-131b-4e75-9413-7ac43f9d8663","local_time":"20181101193348","is_ascension_mode":true,"campfire_choices":[{"data":"Hologram","floor":6,"key":"SMITH"},{"data":"Dualcast","floor":10,"key":"SMITH"},{"data":"Beam Cell","floor":13,"key":"SMITH"},{"data":"Auto Shields","floor":15,"key":"SMITH"},{"floor":23,"key":"REST"},{"data":"Defragment","floor":25,"key":"SMITH"},{"data":"Sunder","floor":30,"key":"SMITH"},{"data":"Coolheaded","floor":32,"key":"SMITH"},{"floor":41,"key":"REST"},{"data":"Secret Weapon","floor":45,"key":"SMITH"},{"floor":49,"key":"REST"}],"neow_cost":"NONE","seed_source_timestamp":456363149448097,"circlet_count":0,"master_deck":["Zap+1","Dualcast+1","AscendersBane","Seek","Ball Lightning","Go for the Eyes","Hologram+1","Auto Shields+1","Sunder+1","Beam Cell+1","All For One","Rebound","Sweeping Beam","Defragment+1","Leap","FTL","Gash","Core Surge","Scrape+1","Sunder+1","Echo Form+1","Go for the Eyes","Steam","Secret Weapon+1","Conserve Battery","Gash+1"],"relics":["Cracked Core","Centennial Puzzle","Bronze Scales","Bag of Marbles","Pandora\u0027s Box","Art of War","Nunchaku","Symbiotic Virus","Regal Pillow","Strawberry","Astrolabe","Ornamental Fan","Molten Egg 2"],"potions_floor_usage":[12,16,20,21,29,40,40,47,47,48],"damage_taken":[{"damage":0,"enemies":"Small Slimes","floor":1,"turns":2},{"damage":0,"enemies":"Cultist","floor":4,"turns":3},{"damage":2,"enemies":"Jaw Worm","floor":5,"turns":2},{"damage":17,"enemies":"Gremlin Nob","floor":7,"turns":4},{"damage":12,"enemies":"3 Louse","floor":8,"turns":2},{"damage":10,"enemies":"3 Sentries","floor":12,"turns":3},{"damage":13,"enemies":"Exordium Thugs","floor":14,"turns":2},{"damage":15,"enemies":"The Guardian","floor":16,"turns":7},{"damage":8,"enemies":"Shell Parasite","floor":18,"turns":4},{"damage":1,"enemies":"Spheric Guardian","floor":19,"turns":3},{"damage":0,"enemies":"Snake Plant","floor":20,"turns":3},{"damage":11,"enemies":"Snecko","floor":21,"turns":4},{"damage":3,"enemies":"Gremlin Leader","floor":24,"turns":5},{"damage":0,"enemies":"Chosen and Byrds","floor":27,"turns":3},{"damage":0,"enemies":"Slavers","floor":29,"turns":3},{"damage":0,"enemies":"Centurion and Healer","floor":31,"turns":4},{"damage":74,"enemies":"Champ","floor":33,"turns":11},{"damage":6,"enemies":"3 Darklings","floor":35,"turns":3},{"damage":0,"enemies":"3 Shapes","floor":37,"turns":2},{"damage":19,"enemies":"Sphere and 2 Shapes","floor":40,"turns":3},{"damage":20,"enemies":"Jaw Worm Horde","floor":46,"turns":3},{"damage":3,"enemies":"4 Shapes","floor":47,"turns":4},{"damage":13,"enemies":"Spire Growth","floor":48,"turns":4},{"damage":76,"enemies":"Awakened One","floor":50,"turns":8}],"seed_played":"1569043599167954753","potions_obtained":[{"floor":1,"key":"Fire Potion"},{"floor":5,"key":"FairyPotion"},{"floor":14,"key":"Regen Potion"},{"floor":18,"key":"Poison Potion"},{"floor":20,"key":"Weak Potion"},{"floor":27,"key":"AttackPotion"},{"floor":37,"key":"EntropicBrew"},{"floor":40,"key":"SpeedPotion"},{"floor":47,"key":"AttackPotion"}],"is_trial":false,"path_per_floor":["M","$","?","M","M","R","E","M","T","R","$","E","R","M","R","B",null,"M","M","M","M","?","R","E","R","T","M","T","E","R","M","R","B",null,"M","?","M","?","?","M","R","$","T","$","R","M","M","M","R"],"character_chosen":"DEFECT","items_purchased":["Go for the Eyes","Ornamental Fan","Go for the Eyes","Steam","Secret Weapon"],"campfire_rested":3,"item_purchase_floors":[2,42,42,44,44],"current_hp_per_floor":[64,64,64,64,62,62,45,33,33,33,33,23,23,10,10,10,56,48,47,47,36,36,57,54,54,54,54,54,61,61,61,61,7,60,54,54,54,54,54,35,73,73,73,73,73,53,50,37,75,0],"gold":599,"neow_bonus":"ONE_RANDOM_RARE_CARD","is_prod":false,"is_daily":false,"chose_seed":false,"campfire_upgraded":8,"win_rate":0,"timestamp":1541097228,"path_taken":["M","$","?","M","?","R","E","?","T","R","?","E","R","M","R","BOSS","M","M","M","M","?","R","E","R","T","M","?","E","R","M","R","BOSS","M","?","?","?","?","?","R","$","T","$","R","M","M","M","R","BOSS"],"build_version":"2018-10-25v2","purchased_purges":4,"victory":false,"max_hp_per_floor":[71,71,71,71,71,71,71,71,71,71,71,71,71,71,71,71,71,71,71,71,71,71,71,71,71,71,71,71,78,78,78,78,78,78,78,78,78,78,78,78,78,78,78,78,78,78,78,78,78,78],"card_choices":[{"not_picked":["Turbo","Coolheaded"],"picked":"Ball Lightning","floor":1},{"not_picked":["Go for the Eyes","Ball Lightning"],"picked":"Hologram","floor":4},{"not_picked":["Force Field","Consume"],"picked":"Auto Shields","floor":5},{"not_picked":["Double Energy","Sweeping Beam","Ball Lightning"],"picked":"SKIP","floor":7},{"not_picked":["Redo","Lockon"],"picked":"Sunder","floor":8},{"not_picked":["Redo","Sweeping Beam"],"picked":"Beam Cell","floor":12},{"not_picked":["Turbo","Rainbow"],"picked":"Cold Snap","floor":14},{"not_picked":["Hyperbeam","Fission"],"picked":"All For One","floor":16},{"not_picked":["Barrage","Sweeping Beam","Auto Shields"],"picked":"SKIP","floor":18},{"not_picked":["Chill","BootSequence"],"picked":"Leap","floor":19},{"not_picked":["Beam Cell","Meteor Strike"],"picked":"FTL","floor":20},{"not_picked":["White Noise","Compile Driver","Genetic Algorithm"],"picked":"SKIP","floor":21},{"not_picked":["Beam Cell","Barrage","Compile Driver"],"picked":"SKIP","floor":24},{"not_picked":["Melter","Storm","Cold Snap+1"],"picked":"SKIP","floor":27},{"not_picked":["Conserve Battery","Static Discharge+1"],"picked":"Gash","floor":29},{"not_picked":["Redo","Rebound","Consume+1"],"picked":"SKIP","floor":31},{"not_picked":["Seek","Rainbow"],"picked":"Core Surge","floor":33},{"not_picked":["Conserve Battery","Doom and Gloom","Streamline"],"picked":"SKIP","floor":35},{"not_picked":["Coolheaded","Sweeping Beam+1","Recycle+1"],"picked":"SKIP","floor":37},{"not_picked":["Darkness","Beam Cell+1","Sweeping Beam"],"picked":"SKIP","floor":40},{"not_picked":["Sweeping Beam+1","Rebound+1"],"picked":"Conserve Battery","floor":46},{"not_picked":["Machine Learning","Go for the Eyes+1"],"picked":"Gash+1","floor":47},{"not_picked":["Blizzard+1","Turbo","Ball Lightning+1"],"picked":"SKIP","floor":48}],"player_experience":613818,"relics_obtained":[{"floor":7,"key":"Centennial Puzzle"},{"floor":9,"key":"Bronze Scales"},{"floor":12,"key":"Bag of Marbles"},{"floor":24,"key":"Nunchaku"},{"floor":26,"key":"Symbiotic Virus"},{"floor":28,"key":"Regal Pillow"},{"floor":29,"key":"Strawberry"},{"floor":43,"key":"Molten Egg 2"}],"event_choices":[{"damage_healed":0,"gold_gain":0,"player_choice":"Upgraded","damage_taken":0,"max_hp_gain":0,"max_hp_loss":0,"event_name":"Upgrade Shrine","floor":3,"gold_loss":0,"cards_upgraded":["Zap"]},{"damage_healed":0,"gold_gain":0,"player_choice":"Obtained Relic","damage_taken":0,"relics_obtained":["Art of War"],"max_hp_gain":0,"max_hp_loss":0,"event_name":"Addict","floor":22,"gold_loss":85},{"cards_removed":["Coolheaded"],"damage_healed":0,"gold_gain":0,"player_choice":"Removed Skill","damage_taken":0,"max_hp_gain":0,"max_hp_loss":0,"event_name":"Falling","floor":36,"gold_loss":0},{"damage_healed":0,"gold_gain":0,"player_choice":"Ignored","damage_taken":0,"max_hp_gain":0,"max_hp_loss":0,"event_name":"Mysterious Sphere","floor":38,"gold_loss":0},{"damage_healed":0,"gold_gain":999,"player_choice":"Gold","damage_taken":0,"max_hp_gain":0,"max_hp_loss":0,"event_name":"MindBloom","floor":39,"gold_loss":0,"cards_obtained":["Normality","Normality"]}],"is_beta":false,"boss_relics":[{"not_picked":["Runic Pyramid","Lizard Tail"],"picked":"Pandora\u0027s Box"},{"not_picked":["Nuclear Battery","FrozenCore"],"picked":"Astrolabe"}],"items_purged_floors":[2,11,42,44],"is_endless":false,"potions_floor_spawned":[1,5,14,18,20,27,37,40,46,47],"killed_by":"Awakened One","ascension_level":16}