{"gold_per_floor":[113,188,188,188,188,188,220,234,234,234,245,258,7,25,25,121,121,140,151,151,83,83,83,111,111,179,179,35,70,70,89,89,191,191,211,211,226,249,101,130,50,61,61,89,102,113,131,131],"floor_reached":48,"playtime":1885,"items_purged":["Hello World"],"score":895,"play_id":"9a61c82d-9eed-489e-93e6-7754eeabfbfb","local_time":"20180925185312","is_ascension_mode":true,"campfire_choices":[{"data":"Defragment","floor":6,"key":"SMITH"},{"floor":10,"key":"REST"},{"data":"Apotheosis","floor":15,"key":"SMITH"},{"data":"Reboot","floor":23,"key":"SMITH"},{"floor":25,"key":"REST"},{"data":"Capacitor","floor":27,"key":"SMITH"},{"data":"Defragment","floor":30,"key":"SMITH"},{"data":"Skim","floor":32,"key":"SMITH"}],"neow_cost":"NONE","seed_source_timestamp":0,"circlet_count":0,"master_deck":["Zap","Dualcast","AscendersBane","Go for the Eyes+1","Conserve Battery","Leap","Skim+1","Ball Lightning+1","Defragment+1","Glacier","Sunder+1","Barrage+1","Apotheosis+1","Defragment+1","Ball Lightning+1","Reboot+1","Gash+1","Undo","Gash+1","Conserve Battery","Darkness","Gash+1","Steam","Self Repair","Gash+1","Chill","Capacitor+1","Gash+1","Creative AI","Gash+1","Storm","Skim","Aggregate+1","Compile Driver+1","Fission"],"special_seed":0,"relics":["Orrery","Bottled Flame","Molten Egg 2","StoneCalendar","Pandora\u0027s Box","Calipers","Ornamental Fan","Mercury Hourglass","Mummified Hand","DataDisk","Sozu","Shovel","Orichalcum","Ancient Tea Set","Anchor","Whetstone"],"potions_floor_usage":[7,16,19,24,40],"damage_taken":[{"damage":22.0,"enemies":"Cultist","floor":1.0,"turns":6.0},{"damage":14,"enemies":"Lagavulin","floor":7,"turns":8},{"damage":0,"enemies":"Jaw Worm","floor":8,"turns":4},{"damage":0,"enemies":"2 Louse","floor":11,"turns":3},{"damage":5,"enemies":"Blue Slaver","floor":12,"turns":4},{"damage":5,"enemies":"Red Slaver","floor":14,"turns":5},{"damage":8,"enemies":"The Guardian","floor":16,"turns":8},{"damage":0,"enemies":"Spheric Guardian","floor":18,"turns":3},{"damage":0,"enemies":"Shell Parasite","floor":19,"turns":5},{"damage":26,"enemies":"Slavers","floor":24,"turns":7},{"damage":12,"enemies":"Gremlin Leader","floor":29,"turns":7},{"damage":0,"enemies":"Shelled Parasite and Fungi","floor":31,"turns":6},{"damage":35,"enemies":"Automaton","floor":33,"turns":10},{"damage":0,"enemies":"3 Shapes","floor":35,"turns":4},{"damage":0,"enemies":"Mind Bloom Boss Battle","floor":36,"turns":5},{"damage":0,"enemies":"Orb Walker","floor":37,"turns":3},{"damage":24,"enemies":"2 Orb Walkers","floor":40,"turns":3},{"damage":20,"enemies":"Reptomancer","floor":42,"turns":5},{"damage":12,"enemies":"Giant Head","floor":44,"turns":6},{"damage":0,"enemies":"Sphere and 2 Shapes","floor":45,"turns":4},{"damage":7,"enemies":"Transient","floor":46,"turns":5},{"damage":10,"enemies":"4 Shapes","floor":47,"turns":4},{"damage":29,"enemies":"3 Darklings","floor":48,"turns":2}],"seed_played":"-6628484404812031813","potions_obtained":[{"floor":1.0,"key":"FearPotion"},{"floor":8,"key":"Fire Potion"},{"floor":11,"key":"Poison Potion"},{"floor":16,"key":"Strength Potion"},{"floor":18,"key":"SkillPotion"},{"floor":31,"key":"FocusPotion"}],"is_trial":false,"path_per_floor":["M","?","?","T","$","R","E","M","T","R","M","M","$","M","R","B",null,"M","M","?","$","?","R","E","R","T","R","?","E","R","M","R","B",null,"M","?","M","T","$","E","$","M","T","E","M","M","M"],"character_chosen":"DEFECT","items_purchased":["Apotheosis","Defragment","Chill","Storm","Skim"],"campfire_rested":2,"item_purchase_floors":[13,13,21,39,41],"current_hp_per_floor":[46,35,35,35,35,35,21,21,21,43,43,38,38,33,33,25,63,63,63,63,63,49,49,30,54,54,54,54,49,49,56,56,28,67,67,67,77,77,77,60,60,47,47,35,45,38,28,0],"gold":131,"neow_bonus":"BOSS_RELIC","is_prod":false,"is_daily":false,"chose_seed":false,"campfire_upgraded":6,"win_rate":0,"timestamp":1537894392,"path_taken":["M","?","?","?","$","R","E","M","T","R","M","M","$","M","R","BOSS","M","M","?","$","?","R","E","R","T","R","?","E","R","M","R","BOSS","M","?","?","?","$","E","$","M","T","E","M","M","M","M"],"build_version":"2018-09-20","purchased_purges":1,"victory":false,"max_hp_per_floor":[75,75,75,75,75,75,75,75,75,75,75,75,75,75,75,75,75,75,75,75,75,80,80,80,80,80,80,80,80,80,80,80,80,80,80,80,80,80,80,80,80,80,80,80,80,80,80,80],"card_choices":[{"not_picked":["Barrage","Stack"],"picked":"Go for the Eyes","floor":0.0},{"not_picked":["Compile Driver","Turbo"],"picked":"Conserve Battery","floor":0.0},{"not_picked":["Consume","Recycle"],"picked":"Leap","floor":0.0},{"not_picked":["Stack","Redo"],"picked":"Creative AI","floor":0.0},{"not_picked":["Sweeping Beam","Hologram"],"picked":"Skim","floor":0.0},{"not_picked":["Rebound","Beam Cell"],"picked":"Ball Lightning","floor":1.0},{"not_picked":["Blizzard","Loop"],"picked":"Glacier","floor":7},{"not_picked":["Coolheaded","Steam"],"picked":"Sunder+1","floor":8},{"not_picked":["Sweeping Beam+1","Gash+1"],"picked":"Barrage+1","floor":11},{"not_picked":["Barrage+1","Aggregate","Chaos"],"picked":"SKIP","floor":12},{"not_picked":["Glacier","BootSequence"],"picked":"Ball Lightning+1","floor":14},{"not_picked":["Amplify","Rainbow"],"picked":"Reboot","floor":16},{"not_picked":["Undo","Leap"],"picked":"Self Repair","floor":18},{"not_picked":["Hello World","Rip and Tear+1"],"picked":"Gash+1","floor":19},{"not_picked":["Cold Snap+1","Steam"],"picked":"Capacitor","floor":24},{"not_picked":["Go for the Eyes+1","Stack"],"picked":"Gash+1","floor":29},{"not_picked":["Rebound+1","Cold Snap+1","Sweeping Beam+1"],"picked":"SKIP","floor":31},{"not_picked":["Rainbow","Multi-Cast"],"picked":"Creative AI","floor":33},{"not_picked":["Beam Cell+1","Loop"],"picked":"Gash+1","floor":35},{"not_picked":["Streamline+1","Steam","Go for the Eyes+1"],"picked":"SKIP","floor":37},{"not_picked":["Hologram","Stack","Hello World"],"picked":"SKIP","floor":40},{"not_picked":["Stack","Steam","Aggregate"],"picked":"SKIP","floor":42},{"not_picked":["Sweeping Beam+1","Coolheaded"],"picked":"Aggregate+1","floor":44},{"not_picked":["Barrage+1","Turbo"],"picked":"Compile Driver+1","floor":45},{"not_picked":["Aggregate","Compile Driver+1"],"picked":"Fission","floor":46},{"not_picked":["Streamline+1","Hologram","FTL+1"],"picked":"SKIP","floor":47}],"player_experience":442663,"relics_obtained":[{"floor":4.0,"key":"Bottled Flame"},{"floor":7,"key":"Molten Egg 2"},{"floor":9,"key":"StoneCalendar"},{"floor":24,"key":"Ornamental Fan"},{"floor":26,"key":"Mercury Hourglass"},{"floor":29,"key":"DataDisk"},{"floor":36,"key":"Shovel"},{"floor":38,"key":"Orichalcum"},{"floor":40,"key":"Ancient Tea Set"},{"floor":43,"key":"Anchor"},{"floor":44,"key":"Whetstone"}],"event_choices":[{"event_name":"World of Goop","player_choice":"Gather Gold","floor":2.0,"damage_taken":0.0},{"event_name":"Transmorgrifier","player_choice":"Transform","floor":3.0,"damage_taken":0.0},{"event_name":"The Mausoleum","player_choice":"Yes","floor":20,"damage_taken":0},{"event_name":"Forgotten Altar","player_choice":"Shed Blood","floor":22,"damage_taken":0},{"event_name":"WeMeetAgain","player_choice":"Gold","floor":28,"damage_taken":0},{"event_name":"MindBloom","player_choice":"Fight","floor":36,"damage_taken":0}],"is_beta":false,"boss_relics":[{"not_picked":["Lizard Tail","Nuclear Battery"],"picked":"Pandora\u0027s Box"},{"not_picked":["Astrolabe","Black Star"],"picked":"Sozu"}],"items_purged_floors":[39],"is_endless":false,"potions_floor_spawned":[1,8,11,16,18,31,36,37,46],"killed_by":"3 Darklings","ascension_level":12}