{"gold_per_floor":[116,291,9,19,19,44,44,44,44,77,106,129,141,188,200,212],"floor_reached":16,"playtime":843,"items_purged":["Doubt"],"score":195,"play_id":"733190ee-1c71-4bf7-807c-e59d54b4c5fd","local_time":"20190108165113","is_ascension_mode":true,"campfire_choices":[{"data":"Metamorphosis","floor":8,"key":"SMITH"},{"data":"Anger","floor":13,"key":"SMITH"},{"data":"Searing Blow","floor":15,"key":"SMITH"}],"neow_cost":"NONE","seed_source_timestamp":276794083041165,"circlet_count":0,"master_deck":["AscendersBane","Strike_R","Strike_R","Strike_R","Strike_R","Defend_R","Defend_R","Defend_R","Defend_R","Bash","Searing Blow+1","Metamorphosis+1","Cleave","Anger+1","Blood for Blood","Dual Wield","Feel No Pain","Clothesline","Limit Break"],"relics":["Burning Blood","Lantern","Dream Catcher","Ancient Tea Set","MawBank","Gambling Chip"],"potions_floor_usage":[6,12,14,14],"damage_taken":[{"damage":2,"enemies":"2 Louse","floor":1,"turns":3},{"damage":1,"enemies":"Cultist","floor":4,"turns":3},{"damage":13,"enemies":"Lagavulin","floor":6,"turns":5},{"damage":24,"enemies":"Gremlin Nob","floor":10,"turns":4},{"damage":8,"enemies":"Small Slimes","floor":11,"turns":2},{"damage":6,"enemies":"3 Louse","floor":12,"turns":3},{"damage":20,"enemies":"3 Sentries","floor":14,"turns":5},{"damage":54,"enemies":"The Guardian","floor":16,"turns":8}],"seed_played":"4511641824364734397","potions_obtained":[{"floor":1,"key":"Block Potion"},{"floor":11,"key":"EntropicBrew"}],"is_trial":false,"path_per_floor":["M","?","$","M","?","E","$","R","T","E","M","M","R","E","R","B"],"character_chosen":"IRONCLAD","items_purchased":["Metamorphosis","Cleave"],"campfire_rested":0,"item_purchase_floors":[3,3],"current_hp_per_floor":[76,76,76,80,80,73,73,73,73,55,53,53,53,53,53,0],"gold":212,"neow_bonus":"RANDOM_COMMON_RELIC","is_prod":false,"is_daily":false,"chose_seed":false,"campfire_upgraded":3,"win_rate":0,"timestamp":1546995073,"path_taken":["M","?","$","M","?","E","$","R","T","E","M","M","R","E","R","BOSS"],"build_version":"2019-01-03v4","purchased_purges":1,"victory":false,"max_hp_per_floor":[80,80,80,80,80,80,80,80,80,80,80,80,80,80,80,80],"card_choices":[{"not_picked":["Burning Pact","Iron Wave"],"picked":"Searing Blow","floor":1},{"not_picked":["Armaments","Clash"],"picked":"Anger","floor":4},{"not_picked":["Clash","Sentinel"],"picked":"Dual Wield","floor":6},{"not_picked":["Perfected Strike","Rampage"],"picked":"Feel No Pain","floor":10},{"not_picked":["Body Slam","Cleave"],"picked":"Clothesline","floor":11},{"not_picked":["Burning Pact","Warcry","Havoc"],"picked":"SKIP","floor":12},{"not_picked":["Headbutt","Seeing Red"],"picked":"Limit Break","floor":14}],"player_experience":451309,"relics_obtained":[{"floor":6,"key":"Dream Catcher"},{"floor":9,"key":"Ancient Tea Set"},{"floor":10,"key":"MawBank"},{"floor":14,"key":"Gambling Chip"}],"event_choices":[{"damage_healed":0,"gold_gain":175,"player_choice":"AGREE","damage_taken":0,"max_hp_gain":0,"max_hp_loss":0,"event_name":"Liars Game","floor":2,"gold_loss":0,"cards_obtained":["Doubt"]},{"damage_healed":0,"gold_gain":0,"cards_transformed":["Strike_R"],"player_choice":"Transformed","damage_taken":0,"max_hp_gain":0,"max_hp_loss":0,"event_name":"Transmorgrifier","floor":5,"gold_loss":0,"cards_obtained":["Blood for Blood"]}],"is_beta":false,"boss_relics":[],"items_purged_floors":[3],"is_endless":false,"potions_floor_spawned":[1,11,12],"killed_by":"The Guardian","ascension_level":13}