{"gold_per_floor":[14,29,49,65,65,65,109,109,109,109,122,222,222,263,263,358,358,374,397,397],"floor_reached":20,"playtime":864,"items_purged":[],"score":304,"play_id":"b59cfa7f-cf58-4406-9497-11d5250ae189","local_time":"20181004142527","is_ascension_mode":true,"campfire_choices":[{"data":"Go for the Eyes","floor":6.0,"key":"SMITH"},{"data":"Zap","floor":8.0,"key":"SMITH"},{"data":"Dualcast","floor":10.0,"key":"SMITH"},{"floor":13.0,"key":"REST"},{"floor":15.0,"key":"REST"}],"neow_cost":"NO_GOLD","seed_source_timestamp":0,"circlet_count":0,"master_deck":["Strike_B","Strike_B","Strike_B","Defend_B","Defend_B","Defend_B","Zap+1","Dualcast+1","AscendersBane","Beam Cell","Gash","Rebound","Go for the Eyes+1","Reinforced Body","Cold Snap","Machine Learning","Steam","Capacitor","Cold Snap","Capacitor","Self Repair+1","Glacier"],"special_seed":0,"relics":["Cracked Core","Golden Idol","Pear","Unceasing Top","Torii","Orrery"],"potions_floor_usage":[18,19],"damage_taken":[{"damage":2.0,"enemies":"Jaw Worm","floor":1.0,"turns":3.0},{"damage":3.0,"enemies":"2 Louse","floor":2.0,"turns":2.0},{"damage":0.0,"enemies":"Small Slimes","floor":3.0,"turns":3.0},{"damage":9.0,"enemies":"Red Slaver","floor":4.0,"turns":3.0},{"damage":32.0,"enemies":"3 Sentries","floor":7.0,"turns":7.0},{"damage":10.0,"enemies":"3 Louse","floor":11.0,"turns":3.0},{"damage":36.0,"enemies":"Gremlin Nob","floor":14.0,"turns":5.0},{"damage":7.0,"enemies":"The Guardian","floor":16.0,"turns":12.0},{"damage":11,"enemies":"Shell Parasite","floor":18,"turns":7},{"damage":2,"enemies":"3 Byrds","floor":19,"turns":6},{"damage":63,"enemies":"Cultist and Chosen","floor":20,"turns":5}],"seed_played":"273324541606402397","potions_obtained":[{"floor":2.0,"key":"Dexterity Potion"},{"floor":11.0,"key":"SpeedPotion"},{"floor":14.0,"key":"Strength Potion"},{"floor":16,"key":"Block Potion"},{"floor":18,"key":"Block Potion"}],"is_trial":false,"path_per_floor":["M","M","M","M","?","R","E","R","T","R","M","?","R","E","R","B",null,"M","M"],"character_chosen":"DEFECT","items_purchased":[],"campfire_rested":2,"item_purchase_floors":[],"current_hp_per_floor":[66,63,63,54,54,54,32,32,32,32,22,22,45,9,32,25,66,55,63,0],"gold":397,"neow_bonus":"REMOVE_TWO","is_prod":false,"is_daily":false,"chose_seed":false,"campfire_upgraded":3,"win_rate":0,"timestamp":1538655927,"path_taken":["M","M","M","M","?","R","E","R","T","R","M","?","R","E","R","BOSS","BOSS","M","M","M"],"build_version":"2018-09-27","purchased_purges":0,"victory":false,"max_hp_per_floor":[75,75,75,75,69,69,79,79,79,79,79,79,79,79,79,79,79,79,79,79],"card_choices":[{"not_picked":["Redo","Barrage"],"picked":"Beam Cell","floor":1.0},{"not_picked":["Static Discharge","Rebound"],"picked":"Gash","floor":2.0},{"not_picked":["Redo","Leap"],"picked":"Rebound","floor":3.0},{"not_picked":["Cold Snap","Hello World"],"picked":"Go for the Eyes","floor":4.0},{"not_picked":["Turbo","Ball Lightning"],"picked":"Reinforced Body","floor":7.0},{"not_picked":["Hello World","Beam Cell","Thunder Strike"],"picked":"SKIP","floor":11.0},{"not_picked":["Ball Lightning","Double Energy"],"picked":"Cold Snap","floor":14.0},{"not_picked":["Multi-Cast","Buffer"],"picked":"Machine Learning","floor":16},{"not_picked":["Rainbow","Ball Lightning"],"picked":"Steam","floor":17},{"not_picked":["Ball Lightning","Genetic Algorithm"],"picked":"Capacitor","floor":17},{"not_picked":["Streamline","Skim"],"picked":"Cold Snap","floor":17},{"not_picked":["Lockon","Cold Snap"],"picked":"Capacitor","floor":17},{"not_picked":["Leap","Go for the Eyes"],"picked":"Self Repair+1","floor":18},{"not_picked":["Turbo+1","Coolheaded"],"picked":"Glacier","floor":19}],"player_experience":488155,"relics_obtained":[{"floor":7.0,"key":"Pear"},{"floor":9.0,"key":"Unceasing Top"},{"floor":14.0,"key":"Torii"}],"event_choices":[{"event_name":"Golden Idol","player_choice":"Lose Max HP","floor":5.0,"damage_taken":0.0},{"event_name":"Wheel of Change","player_choice":"Gold","floor":12.0,"damage_taken":0.0}],"is_beta":false,"boss_relics":[{"not_picked":["Coffee Dripper","Inserter"],"picked":"Orrery"}],"items_purged_floors":[],"is_endless":false,"potions_floor_spawned":[2,11,14,16,18],"killed_by":"Cultist and Chosen","ascension_level":13}