{"gold_per_floor":[114,114,129,129,139,139,174,174,174,186,211,211,311,311,311,410,410,428,12,24,24,24,59,78,78,103,115,137,160,26,126,126,126],"floor_reached":33,"playtime":2699,"items_purged":["Strike_R"],"score":314,"play_id":"3117877c-991a-41a4-ba1e-4ce5508ebca4","local_time":"20180912192503","is_ascension_mode":true,"campfire_choices":[{"data":"Rage","floor":6,"key":"SMITH"},{"floor":8,"key":"REST"},{"floor":12,"key":"REST"},{"data":"Hemokinesis","floor":15,"key":"SMITH"},{"floor":25,"key":"REST"},{"floor":32,"key":"REST"}],"neow_cost":"PERCENT_DAMAGE","seed_source_timestamp":97765778085659,"circlet_count":0,"master_deck":["Strike_R","Strike_R","Strike_R","Defend_R","Defend_R","Defend_R","Defend_R","Bash","Dropkick","Uppercut","Warcry","Regret","Rage+1","Hemokinesis+1","Spot Weakness","Shrug It Off","Double Tap","Battle Trance","Flex","Headbutt"],"relics":["Burning Blood","Ginger","Self Forming Clay","Question Card","Ancient Tea Set","Thread and Needle","GremlinMask","Lizard Tail","Bag of Preparation","Bronze Scales","PreservedInsect","MawBank"],"potions_floor_usage":[16,18,23,23,29,33],"damage_taken":[{"damage":0,"enemies":"Small Slimes","floor":1,"turns":3},{"damage":6,"enemies":"2 Louse","floor":3,"turns":3},{"damage":4,"enemies":"Jaw Worm","floor":5,"turns":3},{"damage":31,"enemies":"3 Sentries","floor":7,"turns":13},{"damage":7,"enemies":"Blue Slaver","floor":10,"turns":4},{"damage":28,"enemies":"Lagavulin","floor":11,"turns":6},{"damage":15,"enemies":"The Guardian","floor":16,"turns":9},{"damage":20,"enemies":"2 Thieves","floor":18,"turns":5},{"damage":19,"enemies":"Spheric Guardian","floor":20,"turns":4},{"damage":51,"enemies":"Slavers","floor":23,"turns":7},{"damage":28,"enemies":"Centurion and Healer","floor":24,"turns":6},{"damage":20,"enemies":"Snecko","floor":28,"turns":4},{"damage":23,"enemies":"Chosen and Byrds","floor":29,"turns":5},{"damage":70,"enemies":"Collector","floor":33,"turns":9}],"seed_played":"-8130724887559851740","potions_obtained":[{"floor":1,"key":"AttackPotion"},{"floor":7,"key":"AttackPotion"},{"floor":10,"key":"SteroidPotion"},{"floor":24,"key":"SneckoOil"}],"is_trial":false,"path_per_floor":["M","?","M","?","M","R","E","R","T","M","E","R","?","?","R","B",null,"M","$","M","?","?","E","M","R","T","?","M","M","$","?","R"],"character_chosen":"IRONCLAD","items_purchased":["Bag of Preparation","Bronze Scales","Explosive Potion","FearPotion","Swift Potion","FearPotion"],"campfire_rested":4,"item_purchase_floors":[19,19,19,30,30,30],"current_hp_per_floor":[62,62,62,62,64,64,39,63,63,62,40,64,64,64,64,55,80,66,66,53,53,53,8,27,51,51,77,63,46,46,46,70,0],"gold":126,"neow_bonus":"ONE_RARE_RELIC","is_prod":false,"is_daily":false,"chose_seed":false,"campfire_upgraded":2,"win_rate":0,"timestamp":1536805503,"path_taken":["M","?","M","?","M","R","E","R","T","?","E","R","?","?","R","BOSS","M","$","M","?","?","E","M","R","T","?","M","M","?","?","R","BOSS"],"build_version":"2018-09-06","purchased_purges":1,"victory":false,"max_hp_per_floor":[80,80,80,80,80,80,80,80,80,80,80,80,80,80,80,80,80,80,80,80,80,80,80,80,80,80,80,80,80,80,80,80,80],"card_choices":[{"not_picked":["Blood for Blood","Clothesline"],"picked":"Dropkick","floor":1},{"not_picked":["Intimidate","Spot Weakness"],"picked":"Warcry","floor":3},{"not_picked":["Clash","Reckless Charge"],"picked":"Rage","floor":5},{"not_picked":["Twin Strike","Feel No Pain"],"picked":"Hemokinesis","floor":7},{"not_picked":["Sword Boomerang","Havoc","Body Slam"],"picked":"Spot Weakness","floor":10},{"not_picked":["Sword Boomerang","Combust","Armaments"],"picked":"Shrug It Off","floor":11},{"not_picked":["Dark Embrace","Impervious","Exhume"],"picked":"Double Tap","floor":16},{"not_picked":["Sword Boomerang+1","True Grit","Perfected Strike"],"picked":"Battle Trance","floor":18},{"not_picked":["Perfected Strike","Sword Boomerang+1","Clash"],"picked":"Flex","floor":20},{"not_picked":["Reaper","Shrug It Off","Anger"],"picked":"Headbutt","floor":23},{"not_picked":["Sever Soul","Body Slam","Headbutt","Battle Trance+1"],"picked":"SKIP","floor":24},{"not_picked":["Thunderclap+1","Armaments","Sentinel+1","Sword Boomerang"],"picked":"SKIP","floor":28},{"not_picked":["Reckless Charge","Combust+1","Evolve","Clothesline"],"picked":"SKIP","floor":29}],"player_experience":228675,"relics_obtained":[{"floor":7,"key":"Question Card"},{"floor":9,"key":"Ancient Tea Set"},{"floor":11,"key":"Thread and Needle"},{"floor":23,"key":"PreservedInsect"},{"floor":26,"key":"MawBank"}],"event_choices":[{"event_name":"Living Wall","player_choice":"Change","floor":2,"damage_taken":0},{"event_name":"Big Fish","player_choice":"Box","floor":4,"damage_taken":0},{"event_name":"Wheel of Change","player_choice":"Gold","floor":13,"damage_taken":0},{"event_name":"FaceTrader","player_choice":"Trade","floor":14,"damage_taken":0},{"event_name":"Vampires","player_choice":"Ignored","floor":21,"damage_taken":0},{"event_name":"Beggar","player_choice":"Ignored","floor":22,"damage_taken":0},{"event_name":"The Library","player_choice":"Heal","floor":27,"damage_taken":0},{"event_name":"Golden Shrine","player_choice":"Pray","floor":31,"damage_taken":0}],"is_beta":false,"boss_relics":[{"not_picked":["Black Blood","Runic Dome"],"picked":"Lizard Tail"}],"items_purged_floors":[19],"is_endless":false,"potions_floor_spawned":[1,7,10,24],"killed_by":"Collector","ascension_level":3}