{"gold_per_floor":[110,129,147,162,182,216,3,3,3,3,78,78,128,156,156,229,229,229],"floor_reached":18,"playtime":568,"items_purged":[],"score":332,"play_id":"dbaa4ed6-ff61-40c4-b987-24922121158a","local_time":"20190116173957","is_ascension_mode":true,"campfire_choices":[{"data":"Perfected Strike","floor":10,"key":"SMITH"},{"floor":12,"key":"REST"},{"data":"Rage","floor":15,"key":"SMITH"}],"neow_cost":"NONE","seed_source_timestamp":21194639143457,"circlet_count":0,"master_deck":["AscendersBane","Strike_R","Strike_R+1","Strike_R+1","Strike_R","Strike_R","Defend_R","Defend_R","Defend_R","Defend_R","Bash","Twin Strike","Rampage","Rage+1","Perfected Strike+1","Whirlwind","Demon Form"],"relics":["Burning Blood","Whetstone","WingedGreaves","ClockworkSouvenir","Blue Candle","Potion Belt","Runic Pyramid"],"potions_floor_usage":[4,6,16,16],"damage_taken":[{"damage":6,"enemies":"Cultist","floor":1,"turns":3},{"damage":4,"enemies":"Small Slimes","floor":2,"turns":3},{"damage":2,"enemies":"2 Louse","floor":3,"turns":3},{"damage":23,"enemies":"Exordium Thugs","floor":4,"turns":6},{"damage":6,"enemies":"Looter","floor":5,"turns":3},{"damage":37,"enemies":"3 Sentries","floor":6,"turns":9},{"damage":27,"enemies":"Lagavulin","floor":14,"turns":6},{"damage":24,"enemies":"The Guardian","floor":16,"turns":11},{"damage":33,"enemies":"3 Byrds","floor":18,"turns":4}],"seed_played":"-3827536074709290153","potions_obtained":[{"floor":3,"key":"Swift Potion"},{"floor":5,"key":"Regen Potion"},{"floor":6,"key":"SteroidPotion"},{"floor":14,"key":"EssenceOfSteel"}],"is_trial":false,"path_per_floor":["M","M","M","M","M","E","$","$","T","R","?","R","?","E","R","B",null,"M"],"character_chosen":"IRONCLAD","items_purchased":["ClockworkSouvenir"],"campfire_rested":1,"item_purchase_floors":[7],"current_hp_per_floor":[68,70,74,57,57,41,41,41,41,41,30,52,52,31,31,13,60,27],"gold":229,"neow_bonus":"RANDOM_COMMON_RELIC","is_prod":false,"is_daily":false,"chose_seed":false,"campfire_upgraded":2,"win_rate":0,"timestamp":1547656797,"path_taken":["M","M","M","M","M","E","?","$","T","R","?","R","?","E","R","BOSS","M"],"build_version":"2019-01-10","purchased_purges":0,"victory":false,"max_hp_per_floor":[75,75,75,75,75,75,75,75,75,75,75,75,75,75,75,75,75,75],"card_choices":[{"not_picked":["Thunderclap","Headbutt"],"picked":"Twin Strike","floor":1},{"not_picked":["Dual Wield","Flex"],"picked":"Rampage","floor":2},{"not_picked":["Rampage","Fire Breathing"],"picked":"Rage","floor":3},{"not_picked":["Body Slam","Heavy Blade","Rage"],"picked":"SKIP","floor":4},{"not_picked":["Pommel Strike","Bloodletting","Clash"],"picked":"SKIP","floor":5},{"not_picked":["Pommel Strike","Bludgeon"],"picked":"Perfected Strike","floor":6},{"not_picked":["Body Slam","Clash"],"picked":"Whirlwind","floor":14},{"not_picked":["Feed","Immolate"],"picked":"Demon Form","floor":16}],"player_experience":876426,"relics_obtained":[{"floor":6,"key":"WingedGreaves"},{"floor":9,"key":"Blue Candle"},{"floor":14,"key":"Potion Belt"}],"event_choices":[{"damage_healed":0,"gold_gain":75,"player_choice":"Gather Gold","damage_taken":11,"max_hp_gain":0,"max_hp_loss":0,"event_name":"World of Goop","floor":11,"gold_loss":0},{"damage_healed":0,"gold_gain":50,"player_choice":"Pray","damage_taken":0,"max_hp_gain":0,"max_hp_loss":0,"event_name":"Golden Shrine","floor":13,"gold_loss":0}],"is_beta":false,"boss_relics":[{"not_picked":["White Beast Statue","Lizard Tail"],"picked":"Runic Pyramid"}],"items_purged_floors":[],"is_endless":false,"potions_floor_spawned":[3,5,6,14],"killed_by":"3 Byrds","ascension_level":19}