{"gold_per_floor":[109,123,123,143,155,183,183,183,234,214,242,66,99,114,114,219,219,232,248,266,280,298,332,351,351,351,364,383,383,414,429,429,531,531,548,559,559,579,879,909,909],"floor_reached":41,"playtime":3578,"items_purged":["Strike_R"],"score":726,"play_id":"9abcd9b2-4adc-4e57-8815-42bd240da4f8","local_time":"20190128181728","is_ascension_mode":true,"campfire_choices":[{"data":"Carnage","floor":7,"key":"SMITH"},{"data":"Cleave","floor":15,"key":"SMITH"},{"data":"Whirlwind","floor":25,"key":"SMITH"},{"floor":29,"key":"REST"},{"floor":32,"key":"REST"}],"neow_cost":"NONE","seed_source_timestamp":3836747397945,"circlet_count":0,"master_deck":["Strike_R+1","Strike_R+1","Strike_R","Defend_R","Defend_R","Defend_R","Defend_R","Bash","Battle Trance","Inflame","Havoc+1","Carnage+1","Infernal Blade+1","Cleave+1","Armaments+1","Flex+1","Thunderclap","Impervious+1","Whirlwind+1","Shockwave+1","Seeing Red+1","Intimidate+1","Metallicize","Demon Form"],"relics":["Black Blood","NeowsBlessing","Toxic Egg 2","Ancient Tea Set","Gambling Chip","Red Skull","Bottled Lightning","Bottled Flame","Runic Cube","Whetstone","Sundial","Pen Nib","Smiling Mask"],"potions_floor_usage":[14,21,21,23,28,28,30,36,40],"damage_taken":[{"damage":0,"enemies":"Cultist","floor":1,"turns":1},{"damage":0,"enemies":"2 Louse","floor":2,"turns":1},{"damage":0,"enemies":"Jaw Worm","floor":4,"turns":1},{"damage":7,"enemies":"Large Slime","floor":5,"turns":6},{"damage":35,"enemies":"3 Sentries","floor":6,"turns":7},{"damage":0,"enemies":"Lagavulin","floor":11,"turns":2},{"damage":0,"enemies":"3 Sentries","floor":13,"turns":3},{"damage":1,"enemies":"Gremlin Gang","floor":14,"turns":3},{"damage":11,"enemies":"Slime Boss","floor":16,"turns":4},{"damage":14,"enemies":"Chosen","floor":18,"turns":5},{"damage":23,"enemies":"2 Thieves","floor":19,"turns":3},{"damage":3,"enemies":"Cultist and Chosen","floor":20,"turns":4},{"damage":13,"enemies":"Shelled Parasite and Fungi","floor":21,"turns":3},{"damage":27,"enemies":"Snake Plant","floor":22,"turns":3},{"damage":20,"enemies":"Book of Stabbing","floor":23,"turns":4},{"damage":3,"enemies":"Cultist and Chosen","floor":24,"turns":2},{"damage":19,"enemies":"Sentry and Sphere","floor":27,"turns":4},{"damage":0,"enemies":"Snecko","floor":28,"turns":2},{"damage":21,"enemies":"Slavers","floor":30,"turns":3},{"damage":3,"enemies":"Chosen and Byrds","floor":31,"turns":2},{"damage":41,"enemies":"Collector","floor":33,"turns":8},{"damage":11,"enemies":"3 Shapes","floor":35,"turns":1},{"damage":31,"enemies":"3 Darklings","floor":36,"turns":4},{"damage":19,"enemies":"Transient","floor":38,"turns":5},{"damage":24,"enemies":"Reptomancer","floor":40,"turns":5},{"damage":28,"enemies":"Writhing Mass","floor":41,"turns":3}],"seed_played":"-4335486598578557961","potions_obtained":[{"floor":4,"key":"Regen Potion"},{"floor":6,"key":"Fire Potion"},{"floor":10,"key":"LiquidBronze"},{"floor":11,"key":"Regen Potion"},{"floor":14,"key":"BloodPotion"},{"floor":16,"key":"Regen Potion"},{"floor":22,"key":"PowerPotion"},{"floor":23,"key":"AttackPotion"},{"floor":28,"key":"LiquidBronze"},{"floor":33,"key":"SpeedPotion"},{"floor":38,"key":"Swift Potion"}],"is_trial":false,"path_per_floor":["M","?","?","?","M","M","?","?","M"],"character_chosen":"IRONCLAD","items_purchased":["Cleave","Armaments+1"],"campfire_rested":2,"item_purchase_floors":[12,12],"current_hp_per_floor":[78,80,77,80,79,50,50,50,50,50,56,56,62,67,67,62,76,68,51,54,61,40,38,41,41,41,28,34,58,43,46,70,35,69,68,47,47,38,38,24,0],"gold":909,"neow_bonus":"THREE_ENEMY_KILL","is_prod":false,"is_daily":false,"chose_seed":false,"campfire_upgraded":3,"win_rate":0,"timestamp":1548670648,"path_taken":["M","?","?","M","M","E","R","?","T","?","E","$","E","M","R","BOSS","M","M","?","?","M","E","M","R","T","M","M","R","E","M","R","BOSS","M","M","?","M","?","E","?"],"build_version":"2019-01-23","purchased_purges":1,"victory":false,"max_hp_per_floor":[80,80,80,80,80,80,80,80,80,80,80,80,80,80,80,80,80,80,80,80,80,80,80,80,80,80,80,80,80,80,80,80,80,80,80,80,80,80,80,80,80],"card_choices":[{"not_picked":["Havoc","Burning Pact"],"picked":"Battle Trance","floor":1},{"not_picked":["Thunderclap","Feel No Pain"],"picked":"Inflame","floor":2},{"not_picked":["Blood for Blood","Disarm+1"],"picked":"Havoc+1","floor":4},{"not_picked":["Havoc+1","Metallicize"],"picked":"Carnage","floor":5},{"not_picked":["Iron Wave","Pummel","Wild Strike"],"picked":"SKIP","floor":6},{"not_picked":["Headbutt","Twin Strike"],"picked":"Infernal Blade+1","floor":11},{"not_picked":["Rampage","Fire Breathing"],"picked":"Flex+1","floor":13},{"not_picked":["Headbutt","Cleave"],"picked":"Thunderclap","floor":14},{"not_picked":["Bludgeon","Berserk"],"picked":"Impervious+1","floor":16},{"not_picked":["Shrug It Off+1","Warcry+1"],"picked":"Whirlwind","floor":18},{"not_picked":["Armaments+1","Sword Boomerang"],"picked":"Shockwave+1","floor":19},{"not_picked":["Iron Wave+1","Headbutt","Pommel Strike"],"picked":"SKIP","floor":20},{"not_picked":["Feel No Pain+1","Wild Strike"],"picked":"Seeing Red+1","floor":21},{"not_picked":["Metallicize+1","Pommel Strike"],"picked":"Intimidate+1","floor":22},{"not_picked":["Uppercut","Reckless Charge","Clash+1"],"picked":"SKIP","floor":23},{"not_picked":["Feel No Pain+1","Perfected Strike+1","Armaments+1"],"picked":"SKIP","floor":24},{"not_picked":["Dark Embrace","Heavy Blade"],"picked":"Metallicize","floor":27},{"not_picked":["Shrug It Off+1","Shockwave+1","True Grit+1"],"picked":"SKIP","floor":28},{"not_picked":["Corruption","Combust+1"],"picked":"Demon Form","floor":30},{"not_picked":["Armaments+1","Heavy Blade","Combust"],"picked":"SKIP","floor":31},{"not_picked":["Pommel Strike+1","Headbutt","Dual Wield+1"],"picked":"SKIP","floor":35},{"not_picked":["Rampage","Battle Trance+1","Twin Strike"],"picked":"SKIP","floor":36},{"not_picked":["Headbutt","Feel No Pain","Twin Strike"],"picked":"SKIP","floor":38},{"not_picked":["Thunderclap+1","Fire Breathing+1","Spot Weakness+1"],"picked":"SKIP","floor":40}],"player_experience":89411,"relics_obtained":[{"floor":6,"key":"Ancient Tea Set"},{"floor":9,"key":"Red Skull"},{"floor":11,"key":"Bottled Lightning"},{"floor":13,"key":"Bottled Flame"},{"floor":23,"key":"Whetstone"},{"floor":26,"key":"Sundial"},{"floor":30,"key":"Pen Nib"},{"floor":40,"key":"Smiling Mask"}],"event_choices":[{"damage_healed":0,"gold_gain":0,"player_choice":"Success","damage_taken":3,"relics_obtained":["Toxic Egg 2"],"max_hp_gain":0,"max_hp_loss":0,"event_name":"Scrap Ooze","floor":3,"gold_loss":0},{"damage_healed":0,"gold_gain":0,"player_choice":"Searched \u00271\u0027 times","damage_taken":0,"relics_obtained":["Gambling Chip"],"max_hp_gain":0,"max_hp_loss":0,"event_name":"Dead Adventurer","floor":8,"gold_loss":0},{"damage_healed":0,"gold_gain":0,"player_choice":"Bought 1 Potion","damage_taken":0,"max_hp_gain":0,"max_hp_loss":0,"event_name":"The Woman in Blue","floor":10,"gold_loss":0},{"cards_removed":["Strike_R"],"damage_healed":0,"gold_gain":0,"player_choice":"Removed Attack","damage_taken":0,"max_hp_gain":0,"max_hp_loss":0,"event_name":"Falling","floor":37,"gold_loss":0},{"damage_healed":0,"gold_gain":300,"player_choice":"Gold","damage_taken":0,"max_hp_gain":0,"max_hp_loss":0,"event_name":"Wheel of Change","floor":39,"gold_loss":0}],"is_beta":false,"boss_relics":[{"not_picked":["White Beast Statue","Runic Dome"],"picked":"Runic Cube"},{"not_picked":["Coffee Dripper","Orrery"],"picked":"Black Blood"}],"items_purged_floors":[12],"is_endless":false,"potions_floor_spawned":[4,6,11,14,16,19,20,22,23,28,33,38],"killed_by":"Writhing Mass","ascension_level":6}