{"gold_per_floor":[114,264,264,290,307,334,334,367,438,451,451,24,34,63,63,63],"floor_reached":16,"playtime":446,"items_purged":["Strike_R"],"score":297,"play_id":"a8850043-ddd2-4b37-89ba-48c86c1abf86","local_time":"20181226000405","is_ascension_mode":true,"campfire_choices":[{"data":"Iron Wave","floor":7,"key":"SMITH"},{"data":"Uppercut","floor":15,"key":"SMITH"}],"neow_cost":"NONE","seed_source_timestamp":387023747764783,"circlet_count":0,"master_deck":["AscendersBane","Strike_R","Strike_R","Strike_R","Strike_R","Defend_R","Defend_R","Defend_R","Defend_R","Bash","Wild Strike","Iron Wave+1","Cleave","Iron Wave","Carnage","Uppercut+1","Shrug It Off","Headbutt"],"relics":["Burning Blood","NeowsBlessing","Boot","Pear","Ginger","Frozen Egg 2","Paper Frog","Mango"],"potions_floor_usage":[14,14],"damage_taken":[{"damage":0,"enemies":"Cultist","floor":1,"turns":1},{"damage":0,"enemies":"Small Slimes","floor":5,"turns":1},{"damage":0,"enemies":"Gremlin Nob","floor":6,"turns":1},{"damage":41,"enemies":"3 Sentries","floor":8,"turns":11},{"damage":0,"enemies":"Jaw Worm","floor":10,"turns":3},{"damage":20,"enemies":"Large Slime","floor":13,"turns":6},{"damage":19,"enemies":"Gremlin Nob","floor":14,"turns":4},{"damage":48,"enemies":"Hexaghost","floor":16,"turns":11}],"seed_played":"-8364324450329917461","potions_obtained":[{"floor":1,"key":"Poison Potion"},{"floor":13,"key":"Ancient Potion"}],"is_trial":false,"path_per_floor":["M","?","?","T","M","E","R","E","T","M","?","$","M","E","R","B"],"character_chosen":"IRONCLAD","items_purchased":["Paper Frog","Uppercut"],"campfire_rested":0,"item_purchase_floors":[12,12],"current_hp_per_floor":[74,74,79,79,80,90,90,55,55,61,61,61,47,48,48,0],"gold":63,"neow_bonus":"THREE_ENEMY_KILL","is_prod":false,"is_daily":false,"chose_seed":false,"campfire_upgraded":2,"win_rate":0,"timestamp":1545779045,"path_taken":["M","?","?","?","M","E","R","E","T","M","?","$","M","E","R","BOSS"],"build_version":"2018-12-20","purchased_purges":1,"victory":false,"max_hp_per_floor":[75,75,80,80,80,90,90,90,90,90,90,90,90,104,104,104],"card_choices":[{"not_picked":["Havoc","Flex"],"picked":"Wild Strike","floor":1},{"not_picked":["Sever Soul","Heavy Blade"],"picked":"Iron Wave","floor":5},{"not_picked":["Pommel Strike","Warcry"],"picked":"Cleave","floor":6},{"not_picked":["Perfected Strike","Dropkick"],"picked":"Iron Wave","floor":8},{"not_picked":["Bloodletting","Havoc"],"picked":"Carnage","floor":10},{"not_picked":["Anger","True Grit"],"picked":"Shrug It Off","floor":13},{"not_picked":["Bludgeon","Pommel Strike"],"picked":"Headbutt","floor":14}],"player_experience":790334,"relics_obtained":[{"floor":4,"key":"Boot"},{"floor":6,"key":"Pear"},{"floor":8,"key":"Ginger"},{"floor":9,"key":"Frozen Egg 2"},{"floor":14,"key":"Mango"}],"event_choices":[{"damage_healed":0,"gold_gain":150,"player_choice":"AGREE","damage_taken":0,"max_hp_gain":0,"max_hp_loss":0,"event_name":"Liars Game","floor":2,"gold_loss":0,"cards_obtained":["Doubt"]},{"damage_healed":0,"gold_gain":0,"player_choice":"Donut","damage_taken":0,"max_hp_gain":5,"max_hp_loss":0,"event_name":"Big Fish","floor":3,"gold_loss":0},{"cards_removed":["Doubt"],"damage_healed":0,"gold_gain":0,"player_choice":"Forget","damage_taken":0,"max_hp_gain":0,"max_hp_loss":0,"event_name":"Living Wall","floor":11,"gold_loss":0}],"is_beta":false,"boss_relics":[],"items_purged_floors":[12],"is_endless":false,"potions_floor_spawned":[1,13],"killed_by":"Hexaghost","ascension_level":18}