{"gold_per_floor":[116,133,133,149,163,193,193,193,193,212,227,247,247,27,27,131,131,146,162,162,173,173],"floor_reached":22,"playtime":1754,"items_purged":[],"score":225,"play_id":"c8bc0244-5d97-47c5-abc0-f99275f547fa","local_time":"20190221170353","is_ascension_mode":true,"campfire_choices":[{"floor":8,"key":"REST"},{"floor":13,"key":"REST"},{"floor":15,"key":"REST"}],"neow_cost":"NONE","seed_source_timestamp":371712209868049,"circlet_count":0,"master_deck":["Strike_R","Strike_R","Strike_R","Strike_R","Defend_R","Defend_R","Defend_R","Defend_R","Bash","Sentinel","Flex","Thunderclap","Headbutt","Perfected Strike","Feed","Armaments","Shrug It Off","Anger","Demon Form","Sentinel+1","Iron Wave","Combust","Metallicize"],"relics":["Runic Cube","Happy Flower","Ancient Tea Set","Frozen Eye","Runic Pyramid"],"potions_floor_usage":[22,22,22],"damage_taken":[{"damage":4,"enemies":"Small Slimes","floor":1,"turns":4},{"damage":1,"enemies":"Jaw Worm","floor":2,"turns":6},{"damage":1,"enemies":"Cultist","floor":4,"turns":3},{"damage":15,"enemies":"Looter","floor":5,"turns":3},{"damage":63,"enemies":"Lagavulin","floor":6,"turns":9},{"damage":8,"enemies":"Red Slaver","floor":10,"turns":4},{"damage":8,"enemies":"Lots of Slimes","floor":11,"turns":3},{"damage":5,"enemies":"Exordium Wildlife","floor":12,"turns":3},{"damage":64,"enemies":"The Guardian","floor":16,"turns":9},{"damage":30,"enemies":"2 Thieves","floor":18,"turns":3},{"damage":24,"enemies":"Chosen","floor":19,"turns":5},{"damage":50,"enemies":"Snecko","floor":21,"turns":8},{"damage":9,"enemies":"Shelled Parasite and Fungi","floor":22,"turns":1}],"seed_played":"1404606579474361746","potions_obtained":[{"floor":4,"key":"FairyPotion"},{"floor":5,"key":"SteroidPotion"},{"floor":6,"key":"AttackPotion"},{"floor":21,"key":"Explosive Potion"}],"is_trial":false,"path_per_floor":["M","M","?","M","M","E","?","R","T","M","M","M","R","$","R","B",null,"M","M","?","M","M"],"character_chosen":"IRONCLAD","items_purchased":["Frozen Eye","Anger"],"campfire_rested":3,"item_purchase_floors":[14,14],"current_hp_per_floor":[76,75,80,79,64,1,1,26,26,18,13,11,38,38,65,5,95,65,44,44,9,0],"gold":173,"neow_bonus":"BOSS_RELIC","is_prod":false,"is_daily":false,"chose_seed":false,"campfire_upgraded":0,"win_rate":0,"timestamp":1550739833,"path_taken":["M","M","?","M","M","E","?","R","T","?","M","M","R","$","R","BOSS","M","M","?","M","M"],"build_version":"2019-01-23","purchased_purges":0,"victory":false,"max_hp_per_floor":[80,80,85,85,85,85,85,85,85,85,88,91,91,91,91,95,95,95,98,98,98,98],"card_choices":[{"not_picked":["True Grit","Flame Barrier"],"picked":"Sentinel","floor":1},{"not_picked":["Rupture","Havoc"],"picked":"Flex","floor":2},{"not_picked":["Blood for Blood","Clash"],"picked":"Thunderclap","floor":4},{"not_picked":["Sword Boomerang","Evolve"],"picked":"Headbutt","floor":5},{"not_picked":["Pommel Strike","Shockwave"],"picked":"Perfected Strike","floor":6},{"not_picked":["Heavy Blade","Ghostly Armor"],"picked":"Feed","floor":10},{"not_picked":["Perfected Strike","Sever Soul"],"picked":"Armaments","floor":11},{"not_picked":["Warcry","Armaments"],"picked":"Shrug It Off","floor":12},{"not_picked":["Feed","Reaper"],"picked":"Demon Form","floor":16},{"not_picked":["Flex","Blood for Blood"],"picked":"Sentinel+1","floor":18},{"not_picked":["Pummel","Intimidate"],"picked":"Iron Wave","floor":19},{"not_picked":["Sword Boomerang","Shrug It Off"],"picked":"Metallicize","floor":21}],"player_experience":24273,"relics_obtained":[{"floor":6,"key":"Happy Flower"},{"floor":9,"key":"Ancient Tea Set"}],"event_choices":[{"damage_healed":0,"gold_gain":0,"player_choice":"Donut","damage_taken":0,"max_hp_gain":5,"max_hp_loss":0,"event_name":"Big Fish","floor":3,"gold_loss":0},{"damage_healed":0,"gold_gain":0,"player_choice":"Got Potions","damage_taken":0,"max_hp_gain":0,"max_hp_loss":0,"event_name":"Lab","floor":7,"gold_loss":0},{"damage_healed":0,"gold_gain":0,"cards_transformed":["Strike_R"],"player_choice":"Transformed","damage_taken":0,"max_hp_gain":0,"max_hp_loss":0,"event_name":"Transmorgrifier","floor":20,"gold_loss":0,"cards_obtained":["Combust"]}],"is_beta":false,"boss_relics":[{"not_picked":["Empty Cage","Runic Dome"],"picked":"Runic Pyramid"}],"items_purged_floors":[],"is_endless":false,"potions_floor_spawned":[4,5,6,11,16,21],"killed_by":"Shelled Parasite and Fungi","ascension_level":1}