{"gold_per_floor":[118,137,237,9,29,56,56,83,133,163,176,176,176,194,194,294,294,309,309,321,339,339,339,369,2,2,2,27,45,70,70,70,167,167,182,193,193,193,18,18,30,30,30,30,130,150,99,115,115,115],"floor_reached":50,"playtime":3183,"items_purged":[],"score":919,"play_id":"72f92a7c-a4e2-41ba-a29e-b9383f08ffff","local_time":"20181216124452","is_ascension_mode":true,"campfire_choices":[{"data":"Mayhem","floor":7.0,"key":"SMITH"},{"floor":13.0,"key":"REST"},{"data":"Limit Break","floor":15.0,"key":"SMITH"},{"floor":23,"key":"REST"},{"data":"Blood for Blood","floor":32,"key":"SMITH"},{"floor":40,"key":"REST"},{"data":"Ghostly","floor":42,"key":"SMITH"},{"data":"Ghostly","floor":44,"key":"SMITH"},{"floor":49,"key":"REST"}],"neow_cost":"NONE","seed_source_timestamp":0,"circlet_count":0,"master_deck":["AscendersBane","Strike_R+1","Strike_R+1","Strike_R+1","Strike_R+1","Defend_R+1","Defend_R+1","Defend_R+1","Defend_R+1","Bash","Twin Strike","Evolve","Mayhem+1","Blood for Blood+1","Pommel Strike","Flame Barrier","Limit Break+1","Pommel Strike","Iron Wave","Perfected Strike","Limit Break","Spot Weakness+1","Ghostly Armor","Bludgeon","Whirlwind","Shrug It Off","Ghostly+1","Ghostly","Ghostly","Ghostly","Ghostly+1","Double Tap","Twin Strike","Limit Break","Inflame","Chrysalis","Pummel","Flex+1"],"special_seed":0,"relics":["Burning Blood","Orichalcum","Mercury Hourglass","Oddly Smooth Stone","Ancient Tea Set","Velvet Choker","Nloth\u0027s Gift","Juzu Bracelet","Chemical X","Letter Opener","Art of War","Pantograph","Runic Cube","Dodecahedron","Calipers"],"potions_floor_usage":[21,24,30,33,39,48],"damage_taken":[{"damage":8.0,"enemies":"Jaw Worm","floor":1.0,"turns":5.0},{"damage":0.0,"enemies":"Cultist","floor":2.0,"turns":3.0},{"damage":4.0,"enemies":"Small Slimes","floor":5.0,"turns":3.0},{"damage":22.0,"enemies":"Gremlin Nob","floor":6.0,"turns":5.0},{"damage":20.0,"enemies":"3 Sentries","floor":8.0,"turns":6.0},{"damage":29.0,"enemies":"Lagavulin","floor":10.0,"turns":6.0},{"damage":20.0,"enemies":"Exordium Thugs","floor":11.0,"turns":4.0},{"damage":0.0,"enemies":"Blue Slaver","floor":14.0,"turns":2.0},{"damage":23.0,"enemies":"Slime Boss","floor":16.0,"turns":9.0},{"damage":0,"enemies":"Chosen","floor":18,"turns":4},{"damage":19,"enemies":"Spheric Guardian","floor":20,"turns":4},{"damage":17,"enemies":"Centurion and Healer","floor":21,"turns":3},{"damage":35,"enemies":"Slavers","floor":24,"turns":6},{"damage":0,"enemies":"Gremlin Leader","floor":28,"turns":8},{"damage":16,"enemies":"Snake Plant","floor":29,"turns":4},{"damage":1,"enemies":"Book of Stabbing","floor":30,"turns":4},{"damage":38,"enemies":"Automaton","floor":33,"turns":9},{"damage":0,"enemies":"Orb Walker","floor":35,"turns":4},{"damage":20,"enemies":"3 Darklings","floor":36,"turns":6},{"damage":0,"enemies":"Transient","floor":41,"turns":5},{"damage":0,"enemies":"Mind Bloom Boss Battle","floor":45,"turns":8},{"damage":0,"enemies":"4 Shapes","floor":46,"turns":4},{"damage":20,"enemies":"Maw","floor":48,"turns":5},{"damage":45,"enemies":"Time Eater","floor":50,"turns":4}],"seed_played":"-3415477845110495399","potions_obtained":[{"floor":5.0,"key":"FearPotion"},{"floor":6.0,"key":"SteroidPotion"},{"floor":8.0,"key":"Regen Potion"},{"floor":16.0,"key":"Explosive Potion"},{"floor":20,"key":"FearPotion"},{"floor":21,"key":"Swift Potion"},{"floor":36,"key":"EssenceOfSteel"}],"is_trial":false,"path_per_floor":["M","M","?","$","M","E","R","E","T","E","M","?","R","M","R","B",null,"M","?","M","M","?","R","E","$","T","?","E","M","E","?","R","B",null,"M","M","?","?","$","R","M","R","T","R","?","M","$","M","R","B"],"character_chosen":"IRONCLAD","items_purchased":["Mayhem","Blood for Blood","Whirlwind","Chemical X","Block Potion","Shrug It Off","Fruit Juice","BloodPotion","Swift Potion"],"campfire_rested":4,"item_purchase_floors":[4,4,25,25,25,25,39,39,47],"current_hp_per_floor":[70,76,76,76,78,62,62,48,48,40,26,26,50,56,56,39,70,76,76,63,52,52,76,47,47,47,40,40,30,35,35,35,8,32,38,24,24,24,29,42,45,45,45,45,45,45,45,31,44,0],"gold":115,"neow_bonus":"RANDOM_COMMON_RELIC","is_prod":false,"is_daily":false,"chose_seed":false,"campfire_upgraded":5,"win_rate":0,"timestamp":1544993092,"path_taken":["M","M","?","?","M","E","R","E","T","E","M","?","R","?","R","BOSS","M","?","M","?","?","R","E","$","T","?","E","M","E","?","R","BOSS","M","M","?","?","$","R","M","R","T","R","?","M","?","M","R","BOSS"],"build_version":"2018-12-13","purchased_purges":0,"victory":false,"max_hp_per_floor":[80,80,80,80,80,80,80,80,80,80,80,80,80,80,80,80,80,80,80,80,80,80,80,80,80,80,40,40,40,40,40,40,40,40,40,40,40,40,45,45,45,45,45,45,45,45,45,45,45,45],"card_choices":[{"not_picked":["Perfected Strike","Metallicize"],"picked":"Twin Strike","floor":1.0},{"not_picked":["Blood for Blood","Clothesline"],"picked":"Evolve","floor":2.0},{"not_picked":["Thunderclap","True Grit"],"picked":"Pommel Strike","floor":5.0},{"not_picked":["Anger","Wild Strike"],"picked":"Flame Barrier","floor":6.0},{"not_picked":["Warcry","Flex"],"picked":"Limit Break","floor":8.0},{"not_picked":["Reckless Charge","Shockwave"],"picked":"Pommel Strike","floor":10.0},{"not_picked":["Cleave","Reckless Charge"],"picked":"Iron Wave","floor":11.0},{"not_picked":["Heavy Blade","Fire Breathing"],"picked":"Perfected Strike","floor":14.0},{"not_picked":["Feed","Impervious"],"picked":"Limit Break","floor":16.0},{"not_picked":["Pommel Strike","Perfected Strike"],"picked":"Spot Weakness+1","floor":18},{"not_picked":["Rupture","Wild Strike"],"picked":"Ghostly Armor","floor":20},{"not_picked":["Ghostly Armor","Body Slam","Impervious"],"picked":"SKIP","floor":21},{"not_picked":["Twin Strike","Armaments"],"picked":"Bludgeon","floor":24},{"not_picked":["Warcry+1","Anger"],"picked":"Double Tap","floor":28},{"not_picked":["Wild Strike","True Grit"],"picked":"Twin Strike","floor":29},{"not_picked":["Sword Boomerang","Infernal Blade","Shrug It Off"],"picked":"SKIP","floor":30},{"not_picked":["Brutality","Immolate"],"picked":"Limit Break","floor":33},{"not_picked":["Fiend Fire","Body Slam+1","True Grit+1"],"picked":"SKIP","floor":35},{"not_picked":["Flame Barrier","Headbutt"],"picked":"Inflame","floor":36},{"not_picked":["Blind","HandOfGreed"],"picked":"Chrysalis","floor":38},{"not_picked":["True Grit","Pommel Strike"],"picked":"Pummel","floor":41},{"not_picked":["Sever Soul","Sword Boomerang","Warcry"],"picked":"SKIP","floor":46},{"not_picked":["Cleave","Warcry"],"picked":"Flex+1","floor":48}],"player_experience":414187,"relics_obtained":[{"floor":6.0,"key":"Mercury Hourglass"},{"floor":8.0,"key":"Oddly Smooth Stone"},{"floor":9.0,"key":"Ancient Tea Set"},{"floor":10.0,"key":"Bottled Flame"},{"floor":24,"key":"Juzu Bracelet"},{"floor":26,"key":"Letter Opener"},{"floor":28,"key":"Art of War"},{"floor":30,"key":"Pantograph"},{"floor":43,"key":"Dodecahedron"},{"floor":45,"key":"Calipers"}],"event_choices":[{"damage_healed":0.0,"max_hp_gain":0.0,"max_hp_loss":0.0,"gold_gain":100.0,"event_name":"Golden Shrine","player_choice":"Pray","floor":3.0,"gold_loss":0.0,"damage_taken":0.0},{"cards_removed":["Strike_R"],"damage_healed":0.0,"max_hp_gain":0.0,"max_hp_loss":0.0,"gold_gain":0.0,"event_name":"Purifier","player_choice":"Purged","floor":12.0,"gold_loss":0.0,"damage_taken":0.0},{"damage_healed":0,"gold_gain":0,"player_choice":"Traded Relic","damage_taken":0,"relics_obtained":["Nloth\u0027s Gift"],"max_hp_gain":0,"max_hp_loss":0,"event_name":"N\u0027loth","floor":19,"relics_lost":["Bottled Flame"],"gold_loss":0},{"damage_healed":0,"gold_gain":0,"player_choice":"Simplicity","damage_taken":0,"max_hp_gain":0,"max_hp_loss":0,"event_name":"Back to Basics","floor":22,"gold_loss":0,"cards_upgraded":["Strike_R","Strike_R","Strike_R","Strike_R","Defend_R","Defend_R","Defend_R","Defend_R"]},{"damage_healed":0,"gold_gain":0,"player_choice":"Became a Ghost","damage_taken":0,"max_hp_gain":0,"max_hp_loss":40,"event_name":"Ghosts","floor":27,"gold_loss":0,"cards_obtained":["Ghostly","Ghostly","Ghostly","Ghostly","Ghostly"]},{"damage_healed":0,"gold_gain":0,"player_choice":"Read","damage_taken":0,"max_hp_gain":0,"max_hp_loss":0,"event_name":"The Library","floor":31,"gold_loss":0,"cards_obtained":["Clothesline"]},{"cards_removed":["Clothesline"],"damage_healed":0,"gold_gain":0,"player_choice":"Removed Attack","damage_taken":0,"max_hp_gain":0,"max_hp_loss":0,"event_name":"Falling","floor":37,"gold_loss":0},{"damage_healed":0,"gold_gain":0,"player_choice":"Memory 1","damage_taken":0,"max_hp_gain":0,"max_hp_loss":0,"event_name":"SensoryStone","floor":38,"gold_loss":0},{"damage_healed":0,"gold_gain":0,"player_choice":"Fight","damage_taken":0,"max_hp_gain":0,"max_hp_loss":0,"event_name":"MindBloom","floor":45,"gold_loss":0}],"is_beta":false,"boss_relics":[{"not_picked":["Black Blood","Lizard Tail"],"picked":"Velvet Choker"},{"not_picked":["Sozu","Fusion Hammer"],"picked":"Runic Cube"}],"items_purged_floors":[],"is_endless":false,"potions_floor_spawned":[5,6,8,16,20,21,36,46],"killed_by":"Time Eater","ascension_level":12}