{"gold_per_floor":[117,127,127,140,158,186,201,228,253,268,294,294,0,0,0,102,102,113,113,213,224,139,139,166,183,183,201,151,151,180,192,192,294,294,308,308,320,270,270,297,297,297,321,334,334,351,301,316,316,316],"floor_reached":51,"playtime":4220,"items_purged":["Strike_R","Defend_R","Strike_R"],"score":790,"play_id":"87dbefab-def5-46a8-96fe-b1ab47add1b6","local_time":"20190128004253","is_ascension_mode":true,"campfire_choices":[{"data":"Inflame","floor":12,"key":"SMITH"},{"floor":15,"key":"REST"},{"data":"Bludgeon","floor":23,"key":"SMITH"},{"floor":32,"key":"REST"},{"data":"Double Tap","floor":41,"key":"SMITH"},{"floor":45,"key":"REST"},{"floor":49,"key":"REST"}],"neow_cost":"NONE","seed_source_timestamp":27970391792578,"circlet_count":0,"master_deck":["Strike_R","Strike_R","Defend_R","Defend_R","Defend_R","Bash","Dropkick","Bloodletting+1","Iron Wave","Metallicize","Inflame+1","Pommel Strike","Carnage","Pummel","Warcry+1","Flame Barrier","Havoc","Offering","Pommel Strike+1","Bludgeon+1","Cleave+1","Impervious","Thunderclap+1","Double Tap+1","Whirlwind+1","Transmutation","Limit Break","Parasite","Battle Trance+1"],"relics":["Burning Blood","Self Forming Clay","Smiling Mask","Strawberry","War Paint","Bronze Scales","Bag of Preparation","Snecko Eye","Orichalcum","Charon\u0027s Ashes","Meat on the Bone","Anchor","Oddly Smooth Stone","Blue Candle","Question Card","Mark of Pain","Red Skull","Ancient Tea Set"],"potions_floor_usage":[5,6,6,7,16,24,25,30,33,50],"damage_taken":[{"damage":7,"enemies":"Jaw Worm","floor":1,"turns":5},{"damage":16,"enemies":"Cultist","floor":2,"turns":6},{"damage":7,"enemies":"Small Slimes","floor":4,"turns":3},{"damage":9,"enemies":"Exordium Wildlife","floor":5,"turns":6},{"damage":11,"enemies":"Gremlin Nob","floor":6,"turns":4},{"damage":28,"enemies":"Exordium Thugs","floor":7,"turns":7},{"damage":36,"enemies":"Lagavulin","floor":8,"turns":8},{"damage":5,"enemies":"Blue Slaver","floor":10,"turns":4},{"damage":8,"enemies":"Gremlin Nob","floor":11,"turns":3},{"damage":27,"enemies":"Slime Boss","floor":16,"turns":8},{"damage":6,"enemies":"Shell Parasite","floor":18,"turns":2},{"damage":23,"enemies":"Colosseum Slavers","floor":20,"turns":3},{"damage":41,"enemies":"Colosseum Nobs","floor":20,"turns":5},{"damage":3,"enemies":"Spheric Guardian","floor":21,"turns":3},{"damage":13,"enemies":"Book of Stabbing","floor":24,"turns":4},{"damage":9,"enemies":"Cultist and Chosen","floor":25,"turns":4},{"damage":20,"enemies":"Centurion and Healer","floor":27,"turns":4},{"damage":15,"enemies":"Slavers","floor":30,"turns":3},{"damage":7,"enemies":"Snake Plant","floor":31,"turns":2},{"damage":56,"enemies":"Champ","floor":33,"turns":9},{"damage":12,"enemies":"Orb Walker","floor":35,"turns":2},{"damage":16,"enemies":"3 Shapes","floor":37,"turns":3},{"damage":32,"enemies":"Reptomancer","floor":40,"turns":5},{"damage":46,"enemies":"Writhing Mass","floor":44,"turns":3},{"damage":12,"enemies":"4 Shapes","floor":46,"turns":2},{"damage":6,"enemies":"Jaw Worm Horde","floor":48,"turns":2},{"damage":75,"enemies":"Awakened One","floor":50,"turns":10}],"seed_played":"-4498256630333857479","potions_obtained":[{"floor":1,"key":"AttackPotion"},{"floor":2,"key":"Weak Potion"},{"floor":4,"key":"FearPotion"},{"floor":5,"key":"Regen Potion"},{"floor":10,"key":"Swift Potion"},{"floor":11,"key":"Energy Potion"},{"floor":18,"key":"BloodPotion"},{"floor":21,"key":"AttackPotion"},{"floor":30,"key":"SkillPotion"},{"floor":33,"key":"SkillPotion"},{"floor":44,"key":"Swift Potion"}],"is_trial":false,"path_per_floor":["?","M","?","?","?","?","M","$","?","?","?","?","M","$"],"character_chosen":"IRONCLAD","items_purchased":["Bronze Scales","Bag of Preparation"],"campfire_rested":4,"item_purchase_floors":[13,13],"current_hp_per_floor":[79,69,80,79,76,71,64,34,41,42,40,40,40,40,66,45,87,87,87,35,50,50,50,55,52,52,50,50,33,45,56,83,45,92,86,86,76,76,76,62,62,62,62,34,61,55,55,55,82,25],"gold":316,"neow_bonus":"TRANSFORM_CARD","is_prod":false,"is_daily":false,"chose_seed":false,"campfire_upgraded":3,"win_rate":0,"timestamp":1548607373,"path_taken":["M","M","?","M","M","E","?","E","T","M","E","R","$","?","R","BOSS","M","?","?","M","?","R","E","?","T","M","?","?","E","M","R","BOSS","M","?","M","$","?","E","R","?","T","M","R","?","?","M","R","BOSS"],"build_version":"2019-01-23","purchased_purges":3,"victory":true,"max_hp_per_floor":[80,80,80,80,80,80,80,80,87,87,87,87,87,87,87,87,87,87,87,87,87,87,87,87,87,87,87,87,92,92,92,92,92,92,92,92,92,92,92,92,92,92,92,92,92,92,92,92,92,92],"card_choices":[{"not_picked":["Warcry","Sentinel"],"picked":"Bloodletting","floor":1},{"not_picked":["Shrug It Off","Infernal Blade"],"picked":"Iron Wave","floor":2},{"not_picked":["Body Slam","Warcry","Corruption"],"picked":"SKIP","floor":4},{"not_picked":["Clothesline","True Grit"],"picked":"Metallicize","floor":5},{"not_picked":["Headbutt","Searing Blow"],"picked":"Inflame","floor":6},{"not_picked":["Dark Embrace","Wild Strike"],"picked":"Pommel Strike","floor":7},{"not_picked":["Second Wind","Headbutt"],"picked":"Carnage","floor":8},{"not_picked":["Body Slam","Sword Boomerang"],"picked":"Pummel","floor":10},{"not_picked":["Clash","Searing Blow"],"picked":"Warcry","floor":11},{"not_picked":["Bludgeon","Exhume"],"picked":"Offering","floor":16},{"not_picked":["True Grit","Armaments","Twin Strike"],"picked":"SKIP","floor":18},{"not_picked":["Combust","Reckless Charge"],"picked":"Pommel Strike+1","floor":20},{"not_picked":["Shrug It Off+1","Pommel Strike"],"picked":"Bludgeon","floor":21},{"not_picked":["Second Wind","Wild Strike","Intimidate"],"picked":"SKIP","floor":24},{"not_picked":["Infernal Blade","Shrug It Off","Second Wind"],"picked":"SKIP","floor":25},{"not_picked":["Reckless Charge+1","Twin Strike"],"picked":"Cleave+1","floor":27},{"not_picked":["Perfected Strike","Clothesline"],"picked":"Impervious","floor":30},{"not_picked":["Clash","Rupture","Headbutt"],"picked":"Thunderclap+1","floor":31},{"not_picked":["Feed","Exhume","Juggernaut"],"picked":"Double Tap","floor":33},{"not_picked":["Blood for Blood+1","Shrug It Off+1","Hemokinesis+1"],"picked":"Whirlwind+1","floor":35},{"not_picked":["Purity","Dramatic Entrance","Forethought"],"picked":"Transmutation","floor":36},{"not_picked":["Flex","Twin Strike","Entrench+1","Spot Weakness"],"picked":"SKIP","floor":37},{"not_picked":["Body Slam","Twin Strike+1","Heavy Blade+1","Havoc+1"],"picked":"SKIP","floor":40},{"not_picked":["Heavy Blade+1","True Grit","Seeing Red+1","Warcry+1"],"picked":"SKIP","floor":44},{"not_picked":["Sword Boomerang","Pommel Strike","Corruption+1","Blood for Blood"],"picked":"SKIP","floor":46},{"not_picked":["Rupture","Fire Breathing","Clash+1"],"picked":"Battle Trance+1","floor":48}],"player_experience":67459,"relics_obtained":[{"floor":6,"key":"Self Forming Clay"},{"floor":8,"key":"Smiling Mask"},{"floor":9,"key":"Strawberry"},{"floor":11,"key":"War Paint"},{"floor":20,"key":"Charon\u0027s Ashes"},{"floor":20,"key":"Meat on the Bone"},{"floor":24,"key":"Oddly Smooth Stone"},{"floor":26,"key":"Blue Candle"},{"floor":30,"key":"Question Card"},{"floor":40,"key":"Red Skull"},{"floor":43,"key":"Ancient Tea Set"}],"event_choices":[{"damage_healed":11,"gold_gain":0,"player_choice":"Full Heal","damage_taken":0,"max_hp_gain":0,"max_hp_loss":0,"event_name":"Wheel of Change","floor":3,"gold_loss":0},{"damage_healed":0,"gold_gain":0,"player_choice":"2 cards matched","damage_taken":0,"max_hp_gain":0,"max_hp_loss":0,"event_name":"Match and Keep!","floor":14,"gold_loss":0,"cards_obtained":["Flame Barrier","Havoc"]},{"damage_healed":0,"gold_gain":0,"player_choice":"2 cards matched","damage_taken":0,"max_hp_gain":0,"max_hp_loss":0,"event_name":"Match and Keep!","floor":14,"gold_loss":0,"cards_obtained":["Flame Barrier","Havoc"]},{"damage_healed":0,"gold_gain":0,"player_choice":"Opened","damage_taken":0,"relics_obtained":["Orichalcum"],"max_hp_gain":0,"max_hp_loss":0,"event_name":"The Mausoleum","floor":19,"gold_loss":0},{"damage_healed":0,"gold_gain":0,"player_choice":"Fight","damage_taken":0,"max_hp_gain":0,"max_hp_loss":0,"event_name":"Colosseum","floor":20,"gold_loss":0},{"damage_healed":0,"gold_gain":0,"player_choice":"Fought Nobs","damage_taken":0,"max_hp_gain":0,"max_hp_loss":0,"event_name":"Colosseum","floor":20,"gold_loss":0},{"damage_healed":0,"gold_gain":0,"player_choice":"Obtained Relic","damage_taken":0,"relics_obtained":["Anchor"],"max_hp_gain":0,"max_hp_loss":0,"event_name":"Addict","floor":22,"gold_loss":85},{"damage_healed":0,"gold_gain":0,"player_choice":"Shed Blood","damage_taken":22,"max_hp_gain":5,"max_hp_loss":0,"event_name":"Forgotten Altar","floor":29,"gold_loss":0},{"damage_healed":0,"gold_gain":0,"player_choice":"Memory 1","damage_taken":0,"max_hp_gain":0,"max_hp_loss":0,"event_name":"SensoryStone","floor":36,"gold_loss":0},{"damage_healed":0,"gold_gain":0,"player_choice":"Ignored","damage_taken":0,"max_hp_gain":0,"max_hp_loss":0,"event_name":"Mysterious Sphere","floor":39,"gold_loss":0},{"damage_healed":0,"gold_gain":0,"player_choice":"1 cards matched","damage_taken":0,"max_hp_gain":0,"max_hp_loss":0,"event_name":"Match and Keep!","floor":42,"gold_loss":0,"cards_obtained":["Limit Break"]}],"is_beta":false,"boss_relics":[{"not_picked":["Calling Bell","Philosopher\u0027s Stone"],"picked":"Snecko Eye"},{"not_picked":["Empty Cage","Eternal Feather"],"picked":"Mark of Pain"}],"items_purged_floors":[28,38,47],"is_endless":false,"potions_floor_spawned":[1,2,4,5,10,11,18,20,21,30,33,44],"ascension_level":3}