{"gold_per_floor":[113,127,137,87,101,101,101,101,149,149,174,189,189,205,205,205],"floor_reached":16,"playtime":1752,"items_purged":[],"score":163,"play_id":"816c8d7f-0ba6-42f3-b8b7-61dce5a85f03","local_time":"20181209160426","is_ascension_mode":true,"campfire_choices":[{"floor":6,"key":"REST"},{"data":"Sucker Punch","floor":8,"key":"SMITH"},{"data":"Deadly Poison","floor":13,"key":"SMITH"},{"floor":15,"key":"RECALL"}],"neow_cost":"NONE","seed_source_timestamp":184003190522871,"circlet_count":0,"master_deck":["AscendersBane","Defend_G","Defend_G","Defend_G","Defend_G","Defend_G","Strike_G","Strike_G","Strike_G","Strike_G","Survivor","Neutralize","Sucker Punch+1","Backstab","Dagger Spray","Parasite","Deadly Poison+1","Cloak And Dagger","Backflip"],"relics":["Ring of the Snake","Strawberry","Dream Catcher","Smiling Mask"],"potions_floor_usage":[],"damage_taken":[{"damage":8,"enemies":"Jaw Worm","floor":1,"turns":8},{"damage":12,"enemies":"Small Slimes","floor":2,"turns":4},{"damage":0,"enemies":"Cultist","floor":3,"turns":3},{"damage":34,"enemies":"Exordium Thugs","floor":5,"turns":8},{"damage":26,"enemies":"Lagavulin","floor":11,"turns":11},{"damage":0,"enemies":"Exordium Wildlife","floor":12,"turns":2},{"damage":11,"enemies":"Large Slime","floor":14,"turns":6},{"damage":0,"enemies":"The Guardian","floor":16,"turns":1}],"seed_played":"-612340255836666199","potions_obtained":[{"floor":5,"key":"Block Potion"},{"floor":11,"key":"EssenceOfSteel"}],"is_trial":false,"path_per_floor":["M","M","M","?","M","R","?","R","T","?","E","M","R","M","R","B"],"character_chosen":"THE_SILENT","items_purchased":[],"campfire_rested":1,"item_purchase_floors":[],"current_hp_per_floor":[62,50,50,50,16,39,58,58,58,58,32,32,32,21,21,21],"gold":205,"neow_bonus":"RANDOM_COMMON_RELIC","is_prod":false,"is_daily":false,"chose_seed":false,"campfire_upgraded":2,"win_rate":0,"timestamp":1544367866,"path_taken":["M","M","M","?","M","R","?","R","T","?","E","M","R","M","R","BOSS"],"build_version":"2018-12-06","purchased_purges":0,"victory":false,"max_hp_per_floor":[77,77,77,77,77,77,77,77,77,77,77,77,77,77,77,77],"card_choices":[{"not_picked":["Underhanded Strike","Outmaneuver"],"picked":"Sucker Punch","floor":1},{"not_picked":["Slice","Bane"],"picked":"Backstab","floor":2},{"not_picked":["Poisoned Stab","Flying Knee"],"picked":"Dagger Spray","floor":3},{"not_picked":["Underhanded Strike","Prepared","Outmaneuver"],"picked":"SKIP","floor":5},{"not_picked":["Wraith Form v2","Deflect"],"picked":"Deadly Poison","floor":11},{"not_picked":["Dagger Spray","Acrobatics"],"picked":"Cloak And Dagger","floor":12},{"not_picked":["Slice","Masterful Stab"],"picked":"Backflip","floor":14}],"player_experience":726651,"relics_obtained":[{"floor":9,"key":"Dream Catcher"},{"floor":11,"key":"Smiling Mask"}],"event_choices":[{"cards_removed":["Strike_G"],"damage_healed":0,"gold_gain":0,"player_choice":"Card Removal","damage_taken":0,"max_hp_gain":0,"max_hp_loss":0,"event_name":"The Cleric","floor":4,"gold_loss":50},{"damage_healed":19,"gold_gain":0,"player_choice":"Healed and dodged fight","damage_taken":0,"max_hp_gain":0,"max_hp_loss":0,"event_name":"Mushrooms","floor":7,"gold_loss":0,"cards_obtained":["Parasite"]},{"damage_healed":0,"gold_gain":0,"player_choice":"Ignored","damage_taken":0,"max_hp_gain":0,"max_hp_loss":0,"event_name":"Liars Game","floor":10,"gold_loss":0}],"is_beta":false,"boss_relics":[],"items_purged_floors":[],"is_endless":false,"potions_floor_spawned":[5,11,12,14],"killed_by":"The Guardian","ascension_level":12}