{"gold_per_floor":[363,363,363,313,332,332,347,372,372,413,413,432,447,58,58,157,157,176,126,126,147,147],"floor_reached":22,"playtime":856,"items_purged":["Strike_B"],"score":307,"play_id":"8dc0933a-e768-4ae2-b794-b771fafdcaa7","local_time":"20181020142342","is_ascension_mode":true,"campfire_choices":[{"data":"Zap","floor":6,"key":"SMITH"},{"data":"Dualcast","floor":11,"key":"SMITH"},{"data":"Steam","floor":15,"key":"SMITH"}],"neow_cost":"TEN_PERCENT_HP_LOSS","seed_source_timestamp":4220264694718,"circlet_count":0,"master_deck":["Strike_B","Defend_B","Defend_B","Zap+1","Dualcast+1","AscendersBane","Coolheaded","Ball Lightning","Steam+1","Conserve Battery","Blizzard","Electrodynamics","Fission","Coolheaded"],"special_seed":0,"relics":["Cracked Core","Golden Idol","Incense Burner","Pocketwatch","Pantograph","Empty Cage"],"potions_floor_usage":[10,13,18,22],"damage_taken":[{"damage":3,"enemies":"Jaw Worm","floor":1,"turns":4},{"damage":1,"enemies":"Cultist","floor":5,"turns":3},{"damage":0,"enemies":"2 Louse","floor":7,"turns":3},{"damage":0,"enemies":"2 Fungi Beasts","floor":8,"turns":3},{"damage":20,"enemies":"Gremlin Nob","floor":10,"turns":4},{"damage":0,"enemies":"Exordium Wildlife","floor":12,"turns":2},{"damage":14,"enemies":"Lots of Slimes","floor":13,"turns":3},{"damage":14,"enemies":"The Guardian","floor":16,"turns":11},{"damage":6,"enemies":"Shell Parasite","floor":18,"turns":7},{"damage":15,"enemies":"2 Thieves","floor":21,"turns":2},{"damage":36,"enemies":"Snecko","floor":22,"turns":5}],"seed_played":"6862627907565790612","potions_obtained":[{"floor":8,"key":"GamblersBrew"},{"floor":10,"key":"FearPotion"},{"floor":12,"key":"Fire Potion"},{"floor":13,"key":"GamblersBrew"},{"floor":21,"key":"SneckoOil"}],"is_trial":false,"path_per_floor":["M","?","?","?","M","R","M","M","T","E","R","M","M","$","R","B",null,"M","?","?","M"],"character_chosen":"DEFECT","items_purchased":["Electrodynamics","Pantograph"],"campfire_rested":0,"item_purchase_floors":[14,14],"current_hp_per_floor":[65,65,63,63,62,62,62,62,62,42,42,42,28,28,28,39,57,51,51,51,36,0],"gold":147,"neow_bonus":"TWO_FIFTY_GOLD","is_prod":false,"is_daily":false,"chose_seed":false,"campfire_upgraded":3,"win_rate":0,"timestamp":1540038222,"path_taken":["M","?","?","?","?","R","M","M","T","E","R","M","M","$","R","BOSS","M","?","?","M","M"],"build_version":"2018-10-18","purchased_purges":1,"victory":false,"max_hp_per_floor":[68,68,63,63,63,63,63,63,63,63,63,63,63,63,63,63,63,63,63,63,63,63],"card_choices":[{"not_picked":["Cold Snap","Beam Cell"],"picked":"Coolheaded","floor":1},{"not_picked":["Steam","Turbo"],"picked":"Ball Lightning","floor":5},{"not_picked":["Hyperbeam","Rebound"],"picked":"Steam","floor":7},{"not_picked":["Sweeping Beam","Skim"],"picked":"Conserve Battery","floor":8},{"not_picked":["Skim","Gash","Hyperbeam"],"picked":"SKIP","floor":10},{"not_picked":["Go for the Eyes","Stack"],"picked":"Blizzard","floor":12},{"not_picked":["Compile Driver","Turbo","Coolheaded"],"picked":"SKIP","floor":13},{"not_picked":["Reboot","Multi-Cast"],"picked":"Fission","floor":16},{"not_picked":["Turbo","Genetic Algorithm","Recycle"],"picked":"SKIP","floor":18},{"not_picked":["Ball Lightning","Steam","Turbo"],"picked":"SKIP","floor":21}],"player_experience":551897,"relics_obtained":[{"floor":9,"key":"Incense Burner"},{"floor":10,"key":"Pocketwatch"}],"event_choices":[{"cards_removed":["Strike_B"],"damage_healed":0,"gold_gain":0,"player_choice":"Forget","damage_taken":0,"max_hp_gain":0,"max_hp_loss":0,"event_name":"Living Wall","floor":2,"gold_loss":0},{"damage_healed":0,"gold_gain":0,"player_choice":"Lose Max HP","damage_taken":0,"relics_obtained":["Golden Idol"],"max_hp_gain":0,"max_hp_loss":5,"event_name":"Golden Idol","floor":3,"gold_loss":0},{"cards_removed":["Defend_B"],"damage_healed":0,"gold_gain":0,"player_choice":"Card Removal","damage_taken":0,"max_hp_gain":0,"max_hp_loss":0,"event_name":"The Cleric","floor":4,"gold_loss":50},{"damage_healed":0,"gold_gain":0,"player_choice":"Bet on Murderer","damage_taken":0,"max_hp_gain":0,"max_hp_loss":0,"event_name":"The Joust","floor":19,"gold_loss":50},{"damage_healed":0,"gold_gain":0,"player_choice":"Copied","damage_taken":0,"max_hp_gain":0,"max_hp_loss":0,"event_name":"Duplicator","floor":20,"gold_loss":0,"cards_obtained":["Coolheaded"]}],"is_beta":false,"boss_relics":[{"not_picked":["Fusion Hammer","Coffee Dripper"],"picked":"Empty Cage"}],"items_purged_floors":[14],"is_endless":false,"potions_floor_spawned":[8,10,12,13,21],"killed_by":"Snecko","ascension_level":13}