{"gold_per_floor":[213,226,301,312,330,330,365,365,392,417,417,436,436,449,449,547,547,562,562,573,587,587,587,55,87,112,112,112,144,161,177,177,277,277,289,389,408,408,158,158,178,195,218,218,234,0,18,31,31,31],"floor_reached":51,"playtime":3278,"items_purged":["Strike_R","Decay"],"score":1422,"play_id":"d035878d-aeb2-4b7f-967a-1907f316c5a9","local_time":"20190129232650","is_ascension_mode":true,"campfire_choices":[{"data":"Bash","floor":6.0,"key":"SMITH"},{"floor":8.0,"key":"REST"},{"floor":13.0,"key":"REST"},{"data":"Flex","floor":15.0,"key":"SMITH"},{"data":"Flex","floor":23.0,"key":"SMITH"},{"floor":28.0,"key":"REST"},{"floor":32.0,"key":"REST"},{"data":"Limit Break","floor":40,"key":"SMITH"},{"data":"Offering","floor":44,"key":"SMITH"},{"data":"Offering","floor":49,"key":"SMITH"}],"neow_cost":"NONE","seed_source_timestamp":16744431000407,"circlet_count":0,"master_deck":["AscendersBane","Strike_R","Strike_R+1","Defend_R+1","Defend_R+1","Bash+1","Twin Strike","Pummel","Pommel Strike","Offering+1","Thunderclap","Impervious+1","Flex+1","Offering","Seeing Red","Shockwave","Pummel","Flex+1","Cleave+1","Offering+1","Ghostly Armor+1","Limit Break+1","Impervious+1","Dropkick+1","Bludgeon+1","Reaper"],"special_seed":0,"relics":["Burning Blood","War Paint","Pen Nib","Blood Vial","Orrery","Membership Card","Ornamental Fan","Ancient Tea Set","Lantern","Bag of Marbles","Bottled Lightning","Astrolabe","FossilizedHelix","ClockworkSouvenir","Potion Belt","Red Mask"],"potions_floor_usage":[33,33,50,50,50,50],"damage_taken":[{"damage":1.0,"enemies":"Cultist","floor":1.0,"turns":3.0},{"damage":2.0,"enemies":"Jaw Worm","floor":2.0,"turns":3.0},{"damage":8.0,"enemies":"Small Slimes","floor":4.0,"turns":3.0},{"damage":25.0,"enemies":"Gremlin Gang","floor":5.0,"turns":5.0},{"damage":36.0,"enemies":"3 Sentries","floor":7.0,"turns":10.0},{"damage":8.0,"enemies":"Gremlin Nob","floor":10.0,"turns":3.0},{"damage":10.0,"enemies":"Large Slime","floor":12.0,"turns":3.0},{"damage":6.0,"enemies":"2 Fungi Beasts","floor":14.0,"turns":2.0},{"damage":6.0,"enemies":"Slime Boss","floor":16.0,"turns":3.0},{"damage":16.0,"enemies":"3 Byrds","floor":18.0,"turns":4.0},{"damage":15.0,"enemies":"Chosen","floor":20.0,"turns":4.0},{"damage":12.0,"enemies":"Snake Plant","floor":21.0,"turns":3.0},{"damage":28.0,"enemies":"Book of Stabbing","floor":25.0,"turns":3.0},{"damage":18.0,"enemies":"Gremlin Leader","floor":29.0,"turns":5.0},{"damage":17.0,"enemies":"Snecko","floor":30.0,"turns":4.0},{"damage":9.0,"enemies":"Centurion and Healer","floor":31.0,"turns":6.0},{"damage":12,"enemies":"Collector","floor":33,"turns":2},{"damage":12,"enemies":"3 Darklings","floor":35,"turns":3},{"damage":12,"enemies":"Mind Bloom Boss Battle","floor":36,"turns":6},{"damage":0,"enemies":"3 Shapes","floor":37,"turns":3},{"damage":2,"enemies":"3 Darklings","floor":41,"turns":3},{"damage":20,"enemies":"Jaw Worm Horde","floor":42,"turns":3},{"damage":6,"enemies":"Maw","floor":45,"turns":4},{"damage":0,"enemies":"Sphere and 2 Shapes","floor":47,"turns":1},{"damage":0,"enemies":"Transient","floor":48,"turns":5},{"damage":6,"enemies":"Donu and Deca","floor":50,"turns":2}],"seed_played":"-4795694662545038719","potions_obtained":[{"floor":2.0,"key":"GamblersBrew"},{"floor":4.0,"key":"Poison Potion"},{"floor":5.0,"key":"Swift Potion"},{"floor":12.0,"key":"Weak Potion"},{"floor":14.0,"key":"AttackPotion"},{"floor":25.0,"key":"Strength Potion"},{"floor":30.0,"key":"AttackPotion"},{"floor":36,"key":"Poison Potion"},{"floor":41,"key":"AttackPotion"},{"floor":45,"key":"Ancient Potion"},{"floor":48,"key":"Dexterity Potion"}],"is_trial":false,"path_per_floor":["?","M","?","?","M","?","?","?","?","$","?","M"],"character_chosen":"IRONCLAD","items_purchased":["Membership Card","Ornamental Fan","Ancient Tea Set","Energy Potion","Offering","Reaper","ClockworkSouvenir","Swift Potion"],"campfire_rested":4,"item_purchase_floors":[24,24,24,24,24,39,39,39],"current_hp_per_floor":[77,80,72,70,51,51,21,45,45,43,27,25,49,51,51,53,73,65,65,58,54,54,54,54,34,34,34,58,48,39,38,62,58,75,71,67,75,75,75,75,76,62,62,62,76,76,76,76,76,76],"gold":31,"neow_bonus":"HUNDRED_GOLD","is_prod":false,"is_daily":false,"chose_seed":false,"campfire_upgraded":6,"win_rate":0,"timestamp":1548775610,"path_taken":["M","M","?","?","M","R","E","R","T","E","?","M","R","M","R","BOSS","M","?","?","M","?","R","$","E","T","?","R","E","M","M","R","BOSS","M","?","M","?","?","R","M","M","T","R","M","?","M","?","R","BOSS"],"build_version":"2019-01-23","purchased_purges":2,"victory":true,"max_hp_per_floor":[80,80,80,80,80,80,80,80,80,80,80,80,80,80,80,80,80,80,80,80,80,80,80,80,80,80,80,80,80,80,80,80,80,80,80,80,80,76,76,76,76,76,76,76,76,76,76,76,76,76],"card_choices":[{"not_picked":["Iron Wave","Heavy Blade"],"picked":"Twin Strike","floor":1.0},{"not_picked":["Blood for Blood","Twin Strike"],"picked":"Pummel","floor":2.0},{"not_picked":["Thunderclap","Heavy Blade"],"picked":"Pommel Strike","floor":4.0},{"not_picked":["Corruption","Clothesline"],"picked":"Offering","floor":5.0},{"not_picked":["Warcry","Twin Strike"],"picked":"Thunderclap","floor":7.0},{"not_picked":["Warcry","Shrug It Off"],"picked":"Impervious","floor":10.0},{"not_picked":["Heavy Blade","Body Slam","Sever Soul"],"picked":"SKIP","floor":12.0},{"not_picked":["Thunderclap","Havoc"],"picked":"Flex","floor":14.0},{"not_picked":["Double Tap","Barricade"],"picked":"Offering","floor":16.0},{"not_picked":["Heavy Blade","Bludgeon"],"picked":"Seeing Red","floor":17.0},{"not_picked":["Fire Breathing","Twin Strike"],"picked":"Shockwave","floor":17.0},{"not_picked":["Warcry","Thunderclap"],"picked":"Pummel","floor":17.0},{"not_picked":["Sword Boomerang","Cleave"],"picked":"Flex","floor":17.0},{"not_picked":["Corruption","Iron Wave","Armaments"],"picked":"SKIP","floor":18.0},{"not_picked":["Twin Strike","Wild Strike"],"picked":"Cleave+1","floor":20.0},{"not_picked":["Iron Wave","Havoc","Sword Boomerang"],"picked":"SKIP","floor":21.0},{"not_picked":["Corruption","Dark Embrace"],"picked":"Ghostly Armor+1","floor":25.0},{"not_picked":["Feed","Sword Boomerang","Intimidate"],"picked":"SKIP","floor":29.0},{"not_picked":["Entrench","Sentinel+1","Burning Pact"],"picked":"SKIP","floor":30.0},{"not_picked":["Clash","Ghostly Armor","Metallicize"],"picked":"SKIP","floor":31.0},{"not_picked":["Reaper","Feed"],"picked":"Limit Break","floor":33},{"not_picked":["Disarm+1","Fire Breathing+1","Wild Strike+1"],"picked":"SKIP","floor":35},{"not_picked":["Rage","Twin Strike+1","Body Slam+1"],"picked":"SKIP","floor":37},{"not_picked":["Intimidate","Flame Barrier","Armaments+1"],"picked":"SKIP","floor":41},{"not_picked":["Infernal Blade","Sword Boomerang","Blood for Blood+1"],"picked":"SKIP","floor":42},{"not_picked":["Disarm","Carnage","Cleave"],"picked":"SKIP","floor":45},{"not_picked":["True Grit","Havoc","Barricade"],"picked":"SKIP","floor":47},{"not_picked":["Metallicize","Clothesline+1","Wild Strike+1"],"picked":"SKIP","floor":48}],"player_experience":136535,"relics_obtained":[{"floor":7.0,"key":"War Paint"},{"floor":9.0,"key":"Pen Nib"},{"floor":10.0,"key":"Blood Vial"},{"floor":25.0,"key":"Lantern"},{"floor":26.0,"key":"Bag of Marbles"},{"floor":29.0,"key":"Bottled Lightning"},{"floor":36,"key":"FossilizedHelix"},{"floor":43,"key":"Potion Belt"}],"event_choices":[{"damage_healed":0.0,"max_hp_gain":0.0,"max_hp_loss":0.0,"gold_gain":75.0,"event_name":"FaceTrader","player_choice":"Touch","floor":3.0,"gold_loss":0.0,"damage_taken":8.0},{"damage_healed":0.0,"max_hp_gain":0.0,"max_hp_loss":0.0,"gold_gain":0.0,"event_name":"Shining Light","player_choice":"Entered Light","floor":11.0,"gold_loss":0.0,"damage_taken":16.0,"cards_upgraded":["Impervious","Strike_R"]},{"cards_removed":["Strike_R"],"damage_healed":0.0,"max_hp_gain":0.0,"max_hp_loss":0.0,"gold_gain":0.0,"event_name":"Bonfire Elementals","player_choice":"Offered Basic","floor":19.0,"gold_loss":0.0,"damage_taken":0.0},{"damage_healed":0.0,"max_hp_gain":0.0,"max_hp_loss":0.0,"gold_gain":0.0,"event_name":"Forgotten Altar","player_choice":"Smashed Altar","floor":22.0,"gold_loss":0.0,"damage_taken":0.0,"cards_obtained":["Decay"]},{"damage_healed":0.0,"max_hp_gain":0.0,"max_hp_loss":0.0,"gold_gain":0.0,"event_name":"The Mausoleum","player_choice":"Ignored","floor":27.0,"gold_loss":0.0,"damage_taken":0.0},{"damage_healed":0,"gold_gain":0,"player_choice":"Fight","damage_taken":0,"max_hp_gain":0,"max_hp_loss":0,"event_name":"MindBloom","floor":36,"gold_loss":0},{"damage_healed":0,"gold_gain":0,"player_choice":"Max HP","damage_taken":0,"max_hp_gain":0,"max_hp_loss":4,"event_name":"Winding Halls","floor":38,"gold_loss":0},{"damage_healed":0,"gold_gain":0,"player_choice":"Paid","damage_taken":0,"relics_obtained":["Red Mask"],"max_hp_gain":0,"max_hp_loss":0,"event_name":"Tomb of Lord Red Mask","floor":46,"gold_loss":234}],"is_beta":false,"boss_relics":[{"not_picked":["Runic Pyramid","Lizard Tail"],"picked":"Orrery"},{"not_picked":["Runic Dome","Fusion Hammer"],"picked":"Astrolabe"}],"items_purged_floors":[24,39],"is_endless":false,"potions_floor_spawned":[2,4,5,12,14,25,30,31,36,41,45,48],"ascension_level":11}