{"gold_per_floor":[13,13,13,29,45,85,85,85,85,10,44,44,80,93,93,214,214,232,252,252],"floor_reached":20,"playtime":1216,"items_purged":["Strike_R"],"score":255,"play_id":"dcfe2d01-27de-4ad2-b6ae-88aa1f62bd2e","local_time":"20190129105951","is_ascension_mode":true,"campfire_choices":[{"data":"Carnage","floor":7.0,"key":"SMITH"},{"floor":12.0,"key":"REST"},{"data":"Bash","floor":15,"key":"SMITH"}],"neow_cost":"NO_GOLD","seed_source_timestamp":3737122388553,"circlet_count":0,"master_deck":["Strike_R","Defend_R","Defend_R","Defend_R","Defend_R","Bash+1","Carnage+1","Thunderclap","Pummel","Cleave","Inflame","Dark Embrace","Ghostly Armor"],"special_seed":0,"relics":["Burning Blood","Golden Idol","Magic Flower","Darkstone Periapt","Odd Mushroom","Mummified Hand","Eternal Feather"],"potions_floor_usage":[13,13,16,20,20],"damage_taken":[{"damage":6.0,"enemies":"Cultist","floor":1.0,"turns":3.0},{"damage":2.0,"enemies":"2 Louse","floor":4.0,"turns":3.0},{"damage":0.0,"enemies":"Small Slimes","floor":5.0,"turns":3.0},{"damage":16.0,"enemies":"Gremlin Nob","floor":6.0,"turns":3.0},{"damage":21.0,"enemies":"The Mushroom Lair","floor":11.0,"turns":4.0},{"damage":18,"enemies":"Lagavulin","floor":13,"turns":5},{"damage":6,"enemies":"Blue Slaver","floor":14,"turns":4},{"damage":22,"enemies":"Slime Boss","floor":16,"turns":9},{"damage":12,"enemies":"Chosen","floor":18,"turns":3},{"damage":51,"enemies":"Shell Parasite","floor":19,"turns":11},{"damage":23,"enemies":"Shelled Parasite and Fungi","floor":20,"turns":4}],"seed_played":"6236755455622662543","potions_obtained":[{"floor":4.0,"key":"FearPotion"},{"floor":11.0,"key":"EssenceOfSteel"},{"floor":13,"key":"Swift Potion"},{"floor":14,"key":"Ancient Potion"},{"floor":19,"key":"Block Potion"}],"is_trial":false,"path_per_floor":["?","?","?","$","?","M","M"],"character_chosen":"IRONCLAD","items_purchased":[],"campfire_rested":1,"item_purchase_floors":[],"current_hp_per_floor":[72,72,72,74,74,64,64,57,57,57,45,67,58,61,61,48,68,65,23,0],"gold":252,"neow_bonus":"REMOVE_TWO","is_prod":false,"is_daily":false,"chose_seed":false,"campfire_upgraded":2,"win_rate":0,"timestamp":1548730791,"path_taken":["M","?","?","M","M","E","R","?","T","?","?","R","E","?","R","BOSS","M","M","?"],"build_version":"2019-01-23","purchased_purges":1,"victory":false,"max_hp_per_floor":[80,80,74,74,74,74,74,74,74,74,74,74,74,74,74,74,74,74,74,74],"card_choices":[{"not_picked":["Body Slam","Seeing Red"],"picked":"Carnage","floor":1.0},{"not_picked":["Wild Strike","Sword Boomerang"],"picked":"Thunderclap","floor":4.0},{"not_picked":["Warcry","Clothesline","Sentinel"],"picked":"SKIP","floor":5.0},{"not_picked":["Bloodletting","Anger","Blood for Blood"],"picked":"SKIP","floor":6.0},{"not_picked":["Sword Boomerang","Infernal Blade"],"picked":"Pummel","floor":11.0},{"not_picked":["Iron Wave","Dual Wield"],"picked":"Cleave","floor":13},{"not_picked":["Havoc","Power Through"],"picked":"Inflame","floor":14},{"not_picked":["Bludgeon","Brutality"],"picked":"Dark Embrace","floor":16},{"not_picked":["Thunderclap","Clash","Searing Blow"],"picked":"SKIP","floor":18},{"not_picked":["True Grit","Metallicize"],"picked":"Ghostly Armor","floor":19}],"player_experience":112275,"relics_obtained":[{"floor":6.0,"key":"Magic Flower"},{"floor":9.0,"key":"Darkstone Periapt"},{"floor":11.0,"key":"Odd Mushroom"},{"floor":13,"key":"Mummified Hand"}],"event_choices":[{"damage_healed":0.0,"max_hp_gain":0.0,"max_hp_loss":0.0,"gold_gain":0.0,"event_name":"Liars Game","player_choice":"Ignored","floor":2.0,"gold_loss":0.0,"damage_taken":0.0},{"damage_healed":0.0,"max_hp_gain":0.0,"max_hp_loss":6.0,"gold_gain":0.0,"event_name":"Golden Idol","player_choice":"Lose Max HP","floor":3.0,"gold_loss":0.0,"damage_taken":0.0,"relics_obtained":["Golden Idol"]},{"cards_removed":["Strike_R"],"damage_healed":0.0,"max_hp_gain":0.0,"max_hp_loss":0.0,"gold_gain":0.0,"event_name":"Golden Wing","player_choice":"Card Removal","floor":8.0,"gold_loss":0.0,"damage_taken":7.0},{"damage_healed":0.0,"max_hp_gain":0.0,"max_hp_loss":0.0,"gold_gain":0.0,"event_name":"Mushrooms","player_choice":"Fought Mushrooms","floor":11.0,"gold_loss":0.0,"damage_taken":0.0}],"is_beta":false,"boss_relics":[{"not_picked":["Philosopher\u0027s Stone","Orrery"],"picked":"Eternal Feather"}],"items_purged_floors":[10],"is_endless":false,"potions_floor_spawned":[4,11,13,14,19],"killed_by":"Shelled Parasite and Fungi","ascension_level":8}