{"gold_per_floor":[20,31,31,31,42,42,62,90,90,90,118,132,159,26,26,101,101,119,136,166,186,201,201,65,80,80,80,99,111,111,129,129,206,206,223,28,28,28,43,43,43,143,215,215,232,107,122,139,139,139],"floor_reached":51,"playtime":4368,"items_purged":["Strike_B","Strike_B","Defend_B"],"score":1118,"play_id":"1f0dcf10-b46b-4649-a842-0265a249d0ea","local_time":"20181113233752","is_ascension_mode":true,"campfire_choices":[{"data":"Streamline","floor":6.0,"key":"SMITH"},{"data":"Beam Cell","floor":10.0,"key":"SMITH"},{"data":"Dualcast","floor":15.0,"key":"SMITH"},{"data":"Capacitor","floor":23.0,"key":"SMITH"},{"data":"Defragment","floor":27.0,"key":"SMITH"},{"data":"Echo Form","floor":32.0,"key":"SMITH"},{"data":"Skim","floor":40.0,"key":"SMITH"},{"data":"Impatience","floor":44.0,"key":"SMITH"},{"floor":49,"key":"REST"}],"neow_cost":"NO_GOLD","seed_source_timestamp":292576942923995,"circlet_count":0,"master_deck":["AscendersBane","Strike_B","Defend_B","Defend_B","Zap","Dualcast+1","Cold Snap","Self Repair","Streamline+1","Beam Cell+1","Cold Snap","Reinforced Body","Sweeping Beam","Rip and Tear","Ball Lightning","Echo Form+1","Leap","Capacitor+1","Barrage","Defragment+1","Defragment+1","Seek","Chill+1","Skim+1","Impatience+1","Barrage+1","Tempest+1","Parasite"],"special_seed":0,"relics":["Cracked Core","Torii","Bag of Marbles","Ancient Tea Set","Meat on the Bone","Omamori","Cursed Key","Red Mask","Ice Cream","Sozu","Thread and Needle","Darkstone Periapt"],"potions_floor_usage":[],"damage_taken":[{"damage":1.0,"enemies":"Small Slimes","floor":1.0,"turns":3.0},{"damage":2.0,"enemies":"Jaw Worm","floor":2.0,"turns":5.0},{"damage":0.0,"enemies":"2 Louse","floor":5.0,"turns":1.0},{"damage":8.0,"enemies":"Gremlin Gang","floor":7.0,"turns":5.0},{"damage":33.0,"enemies":"Lagavulin","floor":8.0,"turns":5.0},{"damage":12.0,"enemies":"3 Sentries","floor":11.0,"turns":7.0},{"damage":10.0,"enemies":"3 Louse","floor":12.0,"turns":4.0},{"damage":16.0,"enemies":"Lagavulin","floor":13.0,"turns":5.0},{"damage":26.0,"enemies":"The Guardian","floor":16.0,"turns":9.0},{"damage":21.0,"enemies":"Shell Parasite","floor":18.0,"turns":3.0},{"damage":20.0,"enemies":"Spheric Guardian","floor":19.0,"turns":4.0},{"damage":17.0,"enemies":"Masked Bandits","floor":20.0,"turns":5.0},{"damage":29.0,"enemies":"Snake Plant","floor":21.0,"turns":5.0},{"damage":2.0,"enemies":"Sentry and Sphere","floor":22.0,"turns":4.0},{"damage":19.0,"enemies":"Snecko","floor":25.0,"turns":5.0},{"damage":7.0,"enemies":"Snake Plant","floor":28.0,"turns":3.0},{"damage":16.0,"enemies":"Cultist and Chosen","floor":29.0,"turns":6.0},{"damage":25.0,"enemies":"3 Cultists","floor":31.0,"turns":6.0},{"damage":13.0,"enemies":"Automaton","floor":33.0,"turns":9.0},{"damage":31.0,"enemies":"3 Darklings","floor":35.0,"turns":5.0},{"damage":1.0,"enemies":"Orb Walker","floor":39.0,"turns":3.0},{"damage":0.0,"enemies":"Mind Bloom Boss Battle","floor":42.0,"turns":6.0},{"damage":6.0,"enemies":"Spire Growth","floor":45.0,"turns":4.0},{"damage":7,"enemies":"Writhing Mass","floor":47,"turns":4},{"damage":21,"enemies":"Transient","floor":48,"turns":5},{"damage":50,"enemies":"Time Eater","floor":50,"turns":6}],"seed_played":"8210840555843496727","potions_obtained":[{"floor":1.0,"key":"Energy Potion"},{"floor":5.0,"key":"SpeedPotion"},{"floor":11.0,"key":"Swift Potion"},{"floor":16.0,"key":"Ancient Potion"},{"floor":21.0,"key":"PowerPotion"},{"floor":28.0,"key":"Swift Potion"},{"floor":29.0,"key":"Energy Potion"},{"floor":31.0,"key":"Explosive Potion"},{"floor":33.0,"key":"PowerPotion"}],"is_trial":false,"path_per_floor":["M","M","?","?","M","R","M","E","T","R","E","M","E","$","R","B",null,"M","M","?","M","M","R","$","M","T","R","M","M","?","M","R","B",null,"M","$","?","?","M","R","?","?","T","R","M","$","M","M","R","B",null],"character_chosen":"DEFECT","items_purchased":["Ball Lightning","Defragment","Skim","Impatience"],"campfire_rested":1,"item_purchase_floors":[14,24,36,36],"current_hp_per_floor":[63,61,61,61,61,61,60,34,34,34,29,38,34,34,34,27,60,39,38,33,23,40,40,40,40,40,40,45,48,48,42,42,48,65,53,53,53,53,52,52,52,59,59,59,53,53,52,50,71,40],"gold":139,"neow_bonus":"ONE_RARE_RELIC","is_prod":false,"is_daily":false,"chose_seed":false,"campfire_upgraded":8,"win_rate":0,"timestamp":1542148672,"path_taken":["M","M","?","?","M","R","M","E","T","R","E","M","E","?","R","BOSS","M","M","?","M","M","R","$","M","T","R","M","M","?","?","R","BOSS","M","$","?","?","M","R","?","?","T","R","M","$","M","M","R","BOSS"],"build_version":"2018-11-08","purchased_purges":3,"victory":true,"max_hp_per_floor":[71,71,71,71,71,71,71,71,71,71,71,71,71,71,71,71,71,71,71,71,71,71,71,71,71,71,71,71,71,71,71,71,71,71,71,71,71,67,67,67,67,67,67,67,67,67,73,73,73,73],"card_choices":[{"not_picked":["Loop","Static Discharge"],"picked":"Cold Snap","floor":1.0},{"not_picked":["BootSequence","Barrage"],"picked":"Self Repair","floor":2.0},{"not_picked":["Coolheaded","Reinforced Body"],"picked":"Streamline","floor":5.0},{"not_picked":["Steam","Skim"],"picked":"Beam Cell","floor":7.0},{"not_picked":["Self Repair","Chaos"],"picked":"Cold Snap","floor":8.0},{"not_picked":["Sweeping Beam","Steam"],"picked":"Reinforced Body","floor":11.0},{"not_picked":["Conserve Battery","Darkness"],"picked":"Sweeping Beam","floor":12.0},{"not_picked":["Cold Snap","Conserve Battery"],"picked":"Rip and Tear","floor":13.0},{"not_picked":["Core Surge","Meteor Strike"],"picked":"Echo Form","floor":16.0},{"not_picked":["Coolheaded","Reprogram","Doom and Gloom+1"],"picked":"SKIP","floor":18.0},{"not_picked":["Hologram","Barrage"],"picked":"Leap","floor":19.0},{"not_picked":["Ball Lightning","Genetic Algorithm"],"picked":"Capacitor","floor":20.0},{"not_picked":["Meteor Strike","Stack"],"picked":"Barrage","floor":21.0},{"not_picked":["Sweeping Beam","Recycle+1","Coolheaded"],"picked":"SKIP","floor":22.0},{"not_picked":["Go for the Eyes","Ball Lightning","Storm"],"picked":"SKIP","floor":25.0},{"not_picked":["Streamline","Cold Snap","Heatsinks"],"picked":"SKIP","floor":28.0},{"not_picked":["Genetic Algorithm+1","Redo","Hello World"],"picked":"SKIP","floor":29.0},{"not_picked":["Streamline+1","Stack"],"picked":"Defragment+1","floor":31.0},{"not_picked":["Multi-Cast","All For One"],"picked":"Seek","floor":33.0},{"not_picked":["Hologram","Leap"],"picked":"Chill+1","floor":35.0},{"not_picked":["Streamline+1","Recycle"],"picked":"Barrage+1","floor":39.0},{"not_picked":["Sunder","Coolheaded"],"picked":"Tempest+1","floor":42.0},{"not_picked":["FTL","Gash","Turbo+1"],"picked":"SKIP","floor":45.0},{"not_picked":["Sunder","FTL","Aggregate+1"],"picked":"SKIP","floor":47},{"not_picked":["Coolheaded","Sunder","Beam Cell+1"],"picked":"SKIP","floor":48}],"player_experience":653410,"relics_obtained":[{"floor":8.0,"key":"Bag of Marbles"},{"floor":9.0,"key":"Ancient Tea Set"},{"floor":11.0,"key":"Meat on the Bone"},{"floor":13.0,"key":"Omamori"},{"floor":20.0,"key":"Red Mask"},{"floor":26.0,"key":"Ice Cream"},{"floor":42.0,"key":"Thread and Needle"},{"floor":43.0,"key":"Darkstone Periapt"}],"event_choices":[{"damage_healed":0.0,"max_hp_gain":0.0,"max_hp_loss":0.0,"gold_gain":0.0,"event_name":"Liars Game","player_choice":"Ignored","floor":3.0,"gold_loss":0.0,"damage_taken":0.0},{"damage_healed":0.0,"max_hp_gain":0.0,"max_hp_loss":0.0,"gold_gain":0.0,"event_name":"The Cleric","player_choice":"Leave","floor":4.0,"gold_loss":0.0,"damage_taken":0.0},{"damage_healed":0.0,"max_hp_gain":0.0,"max_hp_loss":0.0,"gold_gain":0.0,"event_name":"Masked Bandits","player_choice":"Fought Bandits","floor":20.0,"gold_loss":0.0,"damage_taken":0.0},{"cards_removed":["Defend_B"],"damage_healed":0.0,"max_hp_gain":0.0,"max_hp_loss":0.0,"gold_gain":0.0,"event_name":"Bonfire Elementals","player_choice":"Offered Basic","floor":30.0,"gold_loss":0.0,"damage_taken":0.0},{"cards_removed":["Strike_B"],"damage_healed":0.0,"max_hp_gain":0.0,"max_hp_loss":0.0,"gold_gain":0.0,"event_name":"Falling","player_choice":"Removed Attack","floor":37.0,"gold_loss":0.0,"damage_taken":0.0},{"damage_healed":0.0,"max_hp_gain":0.0,"max_hp_loss":4.0,"gold_gain":0.0,"event_name":"Winding Halls","player_choice":"Max HP","floor":38.0,"gold_loss":0.0,"damage_taken":0.0},{"damage_healed":0.0,"max_hp_gain":0.0,"max_hp_loss":0.0,"gold_gain":0.0,"event_name":"Mysterious Sphere","player_choice":"Ignored","floor":41.0,"gold_loss":0.0,"damage_taken":0.0},{"damage_healed":0.0,"max_hp_gain":0.0,"max_hp_loss":0.0,"gold_gain":0.0,"event_name":"MindBloom","player_choice":"Fight","floor":42.0,"gold_loss":0.0,"damage_taken":0.0}],"is_beta":false,"boss_relics":[{"not_picked":["Runic Pyramid","Eternal Feather"],"picked":"Cursed Key"},{"not_picked":["White Beast Statue","Astrolabe"],"picked":"Sozu"}],"items_purged_floors":[14,24,46],"is_endless":false,"potions_floor_spawned":[1,5,11,16,21,28,29,31,33,45],"ascension_level":16}