{"gold_per_floor":[367,15,32,44,54,54,69,87,87,121,132,207,207,223,223,223],"floor_reached":16,"playtime":798,"items_purged":[],"score":186,"play_id":"27c1e434-c040-4474-972a-d623accca287","local_time":"20190114222858","is_ascension_mode":true,"campfire_choices":[{"data":"Shrug It Off","floor":6,"key":"SMITH"},{"floor":13,"key":"REST"},{"data":"Uppercut","floor":15,"key":"SMITH"}],"neow_cost":"PERCENT_DAMAGE","seed_source_timestamp":436601346273612,"circlet_count":0,"master_deck":["AscendersBane","Strike_R","Strike_R","Strike_R","Strike_R","Strike_R","Defend_R","Defend_R","Defend_R","Defend_R","Bash","Shrug It Off+1","Inflame","Rampage","Wild Strike","Uppercut+1","Inflame","Second Wind+1","Havoc+1","Shrug It Off+1"],"relics":["Burning Blood","Bird Faced Urn","Toxic Egg 2","Centennial Puzzle"],"potions_floor_usage":[5,5,10,14],"damage_taken":[{"damage":11,"enemies":"Cultist","floor":1,"turns":4},{"damage":0,"enemies":"Small Slimes","floor":3,"turns":3},{"damage":6,"enemies":"2 Louse","floor":4,"turns":2},{"damage":17,"enemies":"Lots of Slimes","floor":5,"turns":5},{"damage":15,"enemies":"Large Slime","floor":7,"turns":5},{"damage":0,"enemies":"Exordium Wildlife","floor":8,"turns":2},{"damage":19,"enemies":"Lagavulin","floor":10,"turns":5},{"damage":15,"enemies":"Looter","floor":11,"turns":4},{"damage":0,"enemies":"3 Louse","floor":14,"turns":3},{"damage":58,"enemies":"Slime Boss","floor":16,"turns":11}],"seed_played":"-7498099696595748716","potions_obtained":[{"floor":1,"key":"Fire Potion"},{"floor":7,"key":"AttackPotion"},{"floor":11,"key":"Fire Potion"}],"is_trial":false,"path_per_floor":["M","$","M","M","M","R","M","M","T","E","M","?","R","M","R","B"],"character_chosen":"IRONCLAD","items_purchased":["Bird Faced Urn","Dexterity Potion"],"campfire_rested":1,"item_purchase_floors":[2,2],"current_hp_per_floor":[45,45,51,53,44,44,37,43,43,34,25,14,36,46,46,0],"gold":223,"neow_bonus":"TWO_FIFTY_GOLD","is_prod":false,"is_daily":false,"chose_seed":false,"campfire_upgraded":2,"win_rate":0,"timestamp":1547533738,"path_taken":["M","$","M","?","M","R","?","M","T","E","M","?","R","M","R","BOSS"],"build_version":"2019-01-10","purchased_purges":0,"victory":false,"max_hp_per_floor":[75,75,75,75,75,75,75,75,75,75,75,75,75,75,75,75],"card_choices":[{"not_picked":["Anger","Cleave"],"picked":"Shrug It Off","floor":1},{"not_picked":["Dropkick","Pummel"],"picked":"Inflame","floor":3},{"not_picked":["Headbutt","Wild Strike"],"picked":"Rampage","floor":4},{"not_picked":["Perfected Strike","Bloodletting"],"picked":"Wild Strike","floor":5},{"not_picked":["Armaments","Ghostly Armor"],"picked":"Uppercut","floor":7},{"not_picked":["Heavy Blade","Bludgeon"],"picked":"Inflame","floor":8},{"not_picked":["Fire Breathing","Havoc+1"],"picked":"Second Wind+1","floor":10},{"not_picked":["Perfected Strike","Shockwave+1"],"picked":"Havoc+1","floor":11},{"not_picked":["Cleave","Second Wind+1"],"picked":"Shrug It Off+1","floor":14}],"player_experience":482628,"relics_obtained":[{"floor":9,"key":"Toxic Egg 2"},{"floor":10,"key":"Centennial Puzzle"}],"event_choices":[{"damage_healed":0,"gold_gain":75,"player_choice":"Gather Gold","damage_taken":11,"max_hp_gain":0,"max_hp_loss":0,"event_name":"World of Goop","floor":12,"gold_loss":0}],"is_beta":false,"boss_relics":[],"items_purged_floors":[],"is_endless":false,"potions_floor_spawned":[1,4,7,11],"killed_by":"Slime Boss","ascension_level":15}