{"gold_per_floor":[116,128,78,78,31,31,61,72,72,101,101,116,127,17,17,17],"floor_reached":16,"playtime":564,"items_purged":["Strike_G"],"score":230,"play_id":"5313790f-62be-4226-989a-91f887a8e538","local_time":"20181230171640","is_ascension_mode":true,"campfire_choices":[{"data":"Noxious Fumes","floor":6,"key":"SMITH"},{"data":"Footwork","floor":15,"key":"SMITH"}],"neow_cost":"NONE","seed_source_timestamp":794474926759245,"circlet_count":0,"master_deck":["AscendersBane","Defend_G","Defend_G+1","Defend_G","Defend_G","Defend_G","Strike_G+1","Strike_G","Strike_G","Survivor","Neutralize","Escape Plan","Noxious Fumes+1","Backflip","Crippling Poison","Bouncing Flask","Footwork+1"],"relics":["Ring of the Snake","NeowsBlessing","Mummified Hand","Shuriken","Boot","Vajra"],"potions_floor_usage":[16],"damage_taken":[{"damage":0,"enemies":"Small Slimes","floor":1,"turns":1},{"damage":0,"enemies":"2 Louse","floor":2,"turns":1},{"damage":0,"enemies":"Lagavulin","floor":7,"turns":2},{"damage":0,"enemies":"Cultist","floor":8,"turns":4},{"damage":13,"enemies":"3 Sentries","floor":10,"turns":7},{"damage":8,"enemies":"2 Fungi Beasts","floor":12,"turns":3},{"damage":1,"enemies":"Large Slime","floor":13,"turns":6},{"damage":27,"enemies":"Slime Boss","floor":16,"turns":10}],"seed_played":"-5405345766627164112","potions_obtained":[{"floor":1,"key":"Swift Potion"},{"floor":7,"key":"Poison Potion"},{"floor":13,"key":"Strength Potion"}],"is_trial":false,"path_per_floor":["M","M","?","?","$","R","E","M","T","E","?","M","M","$","R","B"],"character_chosen":"THE_SILENT","items_purchased":["Backflip","Footwork"],"campfire_rested":0,"item_purchase_floors":[5,14],"current_hp_per_floor":[59,59,59,46,46,46,46,46,46,33,33,25,24,24,24,0],"gold":17,"neow_bonus":"THREE_ENEMY_KILL","is_prod":false,"is_daily":false,"chose_seed":false,"campfire_upgraded":2,"win_rate":0,"timestamp":1546186600,"path_taken":["M","M","?","?","$","R","E","M","T","E","?","M","?","$","R","BOSS"],"build_version":"2018-12-20","purchased_purges":1,"victory":false,"max_hp_per_floor":[66,66,66,66,66,66,66,66,66,66,66,66,66,66,66,66],"card_choices":[{"not_picked":["Dagger Throw","Quick Slash"],"picked":"Escape Plan","floor":1},{"not_picked":["Deadly Poison","Dodge and Roll"],"picked":"Noxious Fumes","floor":2},{"not_picked":["Riddle With Holes","Underhanded Strike"],"picked":"Crippling Poison","floor":7},{"not_picked":["Quick Slash","Poisoned Stab","Acrobatics"],"picked":"SKIP","floor":8},{"not_picked":["Masterful Stab","Poisoned Stab"],"picked":"Bouncing Flask","floor":10},{"not_picked":["Prepared","Sucker Punch","Acrobatics"],"picked":"SKIP","floor":12},{"not_picked":["Masterful Stab","Terror","Cloak And Dagger"],"picked":"SKIP","floor":13}],"player_experience":798137,"relics_obtained":[{"floor":7,"key":"Mummified Hand"},{"floor":9,"key":"Shuriken"},{"floor":10,"key":"Boot"}],"event_choices":[{"cards_removed":["Strike_G"],"damage_healed":0,"gold_gain":0,"player_choice":"Card Removal","damage_taken":0,"max_hp_gain":0,"max_hp_loss":0,"event_name":"The Cleric","floor":3,"gold_loss":50},{"damage_healed":0,"gold_gain":0,"player_choice":"Entered Light","damage_taken":13,"max_hp_gain":0,"max_hp_loss":0,"event_name":"Shining Light","floor":4,"gold_loss":0,"cards_upgraded":["Strike_G","Defend_G"]},{"damage_healed":0,"gold_gain":0,"player_choice":"Gave Potion","damage_taken":0,"relics_obtained":["Vajra"],"max_hp_gain":0,"max_hp_loss":0,"event_name":"WeMeetAgain","floor":11,"gold_loss":0}],"is_beta":false,"boss_relics":[],"items_purged_floors":[14],"is_endless":false,"potions_floor_spawned":[1,7,13],"killed_by":"Slime Boss","ascension_level":14}