{"gold_per_floor":[214,17,30,30,80,80,91,91,138,138,165,183,194,269,269,269],"floor_reached":16,"playtime":567,"items_purged":[],"score":175,"play_id":"cb109f39-f65e-47c6-a4a8-fc607fef00af","local_time":"20190131115016","is_ascension_mode":true,"campfire_choices":[{"data":"Bash","floor":6,"key":"SMITH"},{"data":"Pummel","floor":8,"key":"SMITH"},{"floor":10,"key":"REST"},{"floor":15,"key":"REST"}],"neow_cost":"NONE","seed_source_timestamp":78925243762442,"circlet_count":0,"master_deck":["AscendersBane","Strike_R+1","Strike_R","Strike_R+1","Strike_R+1","Strike_R+1","Defend_R","Defend_R","Defend_R","Defend_R","Bash+1","Corruption","Sword Boomerang","Pummel+1","Cleave","Thunderclap"],"relics":["Burning Blood","Membership Card","Potion Belt","Whetstone"],"potions_floor_usage":[11,12],"damage_taken":[{"damage":19,"enemies":"Jaw Worm","floor":1,"turns":4},{"damage":1,"enemies":"2 Louse","floor":3,"turns":3},{"damage":0,"enemies":"Cultist","floor":7,"turns":3},{"damage":37,"enemies":"Lagavulin","floor":11,"turns":6},{"damage":0,"enemies":"2 Fungi Beasts","floor":12,"turns":2},{"damage":8,"enemies":"Blue Slaver","floor":13,"turns":2},{"damage":43,"enemies":"Hexaghost","floor":16,"turns":9}],"seed_played":"-3972735047281413342","potions_obtained":[{"floor":7,"key":"AttackPotion"},{"floor":11,"key":"SteroidPotion"}],"is_trial":false,"path_per_floor":["?","?","M","?"],"character_chosen":"IRONCLAD","items_purchased":["Membership Card"],"campfire_rested":2,"item_purchase_floors":[2],"current_hp_per_floor":[55,55,60,37,30,30,36,36,36,58,27,33,31,20,42,0],"gold":269,"neow_bonus":"HUNDRED_GOLD","is_prod":false,"is_daily":false,"chose_seed":false,"campfire_upgraded":2,"win_rate":0,"timestamp":1548906616,"path_taken":["M","$","M","?","?","R","M","R","T","R","E","M","?","?","R","BOSS"],"build_version":"2019-01-23","purchased_purges":0,"victory":false,"max_hp_per_floor":[75,75,75,75,75,75,75,75,75,75,75,75,75,75,75,75],"card_choices":[{"not_picked":["Sword Boomerang","Havoc"],"picked":"Corruption","floor":1},{"not_picked":["Clash","Entrench"],"picked":"Sword Boomerang","floor":3},{"not_picked":["Combust","Fire Breathing"],"picked":"Pummel","floor":7},{"not_picked":["True Grit","Demon Form"],"picked":"Cleave","floor":11},{"not_picked":["True Grit","Sword Boomerang","Perfected Strike"],"picked":"SKIP","floor":12},{"not_picked":["Pommel Strike","Wild Strike"],"picked":"Thunderclap","floor":13}],"player_experience":175857,"relics_obtained":[{"floor":9,"key":"Potion Belt"},{"floor":11,"key":"Whetstone"}],"event_choices":[{"damage_healed":0,"gold_gain":0,"player_choice":"Entered Light","damage_taken":23,"max_hp_gain":0,"max_hp_loss":0,"event_name":"Shining Light","floor":4,"gold_loss":0,"cards_upgraded":["Strike_R","Strike_R"]},{"damage_healed":0,"gold_gain":50,"player_choice":"Touch","damage_taken":7,"max_hp_gain":0,"max_hp_loss":0,"event_name":"FaceTrader","floor":5,"gold_loss":0},{"damage_healed":0,"gold_gain":75,"player_choice":"Gather Gold","damage_taken":11,"max_hp_gain":0,"max_hp_loss":0,"event_name":"World of Goop","floor":14,"gold_loss":0}],"is_beta":false,"boss_relics":[],"items_purged_floors":[],"is_endless":false,"potions_floor_spawned":[7,11],"killed_by":"Hexaghost","ascension_level":15}