{"gold_per_floor":[109,119,194,211,227,227,239,239,262,262,272,302,57,157,157,254,254,273,285,301,301,20,52,64,91,130,142,174,221,233,42,42,144,144,162,262,262,278,289,316,316,343,343,35,35,48,48,48,48,48],"floor_reached":50,"playtime":3944,"items_purged":["Strike_G","Strike_G","Strike_G"],"score":880,"play_id":"d146e6ea-39dd-4283-8f7d-a8cee07b749c","local_time":"20190218012636","is_ascension_mode":true,"campfire_choices":[{"data":"Apotheosis","floor":6.0,"key":"SMITH"},{"data":"Terror","floor":8.0,"key":"SMITH"},{"floor":10.0,"key":"REST"},{"data":"Adrenaline","floor":15.0,"key":"SMITH"},{"data":"Footwork","floor":24.0,"key":"SMITH"},{"data":"Neutralize","floor":27.0,"key":"SMITH"},{"data":"Poisoned Stab","floor":30.0,"key":"SMITH"},{"data":"Leg Sweep","floor":32.0,"key":"SMITH"},{"data":"Adrenaline","floor":41.0,"key":"SMITH"},{"floor":45.0,"key":"RECALL"},{"floor":47.0,"key":"DIG"},{"floor":49.0,"key":"DIG"}],"neow_cost":"TEN_PERCENT_HP_LOSS","seed_source_timestamp":123634709062452,"circlet_count":0,"master_deck":["Defend_G","Defend_G","Defend_G","Defend_G","Strike_G","Strike_G","Survivor","Neutralize+1","Bandage Up+1","Apotheosis+1","Terror+1","Deadly Poison","Backstab","Leg Sweep+1","Deadly Poison+1","Adrenaline+1","Poisoned Stab+1","Corpse Explosion","Cloak And Dagger","Quick Slash+1","PiercingWail+1","Footwork+1","Blur+1","Well Laid Plans+1","Cloak And Dagger+1","Poisoned Stab","Prepared","Adrenaline+1","Flechettes+1","Skewer","Blur+1","Dagger Throw+1","Poisoned Stab+1","Quick Slash","Bane+1"],"special_seed":0,"relics":["Ring of the Snake","Bag of Preparation","Bag of Marbles","Philosopher\u0027s Stone","Pear","MawBank","War Paint","Regal Pillow","White Beast Statue","Shovel","Ginger","Snake Skull","Pen Nib","Mummified Hand","Lantern","Nunchaku"],"potions_floor_usage":[50],"damage_taken":[{"damage":1.0,"enemies":"2 Louse","floor":1.0,"turns":3.0},{"damage":23.0,"enemies":"Cultist","floor":2.0,"turns":7.0},{"damage":11.0,"enemies":"Jaw Worm","floor":4.0,"turns":5.0},{"damage":0.0,"enemies":"Gremlin Gang","floor":5.0,"turns":5.0},{"damage":3.0,"enemies":"Exordium Thugs","floor":7.0,"turns":4.0},{"damage":4.0,"enemies":"Red Slaver","floor":11.0,"turns":4.0},{"damage":17.0,"enemies":"3 Sentries","floor":12.0,"turns":9.0},{"damage":0.0,"enemies":"The Guardian","floor":16.0,"turns":9.0},{"damage":0.0,"enemies":"2 Thieves","floor":18.0,"turns":4.0},{"damage":4.0,"enemies":"3 Byrds","floor":19.0,"turns":2.0},{"damage":6.0,"enemies":"Sentry and Sphere","floor":20.0,"turns":4.0},{"damage":25.0,"enemies":"Gremlin Leader","floor":23.0,"turns":7.0},{"damage":1.0,"enemies":"Centurion and Healer","floor":25.0,"turns":4.0},{"damage":3.0,"enemies":"Chosen and Byrds","floor":28.0,"turns":6.0},{"damage":3.0,"enemies":"Slavers","floor":29.0,"turns":2.0},{"damage":19.0,"enemies":"Automaton","floor":33.0,"turns":11.0},{"damage":0.0,"enemies":"Orb Walker","floor":35.0,"turns":3.0},{"damage":0.0,"enemies":"Mind Bloom Boss Battle","floor":36.0,"turns":6.0},{"damage":0.0,"enemies":"3 Shapes","floor":38.0,"turns":4.0},{"damage":14.0,"enemies":"Writhing Mass","floor":39.0,"turns":6.0},{"damage":9.0,"enemies":"Giant Head","floor":40.0,"turns":9.0},{"damage":0.0,"enemies":"Nemesis","floor":42.0,"turns":5.0},{"damage":10.0,"enemies":"Spire Growth","floor":46.0,"turns":3.0},{"damage":72,"enemies":"Time Eater","floor":50,"turns":10}],"seed_played":"7483603667138349961","potions_obtained":[{"floor":2.0,"key":"AttackPotion"},{"floor":4.0,"key":"Explosive Potion"},{"floor":7.0,"key":"Dexterity Potion"},{"floor":11.0,"key":"Swift Potion"},{"floor":19.0,"key":"SteroidPotion"},{"floor":20.0,"key":"PowerPotion"},{"floor":35.0,"key":"Energy Potion"},{"floor":36.0,"key":"SkillPotion"},{"floor":39.0,"key":"LiquidBronze"},{"floor":46.0,"key":"EssenceOfSteel"}],"is_trial":false,"path_per_floor":["M","M","?","M","M","R","M","R","T","R","M","E","$","?","R","B",null,"M","M","M","?","$","E","R","M","T","R","M","E","R","$","R","B",null,"M","?","?","M","M","E","R","E","T","$","R","M","R","T","R","B"],"character_chosen":"THE_SILENT","items_purchased":["Adrenaline","Poisoned Stab","Footwork","Pear","Poisoned Stab","Prepared","Pen Nib","Quick Slash"],"campfire_rested":1,"item_purchase_floors":[13,13,22,22,31,31,44,44],"current_hp_per_floor":[62,43,37,30,36,36,39,39,39,57,59,42,42,42,42,48,59,63,59,57,57,67,46,46,51,51,51,54,57,57,57,57,44,66,72,73,73,73,65,62,62,68,68,68,68,58,58,58,58,0],"gold":48,"neow_bonus":"RANDOM_COLORLESS_2","is_prod":false,"is_daily":false,"chose_seed":false,"campfire_upgraded":8,"win_rate":0,"timestamp":1550449596,"path_taken":["M","M","?","M","M","R","?","R","T","R","M","E","?","?","R","BOSS","M","?","M","?","$","E","R","?","T","R","M","E","R","?","R","BOSS","M","?","?","M","?","E","R","E","T","$","R","M","R","?","R","BOSS"],"build_version":"2019-01-23","purchased_purges":3,"victory":false,"max_hp_per_floor":[63,63,63,63,63,63,63,63,63,63,63,63,63,63,63,63,63,63,63,63,63,73,73,73,73,73,73,73,73,73,73,73,73,73,73,73,73,73,73,73,73,73,73,73,73,73,73,73,73,73],"card_choices":[{"not_picked":["Outmaneuver","Underhanded Strike","Deflect"],"picked":"SKIP","floor":1.0},{"not_picked":["Deadly Poison","Predator"],"picked":"Terror","floor":2.0},{"not_picked":["Deflect","Underhanded Strike"],"picked":"Deadly Poison","floor":4.0},{"not_picked":["Flechettes","Masterful Stab"],"picked":"Backstab","floor":5.0},{"not_picked":["Acrobatics","Dagger Throw"],"picked":"Leg Sweep","floor":7.0},{"not_picked":["Expertise","Flying Knee"],"picked":"Deadly Poison","floor":11.0},{"not_picked":["Acrobatics","Outmaneuver","Riddle With Holes"],"picked":"SKIP","floor":12.0},{"not_picked":["Phantasmal Killer","Bullet Time"],"picked":"Corpse Explosion","floor":16.0},{"not_picked":["Eviscerate","Well Laid Plans"],"picked":"Cloak And Dagger","floor":18.0},{"not_picked":["Dodge and Roll","Terror"],"picked":"Quick Slash+1","floor":19.0},{"not_picked":["Concentrate","Sucker Punch"],"picked":"PiercingWail","floor":20.0},{"not_picked":["Choke","Outmaneuver","Heel Hook"],"picked":"SKIP","floor":23.0},{"not_picked":["Predator","Distraction"],"picked":"Blur+1","floor":25.0},{"not_picked":["Finisher","Sucker Punch+1"],"picked":"Well Laid Plans+1","floor":28.0},{"not_picked":["Escape Plan","Predator"],"picked":"Cloak And Dagger+1","floor":29.0},{"not_picked":["Envenom","Night Terror"],"picked":"Adrenaline","floor":33.0},{"not_picked":["PiercingWail","Concentrate+1","Heel Hook"],"picked":"SKIP","floor":35.0},{"not_picked":["Masterful Stab","Well Laid Plans"],"picked":"Flechettes+1","floor":36.0},{"not_picked":["PiercingWail+1","Masterful Stab"],"picked":"Blur+1","floor":38.0},{"not_picked":["Reflex","Setup","Endless Agony"],"picked":"SKIP","floor":39.0},{"not_picked":["Prepared","Finisher"],"picked":"Dagger Throw+1","floor":40.0},{"not_picked":["Dash","Choke"],"picked":"Poisoned Stab+1","floor":42.0},{"not_picked":["Slice","Acrobatics+1"],"picked":"Bane+1","floor":46.0}],"player_experience":422578,"relics_obtained":[{"floor":9.0,"key":"Bag of Preparation"},{"floor":12.0,"key":"Bag of Marbles"},{"floor":23.0,"key":"MawBank"},{"floor":26.0,"key":"War Paint"},{"floor":29.0,"key":"Regal Pillow"},{"floor":36.0,"key":"Shovel"},{"floor":40.0,"key":"Ginger"},{"floor":42.0,"key":"Snake Skull"},{"floor":47.0,"key":"Mummified Hand"},{"floor":48.0,"key":"Lantern"},{"floor":49.0,"key":"Nunchaku"}],"event_choices":[{"damage_healed":0.0,"max_hp_gain":0.0,"max_hp_loss":0.0,"gold_gain":75.0,"event_name":"FaceTrader","player_choice":"Touch","floor":3.0,"gold_loss":0.0,"damage_taken":6.0},{"damage_healed":0.0,"max_hp_gain":0.0,"max_hp_loss":0.0,"gold_gain":100.0,"event_name":"Wheel of Change","player_choice":"Gold","floor":14.0,"gold_loss":0.0,"damage_taken":0.0},{"damage_healed":0.0,"max_hp_gain":0.0,"max_hp_loss":0.0,"gold_gain":0.0,"event_name":"Accursed Blacksmith","player_choice":"Forge","floor":21.0,"gold_loss":0.0,"damage_taken":0.0,"cards_upgraded":["PiercingWail"]},{"damage_healed":0.0,"max_hp_gain":0.0,"max_hp_loss":0.0,"gold_gain":0.0,"event_name":"MindBloom","player_choice":"Fight","floor":36.0,"gold_loss":0.0,"damage_taken":0.0},{"damage_healed":0.0,"max_hp_gain":0.0,"max_hp_loss":0.0,"gold_gain":0.0,"cards_transformed":["Defend_G"],"event_name":"Transmorgrifier","player_choice":"Transformed","floor":37.0,"gold_loss":0.0,"damage_taken":0.0,"cards_obtained":["Skewer"]}],"is_beta":false,"boss_relics":[{"not_picked":["Coffee Dripper","Runic Pyramid"],"picked":"Philosopher\u0027s Stone"},{"not_picked":["Astrolabe","HoveringKite"],"picked":"White Beast Statue"}],"items_purged_floors":[13,31,44],"is_endless":false,"potions_floor_spawned":[2,4,7,11,19,20,23,35,36,38,39,40,42,46],"killed_by":"Time Eater","ascension_level":7}