{"gold_per_floor":[115,115,131,131,147,188,188,231,257,269,302,327,357,383,395,530,542,547,380,380,380,396,396,321,365,365,389,389,410,410,430,430,430],"floor_reached":33,"playtime":3134,"items_purged":["Strike_R"],"score":377,"play_id":"3996d47f-327b-4eaa-9f65-0e4ca1016f2c","local_time":"20181004214408","is_ascension_mode":true,"campfire_choices":[{"data":"Searing Blow","floor":7,"key":"SMITH"},{"data":"True Grit","floor":15,"key":"SMITH"},{"floor":23,"key":"REST"},{"floor":28,"key":"REST"},{"floor":30,"key":"REST"},{"floor":32,"key":"REST"}],"neow_cost":"","seed_source_timestamp":774037355025572,"circlet_count":0,"master_deck":["Strike_R","Strike_R","Strike_R","Strike_R","Defend_R","Defend_R","Defend_R","Defend_R","Bash","Pommel Strike","Perfected Strike","Searing Blow+1","Rage","Spot Weakness","Disarm","Feel No Pain","True Grit+1","Shrug It Off","Feed","Entrench","Havoc","Parasite","Flame Barrier","Battle Trance","Shockwave"],"relics":["Burning Blood","Golden Idol","Red Skull","Smiling Mask","MawBank","Cursed Key","Regal Pillow","Enchiridion","Potion Belt","The Courier"],"potions_floor_usage":[6,6,6,14,16,22,22,25,25],"damage_taken":[{"damage":0,"enemies":"Small Slimes","floor":1,"turns":3},{"damage":2,"enemies":"Jaw Worm","floor":3,"turns":3},{"damage":4,"enemies":"2 Louse","floor":5,"turns":3},{"damage":16,"enemies":"Lagavulin","floor":6,"turns":8},{"damage":24,"enemies":"3 Sentries","floor":8,"turns":8},{"damage":10,"enemies":"Red Slaver","floor":11,"turns":3},{"damage":19,"enemies":"Exordium Wildlife","floor":12,"turns":4},{"damage":5,"enemies":"3 Louse","floor":13,"turns":3},{"damage":5,"enemies":"Exordium Thugs","floor":14,"turns":4},{"damage":31,"enemies":"The Guardian","floor":16,"turns":14},{"damage":28,"enemies":"2 Thieves","floor":18,"turns":4},{"damage":0,"enemies":"Chosen","floor":22,"turns":3},{"damage":51,"enemies":"Slavers","floor":25,"turns":6},{"damage":21,"enemies":"Snake Plant","floor":27,"turns":6},{"damage":34,"enemies":"Shelled Parasite and Fungi","floor":29,"turns":11},{"damage":55,"enemies":"3 Cultists","floor":31,"turns":8},{"damage":75,"enemies":"Champ","floor":33,"turns":11}],"seed_played":"4429911212027160642","potions_obtained":[{"floor":3,"key":"Weak Potion"},{"floor":4,"key":"PowerPotion"},{"floor":4,"key":"SkillPotion"},{"floor":8,"key":"GamblersBrew"},{"floor":12,"key":"Explosive Potion"},{"floor":18,"key":"FearPotion"},{"floor":22,"key":"Explosive Potion"}],"is_trial":false,"path_per_floor":["M","?","M","?","M","E","R","E","T","?","M","M","M","M","R","B",null,"M","$","?","?","M","R","?","E","T","M","R","M","R","M","R"],"character_chosen":"IRONCLAD","items_purchased":["Block Potion","Ancient Potion"],"campfire_rested":4,"item_purchase_floors":[19,19],"current_hp_per_floor":[78,58,62,62,64,54,54,36,36,62,58,45,46,47,47,22,66,44,44,44,28,34,73,73,28,28,13,52,24,63,17,56,0],"gold":430,"neow_bonus":"","is_prod":false,"is_daily":false,"chose_seed":false,"campfire_upgraded":2,"win_rate":0,"timestamp":1538714648,"path_taken":["M","?","M","?","M","E","R","E","T","?","?","M","M","?","R","BOSS","M","?","?","?","M","R","?","E","T","?","R","M","R","?","R","BOSS"],"build_version":"2018-10-04","purchased_purges":1,"victory":false,"max_hp_per_floor":[80,80,80,80,80,80,80,80,80,80,80,80,80,80,80,80,80,80,80,80,80,80,80,80,80,80,80,80,80,80,83,83,83],"card_choices":[{"not_picked":["Body Slam","Thunderclap"],"picked":"Pommel Strike","floor":1},{"not_picked":["True Grit","Body Slam"],"picked":"Perfected Strike","floor":3},{"not_picked":["Rage","Heavy Blade"],"picked":"Searing Blow","floor":5},{"not_picked":["Flex","Searing Blow"],"picked":"Rage","floor":6},{"not_picked":["Pommel Strike","Immolate"],"picked":"Spot Weakness","floor":8},{"not_picked":["Hemokinesis","Thunderclap"],"picked":"Disarm","floor":11},{"not_picked":["Twin Strike","Anger"],"picked":"Feel No Pain","floor":12},{"not_picked":["Metallicize","Shockwave"],"picked":"True Grit","floor":13},{"not_picked":["Warcry","Sever Soul"],"picked":"Shrug It Off","floor":14},{"not_picked":["Immolate","Barricade"],"picked":"Feed","floor":16},{"not_picked":["True Grit","Whirlwind+1"],"picked":"Entrench","floor":18},{"not_picked":["Sentinel","Rampage"],"picked":"Havoc","floor":22},{"not_picked":["Juggernaut","Dual Wield","Perfected Strike"],"picked":"SKIP","floor":25},{"not_picked":["Feel No Pain","Warcry+1"],"picked":"Flame Barrier","floor":27},{"not_picked":["Clothesline","Flame Barrier"],"picked":"Battle Trance","floor":29},{"not_picked":["Bloodletting","Searing Blow"],"picked":"Shockwave","floor":31}],"player_experience":306803,"relics_obtained":[{"floor":6,"key":"Red Skull"},{"floor":8,"key":"Smiling Mask"},{"floor":9,"key":"MawBank"},{"floor":21,"key":"Enchiridion"},{"floor":25,"key":"Potion Belt"},{"floor":26,"key":"The Courier"}],"event_choices":[{"event_name":"Golden Idol","player_choice":"Take Damage","floor":2,"damage_taken":0},{"event_name":"The Lab","player_choice":"Got Potions","floor":4,"damage_taken":0},{"event_name":"Big Fish","player_choice":"Banana","floor":10,"damage_taken":0},{"event_name":"The Mausoleum","player_choice":"Yes","floor":20,"damage_taken":0},{"event_name":"Cursed Tome","player_choice":"Obtained Book","floor":21,"damage_taken":0},{"event_name":"Beggar","player_choice":"Gave Gold","floor":24,"damage_taken":0}],"is_beta":false,"boss_relics":[{"not_picked":["Black Star","Runic Dome"],"picked":"Cursed Key"}],"items_purged_floors":[19],"is_endless":false,"potions_floor_spawned":[3,5,8,12,18,22],"killed_by":"Champ","ascension_level":7}