{"gold_per_floor":[118,118,130,142,160,188,188,202,229,239,252,252,267,292,292,391,391,411,34,44,54,54,54,54,54,79,79,94,94,114,129,129,129],"floor_reached":33,"playtime":3434,"items_purged":[],"score":288,"play_id":"5c76fa70-b447-4bef-a4cd-4b6b64dfb007","local_time":"20190221035647","is_ascension_mode":false,"campfire_choices":[{"data":"Seeing Red","floor":7,"key":"SMITH"},{"floor":12,"key":"REST"},{"floor":15,"key":"REST"},{"floor":23,"key":"REST"},{"floor":25,"key":"REST"},{"floor":27,"key":"REST"},{"data":"Double Tap","floor":29,"key":"SMITH"},{"floor":32,"key":"REST"}],"neow_cost":"NONE","seed_source_timestamp":322804311003924,"circlet_count":0,"master_deck":["Strike_R","Strike_R","Strike_R","Defend_R","Defend_R","Defend_R","Defend_R","Warcry","Anger","Iron Wave","Shrug It Off","Armaments","Thunderclap","Headbutt","Seeing Red+1","Heavy Blade","Double Tap+1","Cleave","Rage","Iron Wave","Impervious","Carnage","Bludgeon","Impervious+1","Sever Soul+1","Rupture+1","Sword Boomerang","Body Slam","Infernal Blade+1","Cleave","Blood for Blood+1","RitualDagger","Dropkick","Shockwave","Juggernaut","Perfected Strike","Uppercut","Flame Barrier"],"relics":["Orrery","Pantograph","Omamori","Dream Catcher","Astrolabe","Red Skull","Toolbox","Necronomicon","Bronze Scales"],"potions_floor_usage":[],"damage_taken":[{"damage":6,"enemies":"2 Louse","floor":1,"turns":3},{"damage":1,"enemies":"Cultist","floor":3,"turns":4},{"damage":0,"enemies":"Jaw Worm","floor":4,"turns":5},{"damage":5,"enemies":"3 Louse","floor":5,"turns":4},{"damage":39,"enemies":"Lagavulin","floor":6,"turns":8},{"damage":0,"enemies":"Blue Slaver","floor":8,"turns":3},{"damage":16,"enemies":"Lots of Slimes","floor":10,"turns":5},{"damage":0,"enemies":"3 Louse","floor":11,"turns":1},{"damage":0,"enemies":"Looter","floor":13,"turns":3},{"damage":5,"enemies":"3 Sentries","floor":14,"turns":6},{"damage":65,"enemies":"Slime Boss","floor":16,"turns":13},{"damage":38,"enemies":"3 Byrds","floor":18,"turns":7},{"damage":10,"enemies":"Chosen","floor":20,"turns":3},{"damage":6,"enemies":"Centurion and Healer","floor":21,"turns":4},{"damage":8,"enemies":"3 Cultists","floor":28,"turns":5},{"damage":3,"enemies":"Snecko","floor":30,"turns":4},{"damage":17,"enemies":"Sentry and Sphere","floor":31,"turns":4},{"damage":85,"enemies":"Automaton","floor":33,"turns":6}],"seed_played":"-7970159972576306230","potions_obtained":[{"floor":3,"key":"SteroidPotion"},{"floor":6,"key":"FearPotion"},{"floor":8,"key":"Regen Potion"},{"floor":10,"key":"Ancient Potion"},{"floor":14,"key":"Strength Potion"},{"floor":21,"key":"Fire Potion"}],"is_trial":false,"path_per_floor":["M","?","M","M","M","E","R","M","T","M","M","R","M","E","R","B",null,"M","$","M","M","?","R","?","R","T","R","M","R","M","M","R","B"],"character_chosen":"IRONCLAD","items_purchased":["Red Skull","Toolbox","Body Slam"],"campfire_rested":6,"item_purchase_floors":[19,19,19],"current_hp_per_floor":[74,80,79,79,74,35,35,35,35,19,19,43,43,38,62,15,80,42,42,32,26,10,34,28,52,52,76,68,68,65,48,72,0],"gold":129,"neow_bonus":"BOSS_RELIC","is_prod":false,"is_daily":false,"chose_seed":false,"campfire_upgraded":2,"win_rate":0.0,"timestamp":1550692607,"path_taken":["M","?","?","M","M","E","R","M","T","M","M","R","M","E","R","BOSS","M","$","M","M","?","R","?","R","T","R","M","R","M","M","R","BOSS"],"build_version":"2019-01-23","purchased_purges":0,"victory":false,"max_hp_per_floor":[80,80,80,80,80,80,80,80,80,80,80,80,80,80,80,80,80,80,80,80,80,80,80,80,80,80,80,80,80,80,80,80,80],"card_choices":[{"not_picked":["Clothesline","True Grit"],"picked":"Warcry","floor":0},{"not_picked":["Whirlwind","Dual Wield"],"picked":"Anger","floor":0},{"not_picked":["True Grit","Fire Breathing"],"picked":"Shockwave","floor":0},{"not_picked":["Twin Strike","Body Slam"],"picked":"Iron Wave","floor":0},{"not_picked":["Iron Wave","Clash"],"picked":"Shrug It Off","floor":0},{"not_picked":["Power Through","Reaper"],"picked":"Armaments","floor":1},{"not_picked":["Flex","Fire Breathing"],"picked":"Thunderclap","floor":3},{"not_picked":["Warcry","Clothesline"],"picked":"Headbutt","floor":4},{"not_picked":["Pommel Strike","Perfected Strike"],"picked":"Seeing Red","floor":5},{"not_picked":["Clothesline","Twin Strike"],"picked":"Heavy Blade","floor":6},{"not_picked":["Uppercut","Flame Barrier"],"picked":"Double Tap","floor":8},{"not_picked":["Heavy Blade","Power Through"],"picked":"Cleave","floor":10},{"not_picked":["Sword Boomerang","Warcry"],"picked":"Rage","floor":11},{"not_picked":["Heavy Blade","Cleave"],"picked":"Iron Wave","floor":13},{"not_picked":["Feel No Pain","Thunderclap"],"picked":"Impervious","floor":14},{"not_picked":["Thunderclap","Pommel Strike"],"picked":"Carnage","floor":15},{"not_picked":["Offering","Reaper"],"picked":"Bludgeon","floor":16},{"not_picked":["Clash","Headbutt"],"picked":"Sword Boomerang","floor":18},{"not_picked":["Flame Barrier","Intimidate"],"picked":"Infernal Blade+1","floor":20},{"not_picked":["Clash","Feel No Pain"],"picked":"Cleave","floor":21},{"not_picked":["Iron Wave","Body Slam+1"],"picked":"Blood for Blood+1","floor":23},{"not_picked":["Rampage","Clothesline+1"],"picked":"Dropkick","floor":25},{"not_picked":["Warcry","Armaments"],"picked":"Shockwave","floor":27},{"not_picked":["Intimidate+1","Thunderclap"],"picked":"Juggernaut","floor":28},{"not_picked":["Iron Wave","Cleave"],"picked":"Perfected Strike","floor":30},{"not_picked":["Feel No Pain","Burning Pact"],"picked":"Uppercut","floor":31},{"not_picked":["True Grit","Feel No Pain"],"picked":"Flame Barrier","floor":32}],"player_experience":12026,"relics_obtained":[{"floor":6,"key":"Pantograph"},{"floor":9,"key":"Omamori"},{"floor":14,"key":"Dream Catcher"},{"floor":22,"key":"Necronomicon"},{"floor":26,"key":"Bronze Scales"}],"event_choices":[{"cards_removed":["Shockwave"],"damage_healed":6,"gold_gain":0,"player_choice":"Offered Uncommon","damage_taken":0,"max_hp_gain":0,"max_hp_loss":0,"event_name":"Bonfire Elementals","floor":2,"gold_loss":0},{"damage_healed":0,"gold_gain":0,"player_choice":"Obtained Book","damage_taken":16,"max_hp_gain":0,"max_hp_loss":0,"event_name":"Cursed Tome","floor":22,"gold_loss":0},{"damage_healed":0,"gold_gain":0,"player_choice":"Joined the Cult","damage_taken":6,"max_hp_gain":0,"max_hp_loss":0,"event_name":"Nest","floor":24,"gold_loss":0,"cards_obtained":["RitualDagger"]}],"is_beta":false,"boss_relics":[{"not_picked":["Lizard Tail","Tiny House"],"picked":"Astrolabe"}],"items_purged_floors":[],"is_endless":false,"potions_floor_spawned":[3,6,8,10,14,21,31],"killed_by":"Automaton","ascension_level":0}