{"gold_per_floor":[116,131,56,70,70,70,84,84,84,102,136,195,209,270,270,346,346,362,412,17,17,30,30,30],"floor_reached":24,"playtime":1826,"items_purged":["Strike_R"],"score":391,"play_id":"cc11aee0-fdd4-4322-89fd-b28f0077d993","local_time":"20181226154508","is_ascension_mode":true,"campfire_choices":[{"data":"Flame Barrier","floor":6.0,"key":"SMITH"},{"data":"True Grit","floor":15.0,"key":"SMITH"},{"data":"Limit Break","floor":23.0,"key":"SMITH"}],"neow_cost":"NONE","seed_source_timestamp":442039507403844,"circlet_count":0,"master_deck":["AscendersBane","Strike_R","Strike_R","Strike_R","Strike_R","Defend_R","Defend_R","Defend_R","Defend_R","Bash+1","Carnage","Flame Barrier+1","Inflame+1","Heavy Blade","Ghostly Armor","True Grit+1","Impervious","Shrug It Off","Limit Break+1","Metallicize","Shame","Sword Boomerang+1"],"special_seed":0,"relics":["Burning Blood","Shuriken","Potion Belt","Ornamental Fan","Tiny Chest","Philosopher\u0027s Stone","ClockworkSouvenir","PreservedInsect","Blood Vial"],"potions_floor_usage":[24],"damage_taken":[{"damage":4.0,"enemies":"Small Slimes","floor":1.0,"turns":5.0},{"damage":9.0,"enemies":"Jaw Worm","floor":2.0,"turns":4.0},{"damage":0.0,"enemies":"2 Louse","floor":4.0,"turns":2.0},{"damage":6.0,"enemies":"Looter","floor":7.0,"turns":3.0},{"damage":13.0,"enemies":"Large Slime","floor":10.0,"turns":6.0},{"damage":8.0,"enemies":"Gremlin Nob","floor":11.0,"turns":3.0},{"damage":23.0,"enemies":"Lagavulin Event","floor":12.0,"turns":5.0},{"damage":4.0,"enemies":"Blue Slaver","floor":13.0,"turns":4.0},{"damage":30.0,"enemies":"Lagavulin","floor":14.0,"turns":7.0},{"damage":15.0,"enemies":"Hexaghost","floor":16.0,"turns":11.0},{"damage":10.0,"enemies":"3 Byrds","floor":18.0,"turns":5.0},{"damage":8.0,"enemies":"Chosen","floor":22.0,"turns":7.0},{"damage":65,"enemies":"Book of Stabbing","floor":24,"turns":5}],"seed_played":"-5761824358417805833","potions_obtained":[{"floor":2.0,"key":"SteroidPotion"},{"floor":10.0,"key":"SteroidPotion"},{"floor":11.0,"key":"Explosive Potion"},{"floor":12.0,"key":"Dexterity Potion"},{"floor":13.0,"key":"Block Potion"},{"floor":16.0,"key":"GamblersBrew"}],"is_trial":false,"path_per_floor":["M","M","$","M","?","R","M","?","T","M","E","?","M","E","R","B",null,"M","?","$","?","M","R","E"],"character_chosen":"IRONCLAD","items_purchased":["ClockworkSouvenir","PreservedInsect"],"campfire_rested":0,"item_purchase_floors":[20,20],"current_hp_per_floor":[70,67,67,73,73,73,73,73,73,66,64,47,49,25,25,16,60,56,56,56,56,56,56,0],"gold":30,"neow_bonus":"UPGRADE_CARD","is_prod":false,"is_daily":false,"chose_seed":false,"campfire_upgraded":3,"win_rate":0,"timestamp":1545835508,"path_taken":["M","M","$","M","?","R","M","?","T","M","E","?","M","E","R","BOSS","M","?","$","?","M","R","E"],"build_version":"2018-12-20","purchased_purges":1,"victory":false,"max_hp_per_floor":[75,75,75,75,75,75,75,75,75,75,75,75,75,75,75,75,75,75,75,75,75,75,75,75],"card_choices":[{"not_picked":["Clothesline","Warcry"],"picked":"Carnage","floor":1.0},{"not_picked":["Searing Blow","Headbutt"],"picked":"Flame Barrier","floor":2.0},{"not_picked":["Sentinel","Corruption"],"picked":"Inflame","floor":4.0},{"not_picked":["Wild Strike","Shockwave"],"picked":"Heavy Blade","floor":7.0},{"not_picked":["Perfected Strike","Second Wind","Havoc"],"picked":"SKIP","floor":10.0},{"not_picked":["Armaments","Anger"],"picked":"Ghostly Armor","floor":11.0},{"not_picked":["Body Slam","Clash"],"picked":"True Grit","floor":12.0},{"not_picked":["Clash","Twin Strike"],"picked":"Impervious","floor":13.0},{"not_picked":["Clash","Flame Barrier"],"picked":"Shrug It Off","floor":14.0},{"not_picked":["Demon Form","Impervious"],"picked":"Limit Break","floor":16.0},{"not_picked":["Body Slam","Headbutt"],"picked":"Metallicize","floor":18.0},{"not_picked":["Cleave","Reckless Charge"],"picked":"Sword Boomerang+1","floor":22.0}],"player_experience":790780,"relics_obtained":[{"floor":9.0,"key":"Shuriken"},{"floor":11.0,"key":"Potion Belt"},{"floor":12.0,"key":"Ornamental Fan"},{"floor":14.0,"key":"Tiny Chest"}],"event_choices":[{"damage_healed":0.0,"max_hp_gain":0.0,"max_hp_loss":0.0,"gold_gain":0.0,"event_name":"Living Wall","player_choice":"Grow","floor":5.0,"gold_loss":0.0,"damage_taken":0.0,"cards_upgraded":["Inflame"]},{"damage_healed":0.0,"max_hp_gain":0.0,"max_hp_loss":0.0,"gold_gain":0.0,"event_name":"Liars Game","player_choice":"Ignored","floor":8.0,"gold_loss":0.0,"damage_taken":0.0},{"damage_healed":0.0,"max_hp_gain":0.0,"max_hp_loss":0.0,"gold_gain":0.0,"event_name":"Dead Adventurer","player_choice":"Searched \u00271\u0027 times","floor":12.0,"gold_loss":0.0,"damage_taken":0.0},{"damage_healed":0.0,"max_hp_gain":0.0,"max_hp_loss":0.0,"gold_gain":50.0,"event_name":"Nest","player_choice":"Stole From Cult","floor":19.0,"gold_loss":0.0,"damage_taken":0.0},{"damage_healed":0.0,"max_hp_gain":0.0,"max_hp_loss":0.0,"gold_gain":0.0,"event_name":"Addict","player_choice":"Stole Relic","floor":21.0,"gold_loss":0.0,"damage_taken":0.0,"relics_obtained":["Blood Vial"],"cards_obtained":["Shame"]}],"is_beta":false,"boss_relics":[{"not_picked":["Runic Cube","Runic Pyramid"],"picked":"Philosopher\u0027s Stone"}],"items_purged_floors":[3],"is_endless":false,"potions_floor_spawned":[2,10,11,12,13,16],"killed_by":"Book of Stabbing","ascension_level":18}