{"gold_per_floor":[111,123,143,143,160,160,178,37,88,99,24,24,24,40,40,40],"floor_reached":16,"playtime":1536,"items_purged":[],"score":118,"play_id":"8c0587cf-7e12-4ca9-83bc-04da9c0d6c87","local_time":"20190212151101","is_ascension_mode":true,"campfire_choices":[{"data":"Dodge and Roll","floor":6,"key":"SMITH"},{"floor":12,"key":"REST"},{"data":"Blur","floor":15,"key":"SMITH"}],"neow_cost":"NONE","seed_source_timestamp":927617472010967,"circlet_count":0,"master_deck":["Defend_G","Defend_G","Defend_G","Defend_G","Defend_G","Strike_G","Strike_G","Strike_G","Strike_G","Strike_G","Survivor","Neutralize+1","Well Laid Plans","Backflip","Dodge and Roll+1","Dodge and Roll","Quick Slash","A Thousand Cuts+1","Crippling Poison","Blur+1"],"relics":["Ring of the Snake","Centennial Puzzle"],"potions_floor_usage":[16],"damage_taken":[{"damage":0,"enemies":"Jaw Worm","floor":1,"turns":4},{"damage":3,"enemies":"Cultist","floor":2,"turns":4},{"damage":0,"enemies":"Small Slimes","floor":3,"turns":4},{"damage":16,"enemies":"Exordium Thugs","floor":5,"turns":11},{"damage":21,"enemies":"Gremlin Gang","floor":7,"turns":8},{"damage":10,"enemies":"Lots of Slimes","floor":10,"turns":7},{"damage":0,"enemies":"Looter","floor":14,"turns":4},{"damage":51,"enemies":"Slime Boss","floor":16,"turns":9}],"seed_played":"-1514011644926979997","potions_obtained":[{"floor":5,"key":"PowerPotion"},{"floor":7,"key":"LiquidBronze"}],"is_trial":false,"path_per_floor":["M","M","M","?","M","R","M","$","T","M","$","R","?","M","R","B"],"character_chosen":"THE_SILENT","items_purchased":["A Thousand Cuts","Blur"],"campfire_rested":1,"item_purchase_floors":[8,11],"current_hp_per_floor":[77,74,74,74,58,58,37,37,37,27,27,50,50,50,50,0],"gold":40,"neow_bonus":"TEN_PERCENT_HP_BONUS","is_prod":false,"is_daily":false,"chose_seed":false,"campfire_upgraded":2,"win_rate":0,"timestamp":1549980661,"path_taken":["M","M","M","?","?","R","M","$","T","M","?","R","?","M","R","BOSS"],"build_version":"2019-01-23","purchased_purges":0,"victory":false,"max_hp_per_floor":[77,77,77,77,77,77,77,77,77,77,77,77,77,77,77,77],"card_choices":[{"not_picked":["PiercingWail","Backflip"],"picked":"Well Laid Plans","floor":1},{"not_picked":["Quick Slash","Outmaneuver"],"picked":"Backflip","floor":2},{"not_picked":["Poisoned Stab","Infinite Blades"],"picked":"Dodge and Roll","floor":3},{"not_picked":["Concentrate","Acrobatics"],"picked":"Dodge and Roll","floor":5},{"not_picked":["PiercingWail","Expertise"],"picked":"Quick Slash","floor":7},{"not_picked":["Accuracy","Heel Hook"],"picked":"Crippling Poison","floor":10},{"not_picked":["Endless Agony","Slice","PiercingWail"],"picked":"SKIP","floor":14}],"player_experience":378152,"relics_obtained":[{"floor":9,"key":"Centennial Puzzle"}],"event_choices":[{"damage_healed":0,"gold_gain":0,"player_choice":"Forge","damage_taken":0,"max_hp_gain":0,"max_hp_loss":0,"event_name":"Accursed Blacksmith","floor":4,"gold_loss":0,"cards_upgraded":["Neutralize"]},{"damage_healed":0,"gold_gain":0,"player_choice":"Upgraded","damage_taken":0,"max_hp_gain":0,"max_hp_loss":0,"event_name":"Upgrade Shrine","floor":13,"gold_loss":0,"cards_upgraded":["A Thousand Cuts"]}],"is_beta":false,"boss_relics":[],"items_purged_floors":[],"is_endless":false,"potions_floor_spawned":[5,7],"killed_by":"Slime Boss","ascension_level":5}