{"gold_per_floor":[110,125,12,12,12,12,35,79,79,79],"floor_reached":10,"playtime":298,"items_purged":[],"score":132,"play_id":"50537c86-048c-4f41-8a52-e662f7bf33d9","local_time":"20190129200459","is_ascension_mode":true,"campfire_choices":[{"data":"Noxious Fumes","floor":6,"key":"SMITH"}],"neow_cost":"NONE","seed_source_timestamp":0,"circlet_count":0,"master_deck":["AscendersBane","Defend_G","Defend_G","Defend_G","Defend_G","Defend_G","Strike_G","Strike_G","Strike_G","Strike_G","Strike_G","Survivor","Neutralize","Predator","Sucker Punch","Noxious Fumes+1","PiercingWail","Slice","Slice"],"special_seed":0,"relics":["Ring of the Snake","Happy Flower","Golden Idol","Kunai","Mummified Hand","Smiling Mask"],"potions_floor_usage":[],"damage_taken":[{"damage":3.0,"enemies":"2 Louse","floor":1.0,"turns":3.0},{"damage":12.0,"enemies":"Small Slimes","floor":2.0,"turns":5.0},{"damage":0,"enemies":"Cultist","floor":7,"turns":3},{"damage":29,"enemies":"3 Sentries","floor":8,"turns":8},{"damage":27,"enemies":"Gremlin Nob","floor":10,"turns":3}],"seed_played":"843027205824158735","potions_obtained":[{"floor":2.0,"key":"Poison Potion"}],"is_trial":false,"path_per_floor":["M","M","$","?","?","R","M","E","T","E"],"character_chosen":"THE_SILENT","items_purchased":["Noxious Fumes","PiercingWail"],"campfire_rested":0,"item_purchase_floors":[3,3],"current_hp_per_floor":[56,44,44,44,44,44,44,15,15,0],"gold":79,"neow_bonus":"RANDOM_COMMON_RELIC","is_prod":false,"is_daily":false,"chose_seed":false,"campfire_upgraded":1,"win_rate":0,"timestamp":1548788699,"path_taken":["M","M","$","?","?","R","M","E","T","E"],"build_version":"2019-01-23","purchased_purges":0,"victory":false,"max_hp_per_floor":[66,66,66,60,60,60,60,60,60,60],"card_choices":[{"not_picked":["Slice","Footwork"],"picked":"Predator","floor":1.0},{"not_picked":["Underhanded Strike","Heel Hook"],"picked":"Sucker Punch","floor":2.0},{"not_picked":["Underhanded Strike","All Out Attack"],"picked":"Slice","floor":7},{"not_picked":["Choke","Setup"],"picked":"Slice","floor":8}],"player_experience":943456,"relics_obtained":[{"floor":8,"key":"Mummified Hand"},{"floor":9,"key":"Smiling Mask"}],"event_choices":[{"damage_healed":0,"gold_gain":0,"player_choice":"Lose Max HP","damage_taken":0,"relics_obtained":["Golden Idol"],"max_hp_gain":0,"max_hp_loss":6,"event_name":"Golden Idol","floor":4,"gold_loss":0},{"damage_healed":0,"gold_gain":0,"player_choice":"Gave Potion","damage_taken":0,"relics_obtained":["Kunai"],"max_hp_gain":0,"max_hp_loss":0,"event_name":"WeMeetAgain","floor":5,"gold_loss":0}],"is_beta":false,"boss_relics":[],"items_purged_floors":[],"is_endless":false,"potions_floor_spawned":[2],"killed_by":"Gremlin Nob","ascension_level":20}