{"gold_per_floor":[117,117,136,151,14,41,41,72,72,72,84,84,84,94,94,168,168,149,17,17,17,31,31,31,43,43,43,58,86,100,100,100,100],"floor_reached":33,"playtime":1775,"items_purged":["Strike_R"],"score":495,"play_id":"7924355a-91ab-438b-bfa8-89fafcd04917","local_time":"20190202102249","is_ascension_mode":true,"campfire_choices":[{"data":"Havoc","floor":7,"key":"SMITH"},{"floor":12,"key":"REST"},{"data":"Bash","floor":15,"key":"SMITH"},{"floor":23,"key":"REST"},{"floor":27,"key":"REST"},{"floor":32,"key":"REST"}],"neow_cost":"NONE","seed_source_timestamp":382969854788239,"circlet_count":0,"master_deck":["AscendersBane","Strike_R","Strike_R","Defend_R","Defend_R","Defend_R","Defend_R","Bash+1","Demon Form","Havoc+1","Clothesline","Pommel Strike","Feel No Pain","Disarm","Limit Break+1","Dual Wield","Immolate","Disarm","Shrug It Off","Battle Trance","Warcry","True Grit","Disarm","Demon Form"],"relics":["Burning Blood","Happy Flower","Self Forming Clay","Ancient Tea Set","Fusion Hammer","Enchiridion","Singing Bowl","Blue Candle"],"potions_floor_usage":[8,11,16,18,29,30],"damage_taken":[{"damage":19,"enemies":"Jaw Worm","floor":1,"turns":5},{"damage":1,"enemies":"Cultist","floor":3,"turns":3},{"damage":3,"enemies":"2 Louse","floor":4,"turns":3},{"damage":20,"enemies":"Lagavulin","floor":6,"turns":7},{"damage":38,"enemies":"3 Sentries","floor":8,"turns":14},{"damage":13,"enemies":"Exordium Wildlife","floor":11,"turns":5},{"damage":5,"enemies":"Blue Slaver","floor":14,"turns":4},{"damage":26,"enemies":"The Guardian","floor":16,"turns":11},{"damage":13,"enemies":"2 Thieves","floor":18,"turns":4},{"damage":35,"enemies":"Spheric Guardian","floor":22,"turns":6},{"damage":0,"enemies":"Snecko","floor":25,"turns":4},{"damage":9,"enemies":"Centurion and Healer","floor":28,"turns":7},{"damage":10,"enemies":"Book of Stabbing","floor":29,"turns":5},{"damage":30,"enemies":"Sentry and Sphere","floor":30,"turns":6},{"damage":50,"enemies":"Champ","floor":33,"turns":10}],"seed_played":"-5790365557648286944","potions_obtained":[{"floor":6,"key":"Dexterity Potion"},{"floor":8,"key":"Fruit Juice"},{"floor":11,"key":"Energy Potion"},{"floor":16,"key":"GamblersBrew"},{"floor":25,"key":"AttackPotion"},{"floor":29,"key":"Strength Potion"}],"is_trial":false,"path_per_floor":["M","?","M","M","$","E","R","E","T","?","M","R","?","M","R","B",null,"M","$","?","?","M","R","?","M","T","R","M","E","M","?","R","B"],"character_chosen":"IRONCLAD","items_purchased":["Feel No Pain","AttackPotion","Shrug It Off"],"campfire_rested":4,"item_purchase_floors":[5,5,19],"current_hp_per_floor":[55,55,60,63,63,49,49,22,22,22,15,39,39,40,40,20,65,58,58,58,37,8,32,20,26,26,50,47,43,21,21,45,0],"gold":100,"neow_bonus":"ONE_RANDOM_RARE_CARD","is_prod":false,"is_daily":false,"chose_seed":false,"campfire_upgraded":2,"win_rate":0,"timestamp":1549131769,"path_taken":["M","?","M","?","$","E","R","E","T","?","?","R","?","M","R","BOSS","M","$","?","?","M","R","?","M","T","R","?","E","M","?","R","BOSS"],"build_version":"2019-01-23","purchased_purges":1,"victory":false,"max_hp_per_floor":[75,75,75,75,75,75,75,80,80,80,80,80,80,80,80,80,80,80,80,80,80,80,80,80,80,80,80,80,80,82,82,82,82],"card_choices":[{"not_picked":["Pommel Strike","Clash"],"picked":"Havoc","floor":1},{"not_picked":["Inflame","Havoc"],"picked":"Clothesline","floor":3},{"not_picked":["Spot Weakness","Burning Pact"],"picked":"Pommel Strike","floor":4},{"not_picked":["Body Slam","Armaments"],"picked":"Disarm","floor":6},{"not_picked":["Dropkick","Body Slam"],"picked":"Limit Break","floor":8},{"not_picked":["Body Slam","Anger","Rupture"],"picked":"SKIP","floor":11},{"not_picked":["Cleave","Perfected Strike"],"picked":"Dual Wield","floor":14},{"not_picked":["Barricade","Bludgeon"],"picked":"Immolate","floor":16},{"not_picked":["True Grit","Iron Wave"],"picked":"Disarm","floor":18},{"not_picked":["Metallicize","Evolve"],"picked":"Battle Trance","floor":22},{"not_picked":["Corruption","Iron Wave"],"picked":"Warcry","floor":25},{"not_picked":["Clash","Sentinel"],"picked":"True Grit","floor":28},{"not_picked":["Sword Boomerang+1","Corruption"],"picked":"Disarm","floor":29},{"not_picked":["Reckless Charge","Ghostly Armor","Clothesline"],"picked":"Singing Bowl","floor":30}],"player_experience":524560,"relics_obtained":[{"floor":6,"key":"Happy Flower"},{"floor":8,"key":"Self Forming Clay"},{"floor":9,"key":"Ancient Tea Set"},{"floor":21,"key":"Enchiridion"},{"floor":26,"key":"Singing Bowl"},{"floor":29,"key":"Blue Candle"}],"event_choices":[{"cards_removed":["Strike_R"],"damage_healed":0,"gold_gain":0,"player_choice":"Offered Basic","damage_taken":0,"max_hp_gain":0,"max_hp_loss":0,"event_name":"Bonfire Elementals","floor":2,"gold_loss":0},{"damage_healed":0,"gold_gain":0,"player_choice":"Forge","damage_taken":0,"max_hp_gain":0,"max_hp_loss":0,"event_name":"Accursed Blacksmith","floor":10,"gold_loss":0,"cards_upgraded":["Limit Break"]},{"damage_healed":0,"gold_gain":0,"player_choice":"Ignored","damage_taken":0,"max_hp_gain":0,"max_hp_loss":0,"event_name":"Shining Light","floor":13,"gold_loss":0},{"damage_healed":0,"gold_gain":0,"player_choice":"Obtained Book","damage_taken":21,"max_hp_gain":0,"max_hp_loss":0,"event_name":"Cursed Tome","floor":21,"gold_loss":0},{"damage_healed":0,"gold_gain":0,"player_choice":"Damaged","damage_taken":12,"max_hp_gain":0,"max_hp_loss":0,"event_name":"Wheel of Change","floor":24,"gold_loss":0},{"damage_healed":0,"gold_gain":0,"cards_transformed":["Strike_R"],"player_choice":"Transformed","damage_taken":0,"max_hp_gain":0,"max_hp_loss":0,"event_name":"Transmorgrifier","floor":31,"gold_loss":0,"cards_obtained":["Demon Form"]}],"is_beta":false,"boss_relics":[{"not_picked":["Runic Dome","Black Star"],"picked":"Fusion Hammer"}],"items_purged_floors":[19],"is_endless":false,"potions_floor_spawned":[6,8,11,16,25,29],"killed_by":"Champ","ascension_level":16}