{"gold_per_floor":[17,30,30,48,48,48,48,48,129,11,11,47,47,70,70,200,200,216,216,0,15,15,15,15],"floor_reached":24,"playtime":743,"items_purged":["Defend_B","Strike_B"],"score":259,"play_id":"6ae9d482-7eb8-49c4-8273-928e98589fab","local_time":"20180913174356","is_ascension_mode":true,"campfire_choices":[{"data":"Zap","floor":6,"key":"SMITH"},{"data":"Dualcast","floor":8,"key":"SMITH"},{"floor":13,"key":"REST"},{"data":"Gash","floor":15,"key":"SMITH"},{"data":"Panacea","floor":23,"key":"SMITH"}],"neow_cost":"NO_GOLD","seed_source_timestamp":2314271619737,"circlet_count":0,"master_deck":["Strike_B","Defend_B","Defend_B","Zap+1","Dualcast+1","Sweeping Beam","Gash+1","Conserve Battery","Leap","Self Repair","Seek","Panacea+1","Melter"],"relics":["Cracked Core","Golden Idol","The Courier","Kunai","Singing Bowl","White Beast Statue"],"potions_floor_usage":[16,18,21,24,24],"damage_taken":[{"damage":0,"enemies":"2 Louse","floor":1,"turns":2},{"damage":11,"enemies":"Small Slimes","floor":2,"turns":4},{"damage":2,"enemies":"Jaw Worm","floor":4,"turns":5},{"damage":25,"enemies":"Gremlin Nob","floor":12,"turns":4},{"damage":6,"enemies":"Looter","floor":14,"turns":3},{"damage":28,"enemies":"Hexaghost","floor":16,"turns":12},{"damage":12,"enemies":"Spheric Guardian","floor":18,"turns":5},{"damage":9,"enemies":"Shell Parasite","floor":21,"turns":5},{"damage":96,"enemies":"Gremlin Leader","floor":24,"turns":9}],"seed_played":"-7194138024321961616","potions_obtained":[{"floor":12,"key":"Ancient Potion"},{"floor":14,"key":"GamblersBrew"},{"floor":16,"key":"FearPotion"},{"floor":18,"key":"Block Potion"},{"floor":21,"key":"Regen Potion"}],"is_trial":false,"path_per_floor":["M","M","?","M","$","R","?","R","T","$","T","E","R","M","R","B",null,"M","?","$","M","?","R"],"character_chosen":"DEFECT","items_purchased":["Conserve Battery","Leap","Panacea","Melter"],"campfire_rested":1,"item_purchase_floors":[10,10,20,20],"current_hp_per_floor":[68,57,50,48,48,48,48,48,48,48,48,25,46,40,40,19,58,55,48,48,48,75,75,0],"gold":15,"neow_bonus":"REMOVE_TWO","is_prod":false,"is_daily":false,"chose_seed":false,"campfire_upgraded":4,"win_rate":0,"timestamp":1536853436,"path_taken":["M","M","?","M","$","R","?","R","T","$","?","E","R","M","R","BOSS","M","?","$","M","?","R","E"],"build_version":"2018-09-06","purchased_purges":2,"victory":false,"max_hp_per_floor":[75,75,75,75,75,75,69,69,69,69,69,71,71,71,71,71,71,73,73,73,75,75,75,75],"card_choices":[{"not_picked":["Streamline","Redo"],"picked":"Sweeping Beam","floor":1},{"not_picked":["Heatsinks","Recycle","Compile Driver"],"picked":"SKIP","floor":2},{"not_picked":["Compile Driver","Double Energy"],"picked":"Gash","floor":4},{"not_picked":["Chaos","Cold Snap","Darkness"],"picked":"Singing Bowl","floor":12},{"not_picked":["Steam","Cold Snap"],"picked":"Self Repair","floor":14},{"not_picked":["Thunder Strike","Electrodynamics"],"picked":"Seek","floor":16},{"not_picked":["Aggregate+1","Compile Driver","Turbo"],"picked":"Singing Bowl","floor":18},{"not_picked":["Sunder","Ball Lightning","Doom and Gloom+1"],"picked":"Singing Bowl","floor":21}],"player_experience":413040,"relics_obtained":[{"floor":9,"key":"The Courier"},{"floor":11,"key":"Kunai"},{"floor":12,"key":"Singing Bowl"}],"event_choices":[{"event_name":"Golden Wing","player_choice":"Card Removal","floor":3,"damage_taken":0},{"event_name":"Golden Idol","player_choice":"Lose Max HP","floor":7,"damage_taken":0},{"event_name":"Knowing Skull","player_choice":"","floor":19,"damage_taken":0},{"event_name":"Wheel of Change","player_choice":"Full Heal","floor":22,"damage_taken":0}],"is_beta":false,"boss_relics":[{"not_picked":["Tiny House","Ectoplasm"],"picked":"White Beast Statue"}],"items_purged_floors":[10,20],"is_endless":false,"potions_floor_spawned":[12,14,16,18,21],"killed_by":"Gremlin Leader","ascension_level":7}