{"gold_per_floor":[114,40,51,68,85,110,110,128,153,153,182,198,198,215,215,316,316,331,348,362,342,361,361,361,373,399,415,415,194,194,205,205,307,307,323,323,123,223,223,223,238,238,238,238,290,290,309,323,323,323],"floor_reached":51,"playtime":7187,"items_purged":["Bash","Defend_R"],"score":638,"play_id":"0f030b1a-e059-48e4-97ae-54c2b0449118","local_time":"20190226045119","is_ascension_mode":false,"campfire_choices":[{"data":"Armaments","floor":7.0,"key":"SMITH"},{"data":"True Grit","floor":10.0,"key":"SMITH"},{"data":"Demon Form","floor":13.0,"key":"SMITH"},{"data":"Sword Boomerang","floor":15.0,"key":"SMITH"},{"floor":23.0,"key":"REST"},{"floor":28.0,"key":"REST"},{"data":"Flame Barrier","floor":32.0,"key":"SMITH"},{"data":"Limit Break","floor":40.0,"key":"SMITH"},{"data":"Shockwave","floor":42.0,"key":"SMITH"},{"data":"Shrug It Off","floor":46.0,"key":"SMITH"},{"data":"Metallicize","floor":49.0,"key":"SMITH"}],"neow_cost":"NONE","seed_source_timestamp":818083871404413,"circlet_count":0,"master_deck":["Strike_R+1","Strike_R+1","Defend_R","Defend_R","Defend_R","Armaments+1","Inflame","Clothesline","Sword Boomerang+1","True Grit+1","Iron Wave","Spot Weakness","Demon Form+1","Battle Trance","Reaper","Berserk+1","Uppercut+1","Barricade+1","Shrug It Off+1","Flex+1","Shockwave+1","Warcry+1","Metallicize+1","Exhume","J.A.X.","Flame Barrier+1","Limit Break+1","Shrug It Off","Battle Trance+1"],"special_seed":0,"relics":["Burning Blood","Whetstone","Omamori","Art of War","Centennial Puzzle","Astrolabe","PreservedInsect","Lizard Tail","Du-Vu Doll","Champion Belt","Blood Vial"],"potions_floor_usage":[50],"damage_taken":[{"damage":5.0,"enemies":"Jaw Worm","floor":1.0,"turns":4.0},{"damage":0.0,"enemies":"Cultist","floor":3.0,"turns":4.0},{"damage":9.0,"enemies":"Small Slimes","floor":4.0,"turns":3.0},{"damage":5.0,"enemies":"Looter","floor":5.0,"turns":3.0},{"damage":20.0,"enemies":"3 Sentries","floor":6.0,"turns":8.0},{"damage":2.0,"enemies":"Blue Slaver","floor":8.0,"turns":4.0},{"damage":16.0,"enemies":"Lagavulin","floor":11.0,"turns":6.0},{"damage":5.0,"enemies":"Exordium Thugs","floor":12.0,"turns":5.0},{"damage":8.0,"enemies":"Large Slime","floor":14.0,"turns":7.0},{"damage":20.0,"enemies":"Slime Boss","floor":16.0,"turns":6.0},{"damage":25.0,"enemies":"Chosen","floor":18.0,"turns":8.0},{"damage":26.0,"enemies":"3 Byrds","floor":19.0,"turns":9.0},{"damage":26.0,"enemies":"Snecko","floor":20.0,"turns":8.0},{"damage":38.0,"enemies":"Centurion and Healer","floor":22.0,"turns":12.0},{"damage":19.0,"enemies":"3 Cultists","floor":25.0,"turns":4.0},{"damage":26.0,"enemies":"Snake Plant","floor":27.0,"turns":6.0},{"damage":15.0,"enemies":"Centurion and Healer","floor":31.0,"turns":11.0},{"damage":54.0,"enemies":"Automaton","floor":33.0,"turns":12.0},{"damage":66.0,"enemies":"3 Shapes","floor":35.0,"turns":8.0},{"damage":6.0,"enemies":"Mind Bloom Boss Battle","floor":38.0,"turns":11.0},{"damage":32.0,"enemies":"3 Darklings","floor":41.0,"turns":4.0},{"damage":20.0,"enemies":"Writhing Mass","floor":44.0,"turns":4.0},{"damage":45.0,"enemies":"Spire Growth","floor":47.0,"turns":7.0},{"damage":40.0,"enemies":"3 Darklings","floor":48.0,"turns":6.0},{"damage":157,"enemies":"Awakened One","floor":50,"turns":13}],"seed_played":"4071079602723218262","potions_obtained":[{"floor":3.0,"key":"GamblersBrew"},{"floor":5.0,"key":"LiquidBronze"},{"floor":11.0,"key":"Energy Potion"},{"floor":12.0,"key":"SmokeBomb"},{"floor":20.0,"key":"SmokeBomb"},{"floor":21.0,"key":"Poison Potion"},{"floor":27.0,"key":"Weak Potion"},{"floor":35.0,"key":"Explosive Potion"},{"floor":38.0,"key":"Explosive Potion"},{"floor":47.0,"key":"SkillPotion"}],"is_trial":false,"path_per_floor":["M","$","M","M","M","E","R","M","T","R","E","M","R","M","R","B",null,"M","M","M","?","M","R","?","M","T","M","R","$","?","M","R","B",null,"M","?","$","?","?","R","M","R","T","M","T","R","M","M","R","B",null],"character_chosen":"IRONCLAD","items_purchased":["Inflame","Exhume","Shrug It Off","Regen Potion"],"campfire_rested":2,"item_purchase_floors":[2,29,37,37],"current_hp_per_floor":[80,80,80,77,78,64,64,68,68,68,58,59,59,57,57,43,80,75,68,59,59,43,67,67,54,54,34,58,58,58,79,79,48,80,37,37,37,79,79,79,80,80,80,66,66,66,80,80,80,38],"gold":323,"neow_bonus":"RANDOM_COMMON_RELIC","is_prod":false,"is_daily":false,"chose_seed":false,"campfire_upgraded":9,"win_rate":0,"timestamp":1551124279,"path_taken":["M","$","M","M","M","E","R","M","T","R","E","M","R","M","R","BOSS","M","M","M","?","?","R","?","M","T","M","R","$","?","M","R","BOSS","M","?","$","?","?","R","M","R","T","M","?","R","M","M","R","BOSS"],"build_version":"2019-01-23","purchased_purges":2,"victory":true,"max_hp_per_floor":[80,80,80,80,80,80,80,80,80,80,80,80,80,80,80,80,80,80,80,80,80,80,80,80,80,80,80,80,80,80,80,80,80,80,80,80,80,80,80,80,80,80,80,80,80,80,80,80,80,80],"card_choices":[{"not_picked":["Cleave","Headbutt"],"picked":"Armaments","floor":1.0},{"not_picked":["Body Slam","Headbutt"],"picked":"Clothesline","floor":3.0},{"not_picked":["Thunderclap","Clash"],"picked":"Sword Boomerang","floor":4.0},{"not_picked":["Rupture","Havoc"],"picked":"True Grit","floor":5.0},{"not_picked":["Combust","Heavy Blade"],"picked":"Iron Wave","floor":6.0},{"not_picked":["Second Wind","Headbutt"],"picked":"Spot Weakness","floor":8.0},{"not_picked":["Armaments","Flex"],"picked":"Demon Form","floor":11.0},{"not_picked":["Power Through","Uppercut"],"picked":"Battle Trance","floor":12.0},{"not_picked":["Combust","Spot Weakness","Second Wind"],"picked":"SKIP","floor":14.0},{"not_picked":["Fiend Fire","Impervious"],"picked":"Reaper","floor":16.0},{"not_picked":["Carnage","True Grit","Perfected Strike"],"picked":"SKIP","floor":18.0},{"not_picked":["Corruption","Dropkick"],"picked":"Shrug It Off","floor":19.0},{"not_picked":["Thunderclap+1","Sever Soul","Power Through"],"picked":"SKIP","floor":20.0},{"not_picked":["Blood for Blood+1","Armaments"],"picked":"Flex+1","floor":22.0},{"not_picked":["Body Slam+1","True Grit"],"picked":"Warcry+1","floor":25.0},{"not_picked":["Rampage+1","Headbutt+1"],"picked":"Metallicize","floor":27.0},{"not_picked":["Pommel Strike+1","True Grit"],"picked":"Flame Barrier","floor":31.0},{"not_picked":["Dark Embrace","Reaper"],"picked":"Limit Break","floor":33.0},{"not_picked":["Thunderclap+1","Twin Strike","Clash+1"],"picked":"SKIP","floor":35.0},{"not_picked":["Forethought","Sadistic Nature"],"picked":"Dramatic Entrance","floor":36.0},{"not_picked":["Havoc","Twin Strike+1","Entrench"],"picked":"SKIP","floor":41.0},{"not_picked":["Body Slam+1","Second Wind","Havoc+1"],"picked":"SKIP","floor":47.0},{"not_picked":["True Grit","Heavy Blade+1"],"picked":"Battle Trance+1","floor":48.0}],"player_experience":438984,"relics_obtained":[{"floor":6.0,"key":"Omamori"},{"floor":9.0,"key":"Art of War"},{"floor":11.0,"key":"Centennial Puzzle"},{"floor":26.0,"key":"PreservedInsect"},{"floor":38.0,"key":"Du-Vu Doll"},{"floor":43.0,"key":"Champion Belt"},{"floor":45.0,"key":"Blood Vial"}],"event_choices":[{"damage_healed":0.0,"max_hp_gain":0.0,"max_hp_loss":0.0,"gold_gain":0.0,"event_name":"The Woman in Blue","player_choice":"Bought 1 Potion","floor":21.0,"gold_loss":0.0,"damage_taken":0.0},{"damage_healed":0.0,"max_hp_gain":0.0,"max_hp_loss":0.0,"gold_gain":0.0,"event_name":"The Library","player_choice":"Read","floor":24.0,"gold_loss":0.0,"damage_taken":0.0,"cards_obtained":["Shockwave"]},{"damage_healed":0.0,"max_hp_gain":0.0,"max_hp_loss":0.0,"gold_gain":0.0,"event_name":"Drug Dealer","player_choice":"Obtain J.A.X.","floor":30.0,"gold_loss":0.0,"damage_taken":0.0,"cards_obtained":["J.A.X."]},{"damage_healed":0.0,"max_hp_gain":0.0,"max_hp_loss":0.0,"gold_gain":0.0,"event_name":"SensoryStone","player_choice":"Memory 1","floor":36.0,"gold_loss":0.0,"damage_taken":0.0},{"damage_healed":0.0,"max_hp_gain":0.0,"max_hp_loss":0.0,"gold_gain":0.0,"event_name":"MindBloom","player_choice":"Fight","floor":38.0,"gold_loss":0.0,"damage_taken":0.0},{"cards_removed":["Dramatic Entrance"],"damage_healed":0.0,"max_hp_gain":0.0,"max_hp_loss":0.0,"gold_gain":0.0,"event_name":"Falling","player_choice":"Removed Attack","floor":39.0,"gold_loss":0.0,"damage_taken":0.0}],"is_beta":false,"boss_relics":[{"not_picked":["Fusion Hammer","Philosopher\u0027s Stone"],"picked":"Astrolabe"},{"not_picked":["White Beast Statue","Coffee Dripper"],"picked":"Lizard Tail"}],"items_purged_floors":[29,37],"is_endless":false,"potions_floor_spawned":[3,5,11,12,20,22,27,31,35,38,47],"ascension_level":0}