{"gold_per_floor":[113,124,124,139,139,172,189,199,199,233,252,252,38,50,50,125,125,137,97,97,109,24,53,53,53,53,53,71,81,96,130,130,130],"floor_reached":33,"playtime":2141,"items_purged":["Strike_R"],"score":545,"play_id":"c071cfc3-394d-401a-a354-57fcd9613af1","local_time":"20190202230035","is_ascension_mode":true,"campfire_choices":[{"floor":15,"key":"REST"},{"data":"Armaments","floor":24,"key":"SMITH"},{"data":"Infernal Blade","floor":32,"key":"SMITH"}],"neow_cost":"NONE","seed_source_timestamp":428071092576877,"circlet_count":0,"master_deck":["AscendersBane","Strike_R","Strike_R","Strike_R","Defend_R","Defend_R","Defend_R","Defend_R","Bash","Trip+1","Pommel Strike","Inflame","Uppercut","Dropkick","Power Through","Evolve","Spot Weakness","Shrug It Off","Intimidate","Armaments+1","Reaper","Shrug It Off","Infernal Blade+1"],"relics":["Burning Blood","Regal Pillow","Pocketwatch","Ornamental Fan","Busted Crown","Mango","Dream Catcher","Centennial Puzzle","Thread and Needle","The Courier"],"potions_floor_usage":[10,12,16,18,23,25,31,33],"damage_taken":[{"damage":4,"enemies":"Small Slimes","floor":1,"turns":3},{"damage":1,"enemies":"Cultist","floor":2,"turns":3},{"damage":5,"enemies":"2 Louse","floor":4,"turns":4},{"damage":54,"enemies":"3 Sentries","floor":6,"turns":9},{"damage":12,"enemies":"Exordium Thugs","floor":7,"turns":4},{"damage":14,"enemies":"Red Slaver","floor":8,"turns":2},{"damage":15,"enemies":"Lagavulin","floor":10,"turns":6},{"damage":8,"enemies":"Blue Slaver","floor":11,"turns":4},{"damage":0,"enemies":"Exordium Wildlife","floor":12,"turns":1},{"damage":0,"enemies":"2 Fungi Beasts","floor":14,"turns":3},{"damage":8,"enemies":"The Guardian","floor":16,"turns":11},{"damage":0,"enemies":"Shell Parasite","floor":18,"turns":5},{"damage":26,"enemies":"Spheric Guardian","floor":21,"turns":6},{"damage":50,"enemies":"Slavers","floor":23,"turns":6},{"damage":3,"enemies":"Chosen and Byrds","floor":25,"turns":4},{"damage":2,"enemies":"Snecko","floor":28,"turns":5},{"damage":0,"enemies":"Snake Plant","floor":29,"turns":5},{"damage":9,"enemies":"Cultist and Chosen","floor":30,"turns":7},{"damage":20,"enemies":"Book of Stabbing","floor":31,"turns":7},{"damage":123,"enemies":"Collector","floor":33,"turns":15}],"seed_played":"-7969845683046357667","potions_obtained":[{"floor":1,"key":"LiquidBronze"},{"floor":7,"key":"Ancient Potion"},{"floor":8,"key":"Regen Potion"},{"floor":11,"key":"SmokeBomb"},{"floor":18,"key":"Regen Potion"},{"floor":19,"key":"SmokeBomb"},{"floor":19,"key":"LiquidBronze"},{"floor":21,"key":"PowerPotion"},{"floor":28,"key":"Ancient Potion"},{"floor":30,"key":"Regen Potion"}],"is_trial":false,"path_per_floor":["M","M","?","M","?","E","M","M","T","E","M","M","$","M","R","B",null,"M","?","$","M","?","E","R","M","T","T","M","M","M","E","R","B"],"character_chosen":"IRONCLAD","items_purchased":["Fire Potion","Intimidate"],"campfire_rested":1,"item_purchase_floors":[13,13],"current_hp_per_floor":[70,75,68,69,69,21,15,7,7,13,11,17,17,23,60,58,71,75,75,75,60,74,45,45,48,48,48,59,65,82,89,89,0],"gold":130,"neow_bonus":"RANDOM_COLORLESS","is_prod":false,"is_daily":false,"chose_seed":false,"campfire_upgraded":2,"win_rate":0,"timestamp":1549177235,"path_taken":["M","M","?","M","?","E","M","M","T","E","M","?","$","M","R","BOSS","M","?","?","?","?","E","R","M","T","?","M","?","M","E","R","BOSS"],"build_version":"2019-01-23","purchased_purges":1,"victory":false,"max_hp_per_floor":[75,75,75,75,75,75,75,75,75,75,75,75,75,75,75,75,75,75,75,75,75,89,89,89,89,89,89,89,89,89,89,89,89],"card_choices":[{"not_picked":["True Grit","Seeing Red"],"picked":"Pommel Strike","floor":1},{"not_picked":["Body Slam","Warcry"],"picked":"Inflame","floor":2},{"not_picked":["Pommel Strike","Twin Strike"],"picked":"Uppercut","floor":4},{"not_picked":["Anger","Clothesline"],"picked":"Dropkick","floor":6},{"not_picked":["Double Tap","Perfected Strike"],"picked":"Power Through","floor":7},{"not_picked":["Flex","Blood for Blood"],"picked":"Evolve","floor":8},{"not_picked":["Rampage","Disarm"],"picked":"Spot Weakness","floor":10},{"not_picked":["Headbutt","Clothesline"],"picked":"Shrug It Off","floor":11},{"not_picked":["Clothesline","Intimidate"],"picked":"Armaments","floor":14},{"not_picked":["Demon Form","Brutality"],"picked":"Reaper","floor":16},{"not_picked":["Carnage"],"picked":"SKIP","floor":18},{"not_picked":[],"picked":"Shrug It Off","floor":21},{"not_picked":["Cleave"],"picked":"SKIP","floor":23},{"not_picked":["Evolve"],"picked":"SKIP","floor":28},{"not_picked":["Anger"],"picked":"SKIP","floor":29},{"not_picked":["Clothesline"],"picked":"SKIP","floor":30},{"not_picked":[],"picked":"Infernal Blade","floor":31}],"player_experience":526335,"relics_obtained":[{"floor":6,"key":"Regal Pillow"},{"floor":9,"key":"Pocketwatch"},{"floor":10,"key":"Ornamental Fan"},{"floor":23,"key":"Dream Catcher"},{"floor":26,"key":"Centennial Puzzle"},{"floor":27,"key":"Thread and Needle"},{"floor":31,"key":"The Courier"}],"event_choices":[{"cards_removed":["Strike_R"],"damage_healed":0,"gold_gain":0,"player_choice":"Card Removal","damage_taken":7,"max_hp_gain":0,"max_hp_loss":0,"event_name":"Golden Wing","floor":3,"gold_loss":0},{"damage_healed":0,"gold_gain":0,"player_choice":"Forge","damage_taken":0,"max_hp_gain":0,"max_hp_loss":0,"event_name":"Accursed Blacksmith","floor":5,"gold_loss":0,"cards_upgraded":["Trip"]},{"damage_healed":0,"gold_gain":0,"player_choice":"Bought 3 Potions","damage_taken":0,"max_hp_gain":0,"max_hp_loss":0,"event_name":"The Woman in Blue","floor":19,"gold_loss":0},{"damage_healed":0,"gold_gain":0,"player_choice":"Obtained Relic","damage_taken":0,"relics_obtained":["Mango"],"max_hp_gain":0,"max_hp_loss":0,"event_name":"Addict","floor":22,"gold_loss":85}],"is_beta":false,"boss_relics":[{"not_picked":["Empty Cage","Orrery"],"picked":"Busted Crown"}],"items_purged_floors":[13],"is_endless":false,"potions_floor_spawned":[1,7,8,11,18,21,28,30],"killed_by":"Collector","ascension_level":16}