{"gold_per_floor":[116,116,116,130,140,168,168,168],"floor_reached":8,"playtime":662,"items_purged":[],"score":84,"play_id":"648faeb7-2b64-4b1e-b6d8-65aceb194662","local_time":"20181018211613","is_ascension_mode":true,"campfire_choices":[{"data":"Hemokinesis","floor":7,"key":"SMITH"}],"neow_cost":"NONE","seed_source_timestamp":687803346906188,"circlet_count":0,"master_deck":["Strike_R","Strike_R","Strike_R","Strike_R","Defend_R","Defend_R","Defend_R","Defend_R","Bash","AscendersBane","Offering","Hemokinesis+1","Havoc+1","Whirlwind","Spot Weakness+1"],"relics":["Burning Blood","Blood Vial","Toxic Egg 2","Self Forming Clay"],"potions_floor_usage":[8],"damage_taken":[{"damage":16,"enemies":"2 Louse","floor":1,"turns":3},{"damage":9,"enemies":"Cultist","floor":4,"turns":3},{"damage":7,"enemies":"Small Slimes","floor":5,"turns":4},{"damage":27,"enemies":"3 Sentries","floor":6,"turns":5},{"damage":50,"enemies":"Lagavulin","floor":8,"turns":6}],"seed_played":"-6428303445524296817","potions_obtained":[{"floor":1,"key":"BloodPotion"},{"floor":5,"key":"LiquidBronze"}],"is_trial":false,"path_per_floor":["M","?","?","M","M","E","R"],"character_chosen":"IRONCLAD","items_purchased":[],"campfire_rested":0,"item_purchase_floors":[],"current_hp_per_floor":[62,62,59,58,59,40,40,0],"gold":168,"neow_bonus":"TRANSFORM_CARD","is_prod":false,"is_daily":false,"chose_seed":false,"campfire_upgraded":1,"win_rate":0,"timestamp":1539922573,"path_taken":["M","?","?","M","M","E","R","E"],"build_version":"2018-10-18","purchased_purges":0,"victory":false,"max_hp_per_floor":[80,80,80,80,80,80,80,80],"card_choices":[{"not_picked":["Shrug It Off","Havoc"],"picked":"Hemokinesis","floor":1},{"not_picked":["Cleave","Wild Strike"],"picked":"Havoc+1","floor":4},{"not_picked":["Heavy Blade","Sword Boomerang"],"picked":"Whirlwind","floor":5},{"not_picked":["Inflame","Twin Strike"],"picked":"Spot Weakness+1","floor":6}],"player_experience":347945,"relics_obtained":[{"floor":6,"key":"Self Forming Clay"}],"event_choices":[{"damage_healed":0,"gold_gain":0,"player_choice":"Gave Potion","damage_taken":0,"relics_obtained":["Blood Vial"],"max_hp_gain":0,"max_hp_loss":0,"event_name":"WeMeetAgain","floor":2,"gold_loss":0},{"damage_healed":0,"gold_gain":0,"player_choice":"Success","damage_taken":3,"relics_obtained":["Toxic Egg 2"],"max_hp_gain":0,"max_hp_loss":0,"event_name":"Scrap Ooze","floor":3,"gold_loss":0}],"is_beta":false,"boss_relics":[],"items_purged_floors":[],"is_endless":false,"potions_floor_spawned":[1,5],"killed_by":"Lagavulin","ascension_level":10}