{"gold_per_floor":[118,131,56,56,56,82,82,117,117,151,151,184,122,140,140,237,237,252,268,268,268,268,268,294,313,313,330,255,280,280,297,297,394,394,407,407,425,435,435,467,467,497,497,528,71,71,98,48,48,48],"floor_reached":50,"playtime":4924,"items_purged":["Strike_R","Perfected Strike+1","Clothesline"],"score":801,"play_id":"4d7f5b79-1834-4959-8470-98556430100f","local_time":"20180915235234","is_ascension_mode":true,"campfire_choices":[{"floor":11,"key":"REST"},{"floor":15,"key":"REST"},{"data":"Blood for Blood","floor":23,"key":"SMITH"},{"floor":30,"key":"REST"},{"data":"Rupture","floor":32,"key":"SMITH"},{"floor":41,"key":"REST"},{"floor":49,"key":"REST"}],"neow_cost":"NONE","seed_source_timestamp":292200670539562,"circlet_count":0,"master_deck":["Blood for Blood+1","Spot Weakness","Pommel Strike+1","Brutality","Shrug It Off","Offering","Rupture+1","Double Tap","Sword Boomerang+1","Body Slam+1","True Grit","Warcry","Rampage+1","Iron Wave+1","Battle Trance","Flex","Rage","Enlightenment","Power Through"],"relics":["Burning Blood","PreservedInsect","Molten Egg 2","Incense Burner","Mercury Hourglass","Self Forming Clay","Potion Belt","Meat on the Bone","Calling Bell","Bronze Scales","Paper Frog","Girya","Enchiridion","Sundial","Bag of Preparation","Dream Catcher","Pandora\u0027s Box","Art of War","Smiling Mask","Question Card","Pear","Ornamental Fan","Mango"],"potions_floor_usage":[8,10,24,24,29,33,33,33,37,42,42,50,50,50],"damage_taken":[{"damage":5,"enemies":"Small Slimes","floor":1,"turns":3},{"damage":4,"enemies":"2 Louse","floor":2,"turns":3},{"damage":29,"enemies":"Lagavulin","floor":6,"turns":8},{"damage":23,"enemies":"3 Sentries","floor":8,"turns":7},{"damage":15,"enemies":"Lagavulin","floor":10,"turns":5},{"damage":12,"enemies":"Gremlin Nob","floor":12,"turns":3},{"damage":0,"enemies":"Cultist","floor":14,"turns":3},{"damage":46,"enemies":"The Guardian","floor":16,"turns":11},{"damage":14,"enemies":"2 Thieves","floor":18,"turns":4},{"damage":20,"enemies":"Spheric Guardian","floor":19,"turns":6},{"damage":35,"enemies":"Gremlin Leader","floor":24,"turns":6},{"damage":18,"enemies":"3 Cultists","floor":25,"turns":4},{"damage":17,"enemies":"Cultist and Chosen","floor":27,"turns":7},{"damage":23,"enemies":"Slavers","floor":29,"turns":5},{"damage":12,"enemies":"Centurion and Healer","floor":31,"turns":5},{"damage":45,"enemies":"Collector","floor":33,"turns":9},{"damage":37,"enemies":"3 Darklings","floor":35,"turns":3},{"damage":1,"enemies":"3 Shapes","floor":37,"turns":5},{"damage":4,"enemies":"Transient","floor":38,"turns":5},{"damage":26,"enemies":"2 Orb Walkers","floor":40,"turns":4},{"damage":6,"enemies":"Giant Head","floor":42,"turns":5},{"damage":25,"enemies":"2 Orb Walkers","floor":44,"turns":3},{"damage":29,"enemies":"Nemesis","floor":47,"turns":5},{"damage":108,"enemies":"Awakened One","floor":50,"turns":12}],"seed_played":"4285982323907499235","potions_obtained":[{"floor":6,"key":"Block Potion"},{"floor":8,"key":"GamblersBrew"},{"floor":10,"key":"Strength Potion"},{"floor":14,"key":"Strength Potion"},{"floor":16,"key":"Weak Potion"},{"floor":18,"key":"SpeedPotion"},{"floor":25,"key":"EssenceOfSteel"},{"floor":27,"key":"Fire Potion"},{"floor":35,"key":"Weak Potion"},{"floor":38,"key":"Poison Potion"},{"floor":40,"key":"Strength Potion"},{"floor":44,"key":"Weak Potion"}],"is_trial":false,"path_per_floor":["M","M","$","?","?","E","$","E","T","E","R","E","?","M","R","B",null,"M","M","?","?","?","R","E","M","T","M","?","E","R","M","R","B",null,"M","?","M","M","?","E","R","E","T","E","$","?","E","$","R"],"character_chosen":"IRONCLAD","items_purchased":["Ornamental Fan","Explosive Potion","SteroidPotion","Rage"],"campfire_rested":5,"item_purchase_floors":[45,45,45,45],"current_hp_per_floor":[80,80,80,80,85,62,62,45,45,36,61,55,55,61,85,57,85,77,63,63,47,75,75,58,58,58,59,59,54,79,73,73,46,85,54,54,59,61,61,53,77,77,77,68,68,68,71,71,102,0],"gold":48,"neow_bonus":"RANDOM_COMMON_RELIC","is_prod":false,"is_daily":false,"chose_seed":false,"campfire_upgraded":2,"win_rate":0,"timestamp":1537073554,"path_taken":["M","M","$","?","?","E","?","E","T","E","R","E","?","?","R","BOSS","M","M","?","?","?","R","E","M","T","?","?","E","R","M","R","BOSS","M","?","M","M","?","E","R","E","T","E","$","?","E","$","R","BOSS"],"build_version":"2018-09-06","purchased_purges":3,"victory":false,"max_hp_per_floor":[80,80,80,80,85,85,85,85,85,85,85,85,85,85,85,85,85,85,85,85,85,85,85,85,85,85,85,85,85,85,85,85,85,85,85,82,82,82,82,82,82,82,82,92,92,92,106,106,106,106],"card_choices":[{"not_picked":["Wild Strike","Sword Boomerang"],"picked":"Clothesline","floor":1},{"not_picked":["Headbutt","Reckless Charge"],"picked":"Blood for Blood","floor":2},{"not_picked":["Bloodletting","Armaments","Inflame"],"picked":"SKIP","floor":6},{"not_picked":["Immolate+1","Wild Strike+1"],"picked":"Spot Weakness","floor":8},{"not_picked":["Sword Boomerang+1","Entrench","Bloodletting"],"picked":"SKIP","floor":10},{"not_picked":["Body Slam+1","Iron Wave+1"],"picked":"Pommel Strike+1","floor":12},{"not_picked":["Seeing Red","Iron Wave+1","Warcry"],"picked":"SKIP","floor":14},{"not_picked":["Bludgeon+1","Exhume"],"picked":"Brutality","floor":16},{"not_picked":["Pommel Strike+1","Perfected Strike+1"],"picked":"Shrug It Off","floor":18},{"not_picked":["Twin Strike+1","Juggernaut","Cleave+1"],"picked":"SKIP","floor":19},{"not_picked":["Twin Strike+1","Impervious","Fire Breathing"],"picked":"SKIP","floor":24},{"not_picked":["Inflame","Corruption","Wild Strike+1"],"picked":"SKIP","floor":25},{"not_picked":["Shrug It Off+1","Cleave+1","Iron Wave+1"],"picked":"SKIP","floor":27},{"not_picked":["Evolve+1","Entrench"],"picked":"Offering","floor":29},{"not_picked":["Wild Strike+1","Cleave+1"],"picked":"Rupture","floor":31},{"not_picked":["Feed+1","Barricade"],"picked":"Double Tap","floor":33},{"not_picked":["Evolve","Intimidate+1","Clothesline+1"],"picked":"SKIP","floor":35},{"not_picked":["Clothesline+1","Heavy Blade+1","Twin Strike+1"],"picked":"SKIP","floor":37},{"not_picked":["Demon Form","Bloodletting"],"picked":"Battle Trance","floor":38},{"not_picked":["Juggernaut","Clash+1"],"picked":"Flex","floor":40},{"not_picked":["Cleave+1","Flex","Double Tap"],"picked":"SKIP","floor":42},{"not_picked":["Intimidate+1","Berserk","Bloodletting","Uppercut+1"],"picked":"SKIP","floor":44},{"not_picked":["Dark Shackles","HandOfGreed+1","Swift Strike+1"],"picked":"Enlightenment","floor":46},{"not_picked":["Rampage+1","Fire Breathing+1","Sentinel","Burning Pact"],"picked":"SKIP","floor":47},{"not_picked":["Iron Wave+1","Whirlwind+1","Cleave+1"],"picked":"Power Through","floor":49}],"player_experience":264341,"relics_obtained":[{"floor":6,"key":"Molten Egg 2"},{"floor":8,"key":"Incense Burner"},{"floor":9,"key":"Mercury Hourglass"},{"floor":10,"key":"Self Forming Clay"},{"floor":12,"key":"Potion Belt"},{"floor":17,"key":"Bronze Scales"},{"floor":17,"key":"Paper Frog"},{"floor":17,"key":"Girya"},{"floor":21,"key":"Enchiridion"},{"floor":24,"key":"Sundial"},{"floor":26,"key":"Bag of Preparation"},{"floor":29,"key":"Dream Catcher"},{"floor":40,"key":"Art of War"},{"floor":42,"key":"Smiling Mask"},{"floor":43,"key":"Question Card"},{"floor":44,"key":"Pear"},{"floor":47,"key":"Mango"}],"event_choices":[{"event_name":"Living Wall","player_choice":"Forget","floor":4,"damage_taken":0},{"event_name":"Big Fish","player_choice":"Donut","floor":5,"damage_taken":0},{"event_name":"WeMeetAgain","player_choice":"Gold","floor":13,"damage_taken":0},{"event_name":"Bonfire Elementals","player_choice":"BASIC","floor":20,"damage_taken":0},{"event_name":"Cursed Tome","player_choice":"Obtained Book","floor":21,"damage_taken":0},{"event_name":"The Library","player_choice":"Heal","floor":22,"damage_taken":0},{"event_name":"Beggar","player_choice":"Gave Gold","floor":28,"damage_taken":0},{"event_name":"Fountain of Cleansing","player_choice":"Removed Curse","floor":36,"damage_taken":0},{"event_name":"Mysterious Sphere","player_choice":"Ignore","floor":39,"damage_taken":0},{"event_name":"SensoryStone","player_choice":"Memory 1","floor":46,"damage_taken":0}],"is_beta":false,"boss_relics":[{"not_picked":["Snecko Eye","Orrery"],"picked":"Calling Bell"},{"not_picked":["Fusion Hammer","Cursed Key"],"picked":"Pandora\u0027s Box"}],"items_purged_floors":[3,45,48],"is_endless":false,"potions_floor_spawned":[6,8,10,14,16,18,25,27,35,38,40,44],"killed_by":"Awakened One","ascension_level":4}