{"gold_per_floor":[369,399,399,42,42,42,68,68,91,91,123,145,23,38,38,143,143,160,160,177,227,75,107,107,125,170,170,238,238,271,271,271,368,368,384,344,4,23,0,28,28,328,328,328,52,86,102,135,135,135],"floor_reached":51,"playtime":4607,"items_purged":["Defend_G","Defend_G","Strike_G"],"score":954,"play_id":"4f3930d8-e569-465c-b05a-e1d2180815a3","local_time":"20190213180318","is_ascension_mode":true,"campfire_choices":[{"floor":6.0,"key":"REST"},{"data":"Leg Sweep","floor":8.0,"key":"SMITH"},{"floor":10.0,"key":"REST"},{"data":"Noxious Fumes","floor":15.0,"key":"SMITH"},{"data":"Burst","floor":24.0,"key":"SMITH"},{"floor":27.0,"key":"REST"},{"floor":29.0,"key":"REST"},{"floor":32.0,"key":"REST"},{"floor":41.0,"key":"REST"},{"floor":44.0,"key":"REST"},{"floor":49,"key":"REST"}],"neow_cost":"CURSE","seed_source_timestamp":59600015177969,"circlet_count":0,"master_deck":["Defend_G+1","Defend_G","Defend_G","Strike_G+1","Strike_G+1","Strike_G","Survivor","Neutralize+1","Leg Sweep+1","Leg Sweep","Prepared","Blade Dance","Leg Sweep","Infinite Blades","Noxious Fumes+1","Burst+1","Cloak And Dagger+1","Prepared+1","Cloak And Dagger","Noxious Fumes","Quick Slash","Calculated Gamble","Blade Dance+1","Bouncing Flask+1","Die Die Die","Blur+1","Bane+1","Dodge and Roll+1","Accuracy+1","Deflect+1","Accuracy+1"],"special_seed":0,"relics":["Ring of the Snake","Tiny Chest","PreservedInsect","Whetstone","Art of War","MawBank","Lizard Tail","Boot","Anchor","Sundial","Blood Vial","Nilry\u0027s Codex","WristBlade","ClockworkSouvenir","Vajra","Red Mask","Pen Nib","Oddly Smooth Stone","Ancient Tea Set","Blue Candle","Ornamental Fan"],"potions_floor_usage":[50,50,50],"damage_taken":[{"damage":1.0,"enemies":"Small Slimes","floor":1.0,"turns":5.0},{"damage":28.0,"enemies":"Gremlin Nob","floor":7.0,"turns":5.0},{"damage":6.0,"enemies":"Lagavulin","floor":11.0,"turns":7.0},{"damage":0.0,"enemies":"2 Louse","floor":12.0,"turns":2.0},{"damage":1.0,"enemies":"Jaw Worm","floor":14.0,"turns":3.0},{"damage":32.0,"enemies":"Slime Boss","floor":16.0,"turns":10.0},{"damage":4.0,"enemies":"Shell Parasite","floor":18.0,"turns":11.0},{"damage":1.0,"enemies":"3 Byrds","floor":20.0,"turns":6.0},{"damage":16.0,"enemies":"Gremlin Leader","floor":23.0,"turns":6.0},{"damage":8.0,"enemies":"Centurion and Healer","floor":25.0,"turns":7.0},{"damage":17.0,"enemies":"Book of Stabbing","floor":30.0,"turns":7.0},{"damage":55.0,"enemies":"Champ","floor":33.0,"turns":13.0},{"damage":12.0,"enemies":"3 Darklings","floor":35.0,"turns":5.0},{"damage":0.0,"enemies":"3 Shapes","floor":38.0,"turns":3.0},{"damage":24.0,"enemies":"Reptomancer","floor":40.0,"turns":5.0},{"damage":24.0,"enemies":"Giant Head","floor":46.0,"turns":9.0},{"damage":0,"enemies":"Jaw Worm Horde","floor":47,"turns":4},{"damage":7,"enemies":"Reptomancer","floor":48,"turns":5},{"damage":24,"enemies":"Donu and Deca","floor":50,"turns":11}],"seed_played":"-2472323441004675056","potions_obtained":[{"floor":7.0,"key":"Swift Potion"},{"floor":11.0,"key":"LiquidBronze"},{"floor":18.0,"key":"Fire Potion"},{"floor":23.0,"key":"LiquidBronze"},{"floor":33.0,"key":"Block Potion"},{"floor":36.0,"key":"LiquidBronze"},{"floor":36.0,"key":"Poison Potion"},{"floor":36.0,"key":"AttackPotion"},{"floor":46.0,"key":"Block Potion"},{"floor":47,"key":"Weak Potion"}],"is_trial":false,"path_per_floor":["M","?","?","$","?","R","E","R","T","R","E","M","$","M","R","B",null,"M","?","M","?","$","E","R","M","T","R","T","R","E","?","R","B",null,"M","?","$","M","?","E","R","?","T","R","$","E","M","E","R","B",null],"character_chosen":"THE_SILENT","items_purchased":["PreservedInsect","Leg Sweep","Prepared","Infinite Blades","Cloak And Dagger","Noxious Fumes","Quick Slash","ClockworkSouvenir","Vajra","Ancient Tea Set"],"campfire_rested":8,"item_purchase_floors":[4,4,4,13,22,22,22,37,37,45],"current_hp_per_floor":[69,66,59,59,45,66,38,38,38,59,53,53,53,52,52,20,58,54,54,53,53,53,37,37,29,29,50,50,70,53,37,58,5,54,44,44,44,46,46,24,45,45,45,66,66,44,46,41,62,40],"gold":135,"neow_bonus":"TWO_FIFTY_GOLD","is_prod":false,"is_daily":false,"chose_seed":false,"campfire_upgraded":3,"win_rate":0,"timestamp":1550077398,"path_taken":["M","?","?","$","?","R","E","R","T","R","E","M","?","?","R","BOSS","M","?","M","?","$","E","R","?","T","R","?","R","E","?","R","BOSS","M","?","?","M","?","E","R","?","T","R","$","E","?","E","R","BOSS"],"build_version":"2019-01-23","purchased_purges":3,"victory":true,"max_hp_per_floor":[70,70,70,70,70,70,70,70,70,70,70,70,70,70,70,70,70,70,70,70,70,70,70,70,70,70,70,70,70,70,70,70,70,70,70,70,70,70,70,70,70,70,70,70,70,70,70,70,70,70],"card_choices":[{"not_picked":["Infinite Blades","Dash"],"picked":"Leg Sweep","floor":1.0},{"not_picked":["Heel Hook","Underhanded Strike"],"picked":"Blade Dance","floor":7.0},{"not_picked":["Prepared","Choke"],"picked":"Leg Sweep","floor":11.0},{"not_picked":["Predator","Finisher","Dagger Spray"],"picked":"SKIP","floor":12.0},{"not_picked":["Finisher","Quick Slash"],"picked":"Noxious Fumes","floor":14.0},{"not_picked":["Tools of the Trade","Envenom"],"picked":"Burst","floor":16.0},{"not_picked":["Prepared+1","Acrobatics"],"picked":"Cloak And Dagger+1","floor":18.0},{"not_picked":["Blade Dance","Setup"],"picked":"Prepared+1","floor":20.0},{"not_picked":["Poisoned Stab","Acrobatics"],"picked":"Calculated Gamble","floor":23.0},{"not_picked":["Deflect","Grand Finale"],"picked":"Blade Dance+1","floor":25.0},{"not_picked":["Quick Slash","Sucker Punch+1"],"picked":"Bouncing Flask+1","floor":30.0},{"not_picked":["Bullet Time","Phantasmal Killer"],"picked":"Die Die Die","floor":33.0},{"not_picked":["Bane","Outmaneuver+1"],"picked":"Blur+1","floor":35.0},{"not_picked":["Flechettes+1","Poisoned Stab+1"],"picked":"Bane+1","floor":38.0},{"not_picked":["Underhanded Strike","Poisoned Stab"],"picked":"Dodge and Roll+1","floor":40.0},{"not_picked":["Backstab+1","Sucker Punch+1"],"picked":"Accuracy+1","floor":46.0},{"not_picked":["Poisoned Stab+1","Deadly Poison+1"],"picked":"Deflect+1","floor":47},{"not_picked":["Acrobatics+1","Crippling Poison+1"],"picked":"Accuracy+1","floor":48}],"player_experience":386272,"relics_obtained":[{"floor":7.0,"key":"Whetstone"},{"floor":9.0,"key":"Art of War"},{"floor":11.0,"key":"MawBank"},{"floor":23.0,"key":"Boot"},{"floor":26.0,"key":"Anchor"},{"floor":28.0,"key":"Sundial"},{"floor":30.0,"key":"Blood Vial"},{"floor":31.0,"key":"Nilry\u0027s Codex"},{"floor":40.0,"key":"Pen Nib"},{"floor":43.0,"key":"Oddly Smooth Stone"},{"floor":46.0,"key":"Blue Candle"},{"floor":48,"key":"Ornamental Fan"}],"event_choices":[{"damage_healed":0.0,"max_hp_gain":0.0,"max_hp_loss":0.0,"gold_gain":0.0,"event_name":"Scrap Ooze","player_choice":"Success","floor":2.0,"gold_loss":0.0,"damage_taken":3.0,"relics_obtained":["Tiny Chest"]},{"cards_removed":["Normality"],"damage_healed":0.0,"max_hp_gain":0.0,"max_hp_loss":0.0,"gold_gain":0.0,"event_name":"Golden Wing","player_choice":"Card Removal","floor":3.0,"gold_loss":0.0,"damage_taken":7.0},{"damage_healed":0.0,"max_hp_gain":0.0,"max_hp_loss":0.0,"gold_gain":0.0,"event_name":"Shining Light","player_choice":"Entered Light","floor":5.0,"gold_loss":0.0,"damage_taken":14.0,"cards_upgraded":["Strike_G","Defend_G"]},{"cards_removed":["Strike_G"],"damage_healed":0.0,"max_hp_gain":0.0,"max_hp_loss":0.0,"gold_gain":0.0,"event_name":"Back to Basics","player_choice":"Elegance","floor":19.0,"gold_loss":0.0,"damage_taken":0.0},{"damage_healed":0.0,"max_hp_gain":0.0,"max_hp_loss":0.0,"gold_gain":100.0,"event_name":"The Joust","player_choice":"Bet on Murderer","floor":21.0,"gold_loss":50.0,"damage_taken":0.0},{"damage_healed":0.0,"max_hp_gain":0.0,"max_hp_loss":0.0,"gold_gain":0.0,"event_name":"Cursed Tome","player_choice":"Obtained Book","floor":31.0,"gold_loss":0.0,"damage_taken":16.0},{"damage_healed":0.0,"max_hp_gain":0.0,"max_hp_loss":0.0,"gold_gain":0.0,"event_name":"The Woman in Blue","player_choice":"Bought 3 Potions","floor":36.0,"gold_loss":0.0,"damage_taken":0.0},{"damage_healed":0.0,"max_hp_gain":0.0,"max_hp_loss":0.0,"gold_gain":0.0,"event_name":"Tomb of Lord Red Mask","player_choice":"Paid","floor":39.0,"gold_loss":23.0,"damage_taken":0.0,"relics_obtained":["Red Mask"]},{"damage_healed":0.0,"max_hp_gain":0.0,"max_hp_loss":0.0,"gold_gain":300.0,"event_name":"Wheel of Change","player_choice":"Gold","floor":42.0,"gold_loss":0.0,"damage_taken":0.0}],"is_beta":false,"boss_relics":[{"not_picked":["Astrolabe","HoveringKite"],"picked":"Lizard Tail"},{"not_picked":["Pandora\u0027s Box","Orrery"],"picked":"WristBlade"}],"items_purged_floors":[4,13,45],"is_endless":false,"potions_floor_spawned":[7,11,18,23,33,46,47],"ascension_level":5}