{"gold_per_floor":[115,115,115,127,146,146,175,188,263,263,288,288,306,336,336,438,438,448,448,464,477,477,477,496,496,496,511,524,524,524,543,543,640,640,655,655,655,666,234,265,265,279,279,279,296,296,95,115,115,115],"floor_reached":51,"playtime":2106,"items_purged":["Decay"],"score":1038,"play_id":"e285222b-393e-4ed0-9c9c-55d1077ff6d3","local_time":"20190129161808","is_ascension_mode":true,"campfire_choices":[{"data":"Cleave","floor":6.0,"key":"SMITH"},{"data":"Pommel Strike","floor":12.0,"key":"SMITH"},{"floor":15.0,"key":"REST"},{"floor":23,"key":"REST"},{"data":"Perfected Strike","floor":25,"key":"SMITH"},{"data":"Perfected Strike","floor":29,"key":"SMITH"},{"data":"Ghostly Armor","floor":32,"key":"SMITH"},{"floor":41,"key":"REST"},{"floor":44,"key":"REST"},{"floor":49,"key":"REST"}],"neow_cost":"NONE","seed_source_timestamp":9629572754992,"circlet_count":0,"master_deck":["Strike_R","Strike_R","Strike_R","Strike_R","Strike_R","Defend_R","Defend_R","Defend_R","Bash+1","Perfected Strike+1","Headbutt","Cleave+1","Pommel Strike+1","Twin Strike","Flex","Seeing Red","Reaper","Perfected Strike+1","Warcry+1","Perfected Strike","Sever Soul+1","Wild Strike+1","Perfected Strike+1","Ghostly Armor+1","Double Tap","Perfected Strike","Pommel Strike+1","Rage"],"special_seed":0,"relics":["Burning Blood","Pear","Tiny Chest","Ancient Tea Set","Potion Belt","Boot","Snecko Eye","Matryoshka","Anchor","Pantograph","Fusion Hammer","ClockworkSouvenir","Bag of Marbles","Centennial Puzzle","Strawberry","Champion Belt","HandDrill"],"potions_floor_usage":[50,50,50,50],"damage_taken":[{"damage":0.0,"enemies":"Small Slimes","floor":1.0,"turns":3.0},{"damage":6.0,"enemies":"Jaw Worm","floor":4.0,"turns":3.0},{"damage":0.0,"enemies":"Cultist","floor":5.0,"turns":2.0},{"damage":22.0,"enemies":"Gremlin Nob","floor":7.0,"turns":4.0},{"damage":13.0,"enemies":"Blue Slaver","floor":8.0,"turns":2.0},{"damage":8.0,"enemies":"Exordium Thugs","floor":13.0,"turns":3.0},{"damage":44.0,"enemies":"Lagavulin","floor":14.0,"turns":6.0},{"damage":33.0,"enemies":"The Guardian","floor":16.0,"turns":5.0},{"damage":13.0,"enemies":"Spheric Guardian","floor":18.0,"turns":3.0},{"damage":15,"enemies":"3 Byrds","floor":20,"turns":3},{"damage":39,"enemies":"Shelled Parasite and Fungi","floor":21,"turns":4},{"damage":2,"enemies":"Snecko","floor":24,"turns":2},{"damage":4,"enemies":"Cultist and Chosen","floor":27,"turns":3},{"damage":2,"enemies":"Shelled Parasite and Fungi","floor":28,"turns":2},{"damage":0,"enemies":"Centurion and Healer","floor":31,"turns":2},{"damage":44,"enemies":"Collector","floor":33,"turns":5},{"damage":0,"enemies":"3 Darklings","floor":35,"turns":3},{"damage":0,"enemies":"Orb Walker","floor":38,"turns":2},{"damage":0,"enemies":"Reptomancer","floor":40,"turns":2},{"damage":0,"enemies":"Writhing Mass","floor":42,"turns":1},{"damage":0,"enemies":"3 Darklings","floor":45,"turns":2},{"damage":11,"enemies":"Sphere and 2 Shapes","floor":48,"turns":3},{"damage":66,"enemies":"Awakened One","floor":50,"turns":7}],"seed_played":"-671001364306103715","potions_obtained":[{"floor":1.0,"key":"Strength Potion"},{"floor":8.0,"key":"Strength Potion"},{"floor":13.0,"key":"Swift Potion"},{"floor":20,"key":"EssenceOfSteel"},{"floor":24,"key":"SmokeBomb"},{"floor":31,"key":"GamblersBrew"},{"floor":33,"key":"SkillPotion"},{"floor":35,"key":"FearPotion"},{"floor":42,"key":"SteroidPotion"}],"is_trial":false,"path_per_floor":["?","?","M","?","T","?","T","M","?","?","?","$","M","?"],"character_chosen":"IRONCLAD","items_purchased":["ClockworkSouvenir","Bag of Marbles","HandDrill"],"campfire_rested":5,"item_purchase_floors":[39,39,47],"current_hp_per_floor":[78,78,78,78,80,80,74,67,67,60,60,60,58,20,47,20,73,66,66,62,34,34,61,65,65,65,67,82,82,82,88,88,52,81,90,85,85,85,85,85,85,85,92,92,92,92,92,87,92,32],"gold":115,"neow_bonus":"UPGRADE_CARD","is_prod":false,"is_daily":false,"chose_seed":false,"campfire_upgraded":5,"win_rate":0,"timestamp":1548749888,"path_taken":["M","?","?","M","M","R","E","?","T","?","?","R","M","E","R","BOSS","M","?","M","M","?","R","M","R","T","M","?","R","?","M","R","BOSS","M","?","?","M","?","E","R","M","T","R","?","?","$","M","R","BOSS"],"build_version":"2019-01-23","purchased_purges":1,"victory":true,"max_hp_per_floor":[80,80,80,80,80,80,90,90,90,90,90,90,90,90,90,90,90,90,90,90,90,90,90,90,90,90,90,90,90,90,90,90,90,90,90,85,85,85,85,85,85,85,92,92,92,92,92,92,92,92],"card_choices":[{"not_picked":["Dual Wield","Thunderclap"],"picked":"Perfected Strike","floor":1.0},{"not_picked":["Disarm","Flex"],"picked":"Headbutt","floor":4.0},{"not_picked":["Headbutt","Armaments"],"picked":"Cleave","floor":5.0},{"not_picked":["Juggernaut","Havoc"],"picked":"Pommel Strike","floor":7.0},{"not_picked":["True Grit","Rampage"],"picked":"Twin Strike","floor":8.0},{"not_picked":["Sever Soul","Rage"],"picked":"Flex","floor":13.0},{"not_picked":["Uppercut","Hemokinesis"],"picked":"Seeing Red","floor":14.0},{"not_picked":["Juggernaut","Brutality"],"picked":"Reaper","floor":16.0},{"not_picked":["Rage","Entrench","Disarm"],"picked":"SKIP","floor":18.0},{"not_picked":["Clash+1","Thunderclap+1"],"picked":"Warcry+1","floor":20},{"not_picked":["Rage","Cleave"],"picked":"Perfected Strike","floor":21},{"not_picked":["Feel No Pain","Inflame+1"],"picked":"Sever Soul+1","floor":24},{"not_picked":["Clothesline+1","Headbutt"],"picked":"Wild Strike+1","floor":27},{"not_picked":["Reaper","True Grit"],"picked":"Perfected Strike","floor":28},{"not_picked":["Thunderclap","Shrug It Off"],"picked":"Ghostly Armor","floor":31},{"not_picked":["Barricade","Exhume"],"picked":"Double Tap","floor":33},{"not_picked":["Power Through","Blood for Blood"],"picked":"Perfected Strike","floor":35},{"not_picked":["True Grit","Flame Barrier"],"picked":"Pommel Strike+1","floor":38},{"not_picked":["Bloodletting+1","Burning Pact","Spot Weakness"],"picked":"SKIP","floor":40},{"not_picked":["Cleave+1","Clash","Evolve+1"],"picked":"SKIP","floor":42},{"not_picked":["Body Slam","Dual Wield+1","Clothesline+1"],"picked":"SKIP","floor":45},{"not_picked":["True Grit+1","Havoc"],"picked":"Rage","floor":48}],"player_experience":121958,"relics_obtained":[{"floor":7.0,"key":"Pear"},{"floor":9.0,"key":"Tiny Chest"},{"floor":11.0,"key":"Potion Belt"},{"floor":14.0,"key":"Boot"},{"floor":22,"key":"Matryoshka"},{"floor":26,"key":"Anchor"},{"floor":26,"key":"Pantograph"},{"floor":40,"key":"Centennial Puzzle"},{"floor":43,"key":"Strawberry"},{"floor":43,"key":"Champion Belt"}],"event_choices":[{"damage_healed":0.0,"max_hp_gain":0.0,"max_hp_loss":0.0,"gold_gain":0.0,"event_name":"Living Wall","player_choice":"Grow","floor":2.0,"gold_loss":0.0,"damage_taken":0.0,"cards_upgraded":["Perfected Strike"]},{"damage_healed":0.0,"max_hp_gain":0.0,"max_hp_loss":0.0,"gold_gain":0.0,"event_name":"Wheel of Change","player_choice":"Cursed","floor":3.0,"gold_loss":0.0,"damage_taken":0.0,"cards_obtained":["Decay"]},{"damage_healed":0.0,"max_hp_gain":0.0,"max_hp_loss":0.0,"gold_gain":0.0,"event_name":"Scrap Ooze","player_choice":"Success","floor":10.0,"gold_loss":0.0,"damage_taken":7.0,"relics_obtained":["Ancient Tea Set"]},{"damage_healed":0.0,"max_hp_gain":0.0,"max_hp_loss":0.0,"gold_gain":0.0,"event_name":"The Library","player_choice":"Read","floor":19.0,"gold_loss":0.0,"damage_taken":0.0,"cards_obtained":["Perfected Strike"]},{"damage_healed":0,"gold_gain":0,"player_choice":"Ignored","damage_taken":0,"max_hp_gain":0,"max_hp_loss":0,"event_name":"Ghosts","floor":30,"gold_loss":0},{"damage_healed":0,"gold_gain":0,"player_choice":"Max HP","damage_taken":0,"max_hp_gain":0,"max_hp_loss":5,"event_name":"Winding Halls","floor":36,"gold_loss":0},{"damage_healed":0,"gold_gain":0,"player_choice":"Memory 1","damage_taken":0,"max_hp_gain":0,"max_hp_loss":0,"event_name":"SensoryStone","floor":37,"gold_loss":0},{"cards_removed":["Defend_R"],"damage_healed":0,"gold_gain":0,"player_choice":"Removed Skill","damage_taken":0,"max_hp_gain":0,"max_hp_loss":0,"event_name":"Falling","floor":46,"gold_loss":0}],"is_beta":false,"boss_relics":[{"not_picked":["Black Star","Runic Cube"],"picked":"Snecko Eye"},{"not_picked":["Runic Dome","Orrery"],"picked":"Fusion Hammer"}],"items_purged_floors":[39],"is_endless":false,"potions_floor_spawned":[1,8,13,20,24,31,33,35,40,42],"ascension_level":9}