{"gold_per_floor":[109,109,126,140,159,159,84,84,139,150,150,165,198,214,214,214],"floor_reached":16,"playtime":522,"items_purged":["Strike_B"],"score":172,"play_id":"8e367a88-9c66-45f1-aed0-6d718f0c6a34","local_time":"20181024204245","is_ascension_mode":true,"campfire_choices":[{"data":"Zap","floor":6,"key":"SMITH"},{"data":"Dualcast","floor":11,"key":"SMITH"},{"data":"Go for the Eyes","floor":15,"key":"SMITH"}],"neow_cost":"NONE","seed_source_timestamp":372944583356202,"circlet_count":0,"master_deck":["Strike_B+1","Strike_B","Strike_B+1","Defend_B","Defend_B","Defend_B","Defend_B","Zap+1","Dualcast+1","AscendersBane","Sweeping Beam","Leap","Auto Shields","Coolheaded","Go for the Eyes+1","Buffer","Blizzard"],"relics":["Cracked Core","NeowsBlessing","Whetstone","PreservedInsect"],"potions_floor_usage":[12,13],"damage_taken":[{"damage":0,"enemies":"2 Louse","floor":1,"turns":1},{"damage":0,"enemies":"Cultist","floor":3,"turns":1},{"damage":0,"enemies":"Jaw Worm","floor":4,"turns":1},{"damage":18,"enemies":"Lots of Slimes","floor":5,"turns":4},{"damage":5,"enemies":"Exordium Thugs","floor":10,"turns":5},{"damage":1,"enemies":"Exordium Wildlife","floor":12,"turns":3},{"damage":15,"enemies":"3 Sentries","floor":13,"turns":7},{"damage":0,"enemies":"2 Fungi Beasts","floor":14,"turns":4},{"damage":18,"enemies":"The Guardian","floor":16,"turns":9}],"seed_played":"7406684637064458490","potions_obtained":[{"floor":1,"key":"GamblersBrew"},{"floor":12,"key":"PowerPotion"},{"floor":13,"key":"AttackPotion"}],"is_trial":false,"path_per_floor":["M","?","M","M","M","R","$","?","T","M","R","M","E","M","R"],"character_chosen":"DEFECT","items_purchased":[],"campfire_rested":0,"item_purchase_floors":[],"current_hp_per_floor":[68,75,75,75,57,57,57,57,57,52,52,51,36,36,36,18],"gold":214,"neow_bonus":"THREE_ENEMY_KILL","is_prod":false,"is_daily":false,"chose_seed":false,"campfire_upgraded":3,"win_rate":0,"timestamp":1540406565,"path_taken":["M","?","M","?","M","R","$","?","T","M","R","?","E","M","R","BOSS"],"build_version":"2018-10-18","purchased_purges":1,"victory":false,"max_hp_per_floor":[75,75,75,75,75,75,75,75,75,75,75,75,75,75,75,75],"card_choices":[{"not_picked":["Redo","Compile Driver"],"picked":"Sweeping Beam","floor":1},{"not_picked":["Coolheaded","Sweeping Beam"],"picked":"Leap","floor":3},{"not_picked":["Coolheaded","Steam Power"],"picked":"Auto Shields","floor":4},{"not_picked":["White Noise","Multi-Cast"],"picked":"Coolheaded","floor":5},{"not_picked":["Barrage","Sweeping Beam","Turbo"],"picked":"SKIP","floor":10},{"not_picked":["Beam Cell","Scrape"],"picked":"Go for the Eyes","floor":12},{"not_picked":["Double Energy","Force Field"],"picked":"Buffer","floor":13},{"not_picked":["Stack","Steam"],"picked":"Blizzard","floor":14}],"player_experience":570464,"relics_obtained":[{"floor":9,"key":"Whetstone"},{"floor":13,"key":"PreservedInsect"}],"event_choices":[{"damage_healed":7,"gold_gain":0,"player_choice":"Full Heal","damage_taken":0,"max_hp_gain":0,"max_hp_loss":0,"event_name":"Wheel of Change","floor":2,"gold_loss":0},{"damage_healed":0,"gold_gain":0,"player_choice":"Ignored","damage_taken":0,"max_hp_gain":0,"max_hp_loss":0,"event_name":"Liars Game","floor":8,"gold_loss":0}],"is_beta":false,"boss_relics":[],"items_purged_floors":[7],"is_endless":false,"potions_floor_spawned":[1,12,13],"killed_by":"The Guardian","ascension_level":13}