{"gold_per_floor":[12,30,30,30,54,54,97,97,124,124,159,172,172,172,172,303,303,328,352,267,267,267,300,300,344,418,439,463,463,89,105,105,225,225,244,244,268,283,307,307,350,350,397,397,397,156,156,156,156,156],"floor_reached":51,"playtime":3660,"items_purged":["Strike_R","Strike_R"],"score":926,"play_id":"eda6916c-9ce7-477f-b958-cf4ad17ea154","local_time":"20190217124538","is_ascension_mode":true,"campfire_choices":[{"data":"Inflame","floor":6,"key":"SMITH"},{"data":"Heavy Blade","floor":8,"key":"SMITH"},{"data":"Bash","floor":10,"key":"SMITH"},{"data":"Uppercut","floor":13,"key":"SMITH"},{"data":"Seeing Red","floor":15,"key":"SMITH"},{"floor":24,"key":"REST"},{"floor":29,"key":"REST"},{"floor":32,"key":"REST"},{"floor":40,"key":"REST"},{"floor":42,"key":"REST"},{"data":"Limit Break","floor":45,"key":"SMITH"},{"floor":49,"key":"REST"}],"neow_cost":"NO_GOLD","seed_source_timestamp":78641928816227,"circlet_count":0,"master_deck":["Strike_R+1","Strike_R+1","Defend_R+1","Defend_R+1","Defend_R+1","Bash+1","Inflame+1","Heavy Blade+1","Shrug It Off+1","Disarm+1","Uppercut+1","Seeing Red+1","Fiend Fire+1","Bloodletting+1","Shrug It Off+1","Dropkick+1","Inflame+1","Limit Break+1","Feel No Pain+1","Flame Barrier+1","Sword Boomerang+1","Prepared+1","Sword Boomerang+1","PiercingWail+1","Finesse+1","Conserve Battery+1","Iron Wave+1","Cloak And Dagger+1","Infinite Blades+1","Footwork+1","Iron Wave+1","Feel No Pain+1"],"relics":["Burning Blood","StoneCalendar","Golden Idol","Bag of Marbles","Juzu Bracelet","Odd Mushroom","Sozu","Incense Burner","Question Card","Prayer Wheel","Centennial Puzzle","Self Forming Clay","PrismaticShard","Lizard Tail","Smiling Mask","Orichalcum","Blood Vial","Mark of the Bloom"],"potions_floor_usage":[7,38,39],"damage_taken":[{"damage":5,"enemies":"Small Slimes","floor":1,"turns":3},{"damage":2,"enemies":"Jaw Worm","floor":2,"turns":5},{"damage":0,"enemies":"2 Louse","floor":5,"turns":2},{"damage":22,"enemies":"Lagavulin","floor":7,"turns":6},{"damage":24,"enemies":"The Mushroom Lair","floor":11,"turns":7},{"damage":7,"enemies":"Blue Slaver","floor":12,"turns":4},{"damage":15,"enemies":"Slime Boss","floor":16,"turns":7},{"damage":1,"enemies":"Shell Parasite","floor":18,"turns":3},{"damage":12,"enemies":"Chosen","floor":19,"turns":3},{"damage":33,"enemies":"Book of Stabbing","floor":23,"turns":4},{"damage":38,"enemies":"Slavers","floor":25,"turns":6},{"damage":1,"enemies":"Centurion and Healer","floor":27,"turns":4},{"damage":11,"enemies":"Snecko","floor":28,"turns":4},{"damage":21,"enemies":"Shelled Parasite and Fungi","floor":31,"turns":3},{"damage":39,"enemies":"Collector","floor":33,"turns":8},{"damage":21,"enemies":"3 Darklings","floor":35,"turns":5},{"damage":17,"enemies":"Orb Walker","floor":37,"turns":4},{"damage":27,"enemies":"Jaw Worm Horde","floor":38,"turns":5},{"damage":19,"enemies":"3 Darklings","floor":39,"turns":6},{"damage":13,"enemies":"Nemesis","floor":41,"turns":7},{"damage":33,"enemies":"Donu and Deca","floor":50,"turns":11}],"seed_played":"-1990933153108509730","potions_obtained":[{"floor":2,"key":"Block Potion"},{"floor":5,"key":"PowerPotion"},{"floor":12,"key":"Poison Potion"}],"is_trial":false,"path_per_floor":["M","M","?","?","M","R","E","R","T","R","?","M","R","?","R","B",null,"M","M","?","?","?","E","R","E","T","M","M","R","$","M","R","B",null,"M","?","M","M","M","R","E","R","T","?","R","$","?","?","R","B",null],"character_chosen":"IRONCLAD","items_purchased":["Flame Barrier","PrismaticShard","Sword Boomerang","Feel No Pain","Blood Vial"],"campfire_rested":6,"item_purchase_floors":[30,30,30,46,46],"current_hp_per_floor":[73,77,57,57,63,63,47,47,47,47,29,28,28,28,28,19,65,70,64,64,64,64,37,61,29,29,34,29,53,53,38,62,29,67,52,52,41,20,7,31,24,48,48,48,48,48,48,48,48,15],"gold":156,"neow_bonus":"ONE_RARE_RELIC","is_prod":false,"is_daily":false,"chose_seed":false,"campfire_upgraded":6,"win_rate":0,"timestamp":1550403938,"path_taken":["M","M","?","?","M","R","E","R","T","R","?","M","R","?","R","BOSS","M","M","?","?","?","E","R","E","T","M","M","R","?","M","R","BOSS","M","?","M","M","M","R","E","R","T","?","R","$","?","?","R","BOSS"],"build_version":"2019-01-23","purchased_purges":2,"victory":true,"max_hp_per_floor":[80,80,80,80,80,80,80,80,80,80,80,80,80,80,80,80,80,80,80,80,80,80,80,80,80,80,80,80,80,80,80,80,80,80,80,80,80,80,80,80,80,80,80,80,80,80,76,76,76,76],"card_choices":[{"not_picked":["Perfected Strike","Dual Wield"],"picked":"Inflame","floor":1},{"not_picked":["True Grit","Thunderclap"],"picked":"Heavy Blade","floor":2},{"not_picked":["Pommel Strike","Headbutt"],"picked":"Shrug It Off","floor":5},{"not_picked":["Fire Breathing","Armaments"],"picked":"Disarm","floor":7},{"not_picked":["Seeing Red","Metallicize"],"picked":"Uppercut","floor":11},{"not_picked":["Sword Boomerang","Thunderclap"],"picked":"Seeing Red","floor":12},{"not_picked":["Berserk","Juggernaut"],"picked":"Fiend Fire","floor":16},{"not_picked":["Ghostly Armor","Body Slam+1"],"picked":"Bloodletting","floor":18},{"not_picked":["Dual Wield","Havoc","Corruption"],"picked":"SKIP","floor":19},{"not_picked":["Armaments","Clothesline","Iron Wave+1"],"picked":"Shrug It Off+1","floor":23},{"not_picked":["Twin Strike","Heavy Blade","Shrug It Off"],"picked":"Dropkick+1","floor":25},{"not_picked":["Uppercut","Havoc","True Grit"],"picked":"Double Tap","floor":27},{"not_picked":["Shrug It Off","Havoc","Pummel"],"picked":"Inflame","floor":27},{"not_picked":["Pommel Strike","Havoc","Anger"],"picked":"Limit Break","floor":28},{"not_picked":["Wild Strike+1","Cleave+1","Perfected Strike"],"picked":"Feel No Pain+1","floor":28},{"not_picked":["Perfected Strike+1","Searing Blow","Armaments"],"picked":"Prepared","floor":31},{"not_picked":["Pommel Strike","Tactician","Dodge and Roll","Disarm"],"picked":"SKIP","floor":31},{"not_picked":["Lockon+1","Quick Slash","Beam Cell+1"],"picked":"Sword Boomerang","floor":35},{"not_picked":["Clothesline","Aggregate","Beam Cell"],"picked":"PiercingWail+1","floor":35},{"not_picked":["Panacea","Sword Boomerang","Streamline"],"picked":"Finesse+1","floor":37},{"not_picked":["Whirlwind","Sword Boomerang+1","Sucker Punch"],"picked":"Conserve Battery+1","floor":37},{"not_picked":["Static Discharge+1","Anger+1","Loop+1"],"picked":"Iron Wave+1","floor":38},{"not_picked":["Electrodynamics","Sweeping Beam","Deflect"],"picked":"Cloak And Dagger","floor":38},{"not_picked":["Hologram+1","Undo","Prepared+1"],"picked":"Infinite Blades+1","floor":39},{"not_picked":["Forethought","Metallicize","Havoc"],"picked":"Footwork+1","floor":39},{"not_picked":["Power Through+1","Choke+1","Ball Lightning","HandOfGreed"],"picked":"SKIP","floor":41}],"player_experience":414100,"relics_obtained":[{"floor":7,"key":"Bag of Marbles"},{"floor":9,"key":"Juzu Bracelet"},{"floor":11,"key":"Odd Mushroom"},{"floor":23,"key":"Prayer Wheel"},{"floor":25,"key":"Centennial Puzzle"},{"floor":26,"key":"Self Forming Clay"},{"floor":41,"key":"Smiling Mask"},{"floor":43,"key":"Orichalcum"}],"event_choices":[{"damage_healed":0,"gold_gain":0,"player_choice":"Take Damage","damage_taken":20,"relics_obtained":["Golden Idol"],"max_hp_gain":0,"max_hp_loss":0,"event_name":"Golden Idol","floor":3,"gold_loss":0},{"damage_healed":0,"gold_gain":0,"player_choice":"Leave","damage_taken":0,"max_hp_gain":0,"max_hp_loss":0,"event_name":"The Cleric","floor":4,"gold_loss":0},{"damage_healed":0,"gold_gain":0,"player_choice":"Fought Mushrooms","damage_taken":0,"max_hp_gain":0,"max_hp_loss":0,"event_name":"Mushrooms","floor":11,"gold_loss":0},{"cards_removed":["Defend_R"],"damage_healed":0,"gold_gain":0,"player_choice":"Forget","damage_taken":0,"max_hp_gain":0,"max_hp_loss":0,"event_name":"Living Wall","floor":14,"gold_loss":0},{"damage_healed":0,"gold_gain":0,"player_choice":"Obtained Relic","damage_taken":0,"relics_obtained":["Incense Burner"],"max_hp_gain":0,"max_hp_loss":0,"event_name":"Addict","floor":20,"gold_loss":85},{"damage_healed":0,"gold_gain":0,"player_choice":"Ignored","damage_taken":0,"max_hp_gain":0,"max_hp_loss":0,"event_name":"Vampires","floor":21,"gold_loss":0},{"damage_healed":0,"gold_gain":0,"player_choice":"Opened","damage_taken":0,"relics_obtained":["Question Card"],"max_hp_gain":0,"max_hp_loss":0,"event_name":"The Mausoleum","floor":22,"gold_loss":0},{"cards_removed":["Strike_R"],"damage_healed":0,"gold_gain":0,"player_choice":"Purged","damage_taken":0,"max_hp_gain":0,"max_hp_loss":0,"event_name":"Purifier","floor":36,"gold_loss":0},{"cards_removed":["Double Tap"],"damage_healed":0,"gold_gain":0,"player_choice":"Took Card","damage_taken":0,"max_hp_gain":0,"max_hp_loss":0,"event_name":"NoteForYourself","floor":44,"gold_loss":0,"cards_obtained":["Iron Wave"]},{"damage_healed":0,"gold_gain":0,"player_choice":"Max HP","damage_taken":0,"max_hp_gain":0,"max_hp_loss":4,"event_name":"Winding Halls","floor":47,"gold_loss":0},{"damage_healed":0,"gold_gain":0,"player_choice":"Upgrade","damage_taken":0,"relics_obtained":["Mark of the Bloom"],"max_hp_gain":0,"max_hp_loss":0,"event_name":"MindBloom","floor":48,"gold_loss":0,"cards_upgraded":["Strike_R","Strike_R","Defend_R","Defend_R","Defend_R","Shrug It Off","Disarm","Fiend Fire","Bloodletting","Inflame","Flame Barrier","Sword Boomerang","Prepared","Sword Boomerang","Cloak And Dagger","Iron Wave","Feel No Pain"]}],"is_beta":false,"boss_relics":[{"not_picked":["White Beast Statue","Philosopher\u0027s Stone"],"picked":"Sozu"},{"not_picked":["Black Star","Calling Bell"],"picked":"Lizard Tail"}],"items_purged_floors":[30,46],"is_endless":false,"potions_floor_spawned":[2,5,12,18,27,28,31,39],"ascension_level":7}