{"gold_per_floor":[12,22,33,33,45,45,103,103,103,103,132,132,56,91,91,190,190,209,209,209,209,221,221,241,36,60,73,90,105,105,115,115,218,218,234,283,283,297,147,147,176,191,191,202,202,220,246,266,266,266],"floor_reached":51,"playtime":4517,"items_purged":["Strike_R","Rage"],"score":813,"play_id":"237f5dfd-4f63-4c92-96bf-45d565834bb1","local_time":"20190212151812","is_ascension_mode":true,"campfire_choices":[{"data":"True Grit","floor":6.0,"key":"SMITH"},{"data":"Rampage","floor":8.0,"key":"SMITH"},{"data":"Dark Embrace","floor":12.0,"key":"SMITH"},{"data":"Inflame","floor":15.0,"key":"SMITH"},{"data":"Demon Form","floor":23.0,"key":"SMITH"},{"data":"Armaments","floor":30.0,"key":"SMITH"},{"floor":32.0,"key":"REST"},{"floor":40,"key":"REST"},{"data":"Limit Break","floor":45,"key":"SMITH"},{"floor":49,"key":"REST"}],"neow_cost":"NO_GOLD","seed_source_timestamp":0,"circlet_count":0,"master_deck":["Defend_R","Defend_R","Defend_R","Bash","True Grit+1","Flex+1","Whirlwind","Rampage+1","Seeing Red+1","Dark Embrace+1","Inflame+1","Dropkick","Limit Break+1","Dual Wield","Demon Form+1","Shrug It Off","Corruption+1","Battle Trance","Armaments+1","Bloodletting+1","Shrug It Off+1","Feed","Battle Trance+1","Master of Strategy","Seeing Red+1","Shrug It Off","Rupture+1","Armaments+1","Inflame","Berserk"],"special_seed":0,"relics":["Burning Blood","Shuriken","Strawberry","War Paint","StoneCalendar","Runic Cube","Dream Catcher","Sozu","Du-Vu Doll","Self Forming Clay","Ornamental Fan","Thread and Needle"],"potions_floor_usage":[35,50],"damage_taken":[{"damage":6.0,"enemies":"Cultist","floor":1.0,"turns":3.0},{"damage":0.0,"enemies":"2 Louse","floor":2.0,"turns":3.0},{"damage":4.0,"enemies":"Small Slimes","floor":3.0,"turns":7.0},{"damage":10.0,"enemies":"3 Louse","floor":5.0,"turns":3.0},{"damage":53.0,"enemies":"Lagavulin Event","floor":7.0,"turns":7.0},{"damage":14.0,"enemies":"Gremlin Nob","floor":11.0,"turns":3.0},{"damage":17.0,"enemies":"3 Sentries","floor":14.0,"turns":5.0},{"damage":15.0,"enemies":"Hexaghost","floor":16.0,"turns":8.0},{"damage":14.0,"enemies":"Shell Parasite","floor":18.0,"turns":7.0},{"damage":35.0,"enemies":"2 Thieves","floor":22.0,"turns":4.0},{"damage":11.0,"enemies":"Centurion and Healer","floor":24.0,"turns":7.0},{"damage":13.0,"enemies":"Snecko","floor":27.0,"turns":4.0},{"damage":30.0,"enemies":"Snake Plant","floor":28.0,"turns":4.0},{"damage":0.0,"enemies":"Shelled Parasite and Fungi","floor":29.0,"turns":2.0},{"damage":3.0,"enemies":"Sentry and Sphere","floor":31.0,"turns":2.0},{"damage":36.0,"enemies":"Collector","floor":33.0,"turns":4.0},{"damage":17,"enemies":"Orb Walker","floor":35,"turns":4},{"damage":22,"enemies":"2 Orb Walkers","floor":36,"turns":4},{"damage":23,"enemies":"3 Shapes","floor":38,"turns":5},{"damage":9,"enemies":"Nemesis","floor":41,"turns":5},{"damage":6,"enemies":"Sphere and 2 Shapes","floor":42,"turns":3},{"damage":3,"enemies":"Transient","floor":44,"turns":5},{"damage":19,"enemies":"Jaw Worm Horde","floor":46,"turns":4},{"damage":23,"enemies":"Reptomancer","floor":47,"turns":4},{"damage":9,"enemies":"Spire Growth","floor":48,"turns":3},{"damage":51,"enemies":"Time Eater","floor":50,"turns":7}],"seed_played":"5960671018706236266","potions_obtained":[{"floor":1.0,"key":"EssenceOfSteel"},{"floor":2.0,"key":"SmokeBomb"},{"floor":5.0,"key":"SpeedPotion"},{"floor":7.0,"key":"AttackPotion"},{"floor":16.0,"key":"Block Potion"},{"floor":24.0,"key":"Dexterity Potion"},{"floor":28.0,"key":"EssenceOfSteel"},{"floor":31.0,"key":"Poison Potion"}],"is_trial":false,"path_per_floor":["M","M","M","?","M","R","?","R","T","?","E","R","$","E","R","B",null,"M","?","?","?","M","R","M","$","T","M","M","M","R","M","R","B",null,"M","?","?","M","$","R","E","M","T","M","R","M","E","M","R","B",null],"character_chosen":"IRONCLAD","items_purchased":["Inflame","Battle Trance","Armaments","Shrug It Off"],"campfire_rested":3,"item_purchase_floors":[13,25,25,39],"current_hp_per_floor":[80,80,80,85,81,81,34,34,41,41,33,33,33,22,22,13,92,84,84,84,84,55,55,50,50,50,43,19,25,25,28,55,25,92,85,73,63,52,52,83,83,90,90,93,93,83,66,63,98,53],"gold":266,"neow_bonus":"REMOVE_TWO","is_prod":false,"is_daily":false,"chose_seed":false,"campfire_upgraded":7,"win_rate":0,"timestamp":1549981092,"path_taken":["M","?","M","?","M","R","?","R","T","?","E","R","$","E","R","BOSS","M","?","?","?","M","R","M","$","T","M","M","M","R","M","R","BOSS","M","?","?","M","?","R","E","M","T","M","R","?","E","M","R","BOSS"],"build_version":"2019-02-06","purchased_purges":2,"victory":true,"max_hp_per_floor":[80,80,80,85,85,85,85,85,92,92,92,92,92,92,92,92,92,92,92,92,92,92,92,92,92,92,92,92,92,92,92,92,92,92,96,100,100,106,106,106,109,116,116,116,116,119,119,119,119,119],"card_choices":[{"not_picked":["Infernal Blade","Headbutt"],"picked":"True Grit","floor":1.0},{"not_picked":["Second Wind","Clash"],"picked":"Flex","floor":2.0},{"not_picked":["Clothesline","Battle Trance"],"picked":"Whirlwind","floor":3.0},{"not_picked":["Heavy Blade","Headbutt"],"picked":"Rampage","floor":5.0},{"not_picked":["Perfected Strike","Flex"],"picked":"Seeing Red","floor":7.0},{"not_picked":["Iron Wave","Twin Strike"],"picked":"Dark Embrace","floor":11.0},{"not_picked":["Pummel","Bloodletting"],"picked":"Dropkick","floor":14.0},{"not_picked":["Double Tap","Barricade"],"picked":"Limit Break","floor":16.0},{"not_picked":["Cleave","Twin Strike","Pommel Strike"],"picked":"SKIP","floor":18.0},{"not_picked":["Thunderclap","Inflame+1"],"picked":"Shrug It Off","floor":22.0},{"not_picked":["Spot Weakness+1","Anger+1"],"picked":"Corruption+1","floor":24.0},{"not_picked":["Body Slam","Iron Wave+1","Heavy Blade"],"picked":"SKIP","floor":27.0},{"not_picked":["Blood for Blood","Perfected Strike+1","Rampage"],"picked":"SKIP","floor":28.0},{"not_picked":["Iron Wave+1","Body Slam"],"picked":"Bloodletting+1","floor":29.0},{"not_picked":["Thunderclap","Barricade","Anger"],"picked":"SKIP","floor":31.0},{"not_picked":["Combust","Anger+1"],"picked":"Shrug It Off+1","floor":32.0},{"not_picked":["Demon Form","Juggernaut"],"picked":"Feed","floor":33.0},{"not_picked":["Twin Strike","True Grit+1"],"picked":"Battle Trance+1","floor":35},{"not_picked":["Enlightenment","Apotheosis"],"picked":"Master of Strategy","floor":37},{"not_picked":["Pommel Strike+1","Iron Wave+1"],"picked":"Seeing Red+1","floor":38},{"not_picked":["Whirlwind","Hemokinesis+1"],"picked":"Rupture+1","floor":40},{"not_picked":["Sword Boomerang+1","Uppercut"],"picked":"Armaments+1","floor":41},{"not_picked":["Warcry","Power Through","Sever Soul+1"],"picked":"SKIP","floor":42},{"not_picked":["Flex+1","Pommel Strike"],"picked":"Inflame","floor":44},{"not_picked":["Body Slam+1","Warcry+1","Perfected Strike+1"],"picked":"SKIP","floor":46},{"not_picked":["Headbutt+1","Twin Strike+1"],"picked":"Berserk","floor":47},{"not_picked":["Intimidate","Searing Blow+1","Perfected Strike"],"picked":"SKIP","floor":48}],"player_experience":27239,"relics_obtained":[{"floor":7.0,"key":"Shuriken"},{"floor":9.0,"key":"Strawberry"},{"floor":11.0,"key":"War Paint"},{"floor":14.0,"key":"StoneCalendar"},{"floor":26.0,"key":"Dream Catcher"},{"floor":36,"key":"Du-Vu Doll"},{"floor":41,"key":"Self Forming Clay"},{"floor":43,"key":"Ornamental Fan"},{"floor":47,"key":"Thread and Needle"}],"event_choices":[{"damage_healed":0.0,"max_hp_gain":5.0,"max_hp_loss":0.0,"gold_gain":0.0,"event_name":"Big Fish","player_choice":"Donut","floor":4.0,"gold_loss":0.0,"damage_taken":0.0},{"damage_healed":0.0,"max_hp_gain":0.0,"max_hp_loss":0.0,"gold_gain":30.0,"event_name":"Dead Adventurer","player_choice":"Searched \u00272\u0027 times","floor":7.0,"gold_loss":0.0,"damage_taken":0.0},{"cards_removed":["Strike_R"],"damage_healed":0.0,"max_hp_gain":0.0,"max_hp_loss":0.0,"gold_gain":0.0,"event_name":"Living Wall","player_choice":"Forget","floor":10.0,"gold_loss":0.0,"damage_taken":0.0},{"damage_healed":0.0,"max_hp_gain":0.0,"max_hp_loss":0.0,"gold_gain":0.0,"event_name":"The Library","player_choice":"Read","floor":19.0,"gold_loss":0.0,"damage_taken":0.0,"cards_obtained":["Dual Wield"]},{"damage_healed":0.0,"max_hp_gain":0.0,"max_hp_loss":0.0,"gold_gain":0.0,"cards_transformed":["Strike_R","Defend_R"],"event_name":"Drug Dealer","player_choice":"Became Test Subject","floor":20.0,"gold_loss":0.0,"damage_taken":0.0,"cards_obtained":["Rage","Demon Form"]},{"damage_healed":0.0,"max_hp_gain":0.0,"max_hp_loss":0.0,"gold_gain":0.0,"event_name":"The Mausoleum","player_choice":"Ignored","floor":21.0,"gold_loss":0.0,"damage_taken":0.0},{"damage_healed":0,"gold_gain":0,"player_choice":"Fight","damage_taken":0,"max_hp_gain":0,"max_hp_loss":0,"event_name":"Mysterious Sphere","floor":36,"gold_loss":0},{"damage_healed":0,"gold_gain":0,"player_choice":"Memory 3","damage_taken":10,"max_hp_gain":0,"max_hp_loss":0,"event_name":"SensoryStone","floor":37,"gold_loss":0}],"is_beta":true,"boss_relics":[{"not_picked":["Snecko Eye","Tiny House"],"picked":"Runic Cube"},{"not_picked":["White Beast Statue","Lizard Tail"],"picked":"Sozu"}],"items_purged_floors":[25,39],"is_endless":false,"potions_floor_spawned":[1,2,5,7,16,24,28,31,35,44,46,47,48],"ascension_level":2}