{"gold_per_floor":[219,294,307,50,225,236,236,236,236,255,274,306,21,49,49,126,126,139,166,177,98,98,60,60,80,107,34,60,85,97,109,121,207,219,251,363,125,171,4,4,17,17,40,54,54,87,6,6,6,6],"floor_reached":51,"playtime":3015,"items_purged":["Strike_B","Doubt"],"score":1199,"play_id":"52384740-9a88-4e26-a0cb-93f693a00bdd","local_time":"20190222145539","is_ascension_mode":true,"campfire_choices":[{"data":"Biased Cognition","floor":8,"key":"SMITH"},{"data":"Loop","floor":15,"key":"SMITH"},{"floor":24,"key":"REST"},{"data":"Fission","floor":30,"key":"SMITH"},{"data":"Sunder","floor":32,"key":"SMITH"},{"data":"Seek","floor":40,"key":"SMITH"},{"data":"Chill","floor":49,"key":"SMITH"}],"neow_cost":"NONE","seed_source_timestamp":585935663318623,"circlet_count":0,"master_deck":["AscendersBane","Zap+1","Dualcast","Cold Snap","Biased Cognition+1","Loop+1","Ball Lightning","BootSequence","Leap","Self Repair","Chill","Fission+1","Ball Lightning","Tempest","Leap","Gash","Rebound","All For One","Beam Cell","Defragment","Sunder+1","Double Energy","FTL","FTL","Reinforced Body+1","Gash","Seek+1","Coolheaded","Flash of Steel","BootSequence","Capacitor+1","Echo Form","Chill+1","Flash of Steel"],"relics":["Cracked Core","Bag of Preparation","FossilizedHelix","Centennial Puzzle","Gremlin Horn","Bag of Marbles","Pandora\u0027s Box","Regal Pillow","MawBank","Potion Belt","Enchiridion","Nuclear Battery","WingedGreaves","DataDisk","StoneCalendar","Art of War","Blue Candle"],"potions_floor_usage":[6,12,12,35,50,50],"damage_taken":[{"damage":4,"enemies":"Small Slimes","floor":1,"turns":4},{"damage":4,"enemies":"Jaw Worm","floor":3,"turns":3},{"damage":3,"enemies":"2 Louse","floor":6,"turns":3},{"damage":4,"enemies":"Lots of Slimes","floor":10,"turns":4},{"damage":0,"enemies":"Red Slaver","floor":11,"turns":3},{"damage":0,"enemies":"3 Sentries","floor":12,"turns":5},{"damage":1,"enemies":"Lagavulin","floor":14,"turns":7},{"damage":15,"enemies":"The Guardian","floor":16,"turns":9},{"damage":0,"enemies":"3 Byrds","floor":18,"turns":2},{"damage":0,"enemies":"Spheric Guardian","floor":20,"turns":4},{"damage":9,"enemies":"Centurion and Healer","floor":25,"turns":5},{"damage":0,"enemies":"Snecko","floor":28,"turns":4},{"damage":6,"enemies":"Snake Plant","floor":29,"turns":4},{"damage":52,"enemies":"Automaton","floor":33,"turns":9},{"damage":0,"enemies":"3 Darklings","floor":35,"turns":2},{"damage":0,"enemies":"Mind Bloom Boss Battle","floor":36,"turns":4},{"damage":0,"enemies":"2 Orb Walkers","floor":38,"turns":3},{"damage":0,"enemies":"Orb Walker","floor":41,"turns":3},{"damage":13,"enemies":"4 Shapes","floor":44,"turns":3},{"damage":0,"enemies":"Nemesis","floor":46,"turns":9},{"damage":22,"enemies":"Awakened One","floor":50,"turns":10}],"seed_played":"-8065224092582322603","potions_obtained":[{"floor":6,"key":"Fruit Juice"},{"floor":10,"key":"AttackPotion"},{"floor":11,"key":"Swift Potion"},{"floor":20,"key":"AttackPotion"},{"floor":33,"key":"Block Potion"},{"floor":38,"key":"SkillPotion"},{"floor":44,"key":"Ancient Potion"}],"is_trial":false,"path_per_floor":["M","?","M","$","?","M","?","R","T","M","M","E","$","E","R","B",null,"M","T","M","$","?","$","R","M","T","?","M","M","R","?","R","B",null,"M","?","$","?","$","R","M","$","T","M","?","E","$","?","R","B",null],"character_chosen":"DEFECT","items_purchased":["Bag of Preparation","Loop","Gremlin Horn","Self Repair","Double Energy","FTL","DataDisk","Flash of Steel","BootSequence","Chill"],"campfire_rested":1,"item_purchase_floors":[4,4,13,13,21,23,37,39,39,47],"current_hp_per_floor":[64,53,49,49,49,51,51,51,51,47,47,47,47,53,53,45,71,78,78,78,78,63,63,85,83,83,83,83,77,77,61,61,16,68,68,75,75,75,75,75,75,75,75,69,69,76,76,76,76,61],"gold":6,"neow_bonus":"HUNDRED_GOLD","is_prod":false,"is_daily":false,"chose_seed":false,"campfire_upgraded":6,"win_rate":0,"timestamp":1550825739,"path_taken":["M","?","M","$","?","M","?","R","T","?","M","E","$","E","R","BOSS","M","?","M","?","?","?","R","M","T","?","M","?","R","?","R","BOSS","M","?","$","?","$","R","M","?","T","M","?","E","?","?","R","BOSS"],"build_version":"2019-01-23","purchased_purges":2,"victory":true,"max_hp_per_floor":[75,75,75,75,75,80,80,80,80,80,80,80,80,80,80,80,80,80,80,80,80,85,85,85,85,85,85,85,85,85,85,85,85,85,85,85,85,85,85,85,85,85,85,85,81,81,81,81,81,81],"card_choices":[{"not_picked":["Streamline","Steam"],"picked":"Cold Snap","floor":1},{"not_picked":["Chaos","Steam"],"picked":"Biased Cognition","floor":3},{"not_picked":["Redo","Hologram","Stack"],"picked":"SKIP","floor":6},{"not_picked":["Barrage","Stack"],"picked":"Ball Lightning","floor":10},{"not_picked":["Steam","Aggregate"],"picked":"BootSequence","floor":11},{"not_picked":["Rainbow","Defragment"],"picked":"Leap","floor":12},{"not_picked":["Streamline","Steam"],"picked":"Chill","floor":14},{"not_picked":["Reboot","Creative AI"],"picked":"Fission","floor":16},{"not_picked":["Compile Driver","Static Discharge"],"picked":"Defragment","floor":18},{"not_picked":["Ball Lightning","Consume"],"picked":"Sunder","floor":20},{"not_picked":["BootSequence+1","Barrage"],"picked":"FTL","floor":25},{"not_picked":["Undo","Static Discharge"],"picked":"Reinforced Body+1","floor":28},{"not_picked":["Loop","Beam Cell+1"],"picked":"Gash","floor":29},{"not_picked":["Machine Learning","Thunder Strike"],"picked":"Seek","floor":33},{"not_picked":["Storm","Beam Cell+1"],"picked":"Coolheaded","floor":35},{"not_picked":["Scrape+1","Rip and Tear"],"picked":"Capacitor+1","floor":41},{"not_picked":["Sweeping Beam","Doom and Gloom"],"picked":"Echo Form","floor":44},{"not_picked":["Barrage","Chaos","Ball Lightning"],"picked":"SKIP","floor":46},{"not_picked":["Master of Strategy","Good Instincts"],"picked":"Flash of Steel","floor":48}],"player_experience":861614,"relics_obtained":[{"floor":9,"key":"FossilizedHelix"},{"floor":12,"key":"Centennial Puzzle"},{"floor":14,"key":"Bag of Marbles"},{"floor":19,"key":"Regal Pillow"},{"floor":26,"key":"MawBank"},{"floor":31,"key":"Enchiridion"},{"floor":36,"key":"WingedGreaves"},{"floor":38,"key":"StoneCalendar"},{"floor":43,"key":"Art of War"},{"floor":46,"key":"Blue Candle"}],"event_choices":[{"damage_healed":0,"gold_gain":75,"player_choice":"Gather Gold","damage_taken":11,"max_hp_gain":0,"max_hp_loss":0,"event_name":"World of Goop","floor":2,"gold_loss":0},{"damage_healed":0,"gold_gain":175,"player_choice":"AGREE","damage_taken":0,"max_hp_gain":0,"max_hp_loss":0,"event_name":"Liars Game","floor":5,"gold_loss":0,"cards_obtained":["Doubt"]},{"damage_healed":0,"gold_gain":0,"player_choice":"Upgraded","damage_taken":0,"max_hp_gain":0,"max_hp_loss":0,"event_name":"Upgrade Shrine","floor":7,"gold_loss":0,"cards_upgraded":["Zap"]},{"damage_healed":0,"gold_gain":0,"player_choice":"Shed Blood","damage_taken":20,"max_hp_gain":5,"max_hp_loss":0,"event_name":"Forgotten Altar","floor":22,"gold_loss":0},{"damage_healed":0,"gold_gain":0,"player_choice":"Obtained Relic","damage_taken":0,"relics_obtained":["Potion Belt"],"max_hp_gain":0,"max_hp_loss":0,"event_name":"Addict","floor":27,"gold_loss":85},{"damage_healed":0,"gold_gain":0,"player_choice":"Obtained Book","damage_taken":16,"max_hp_gain":0,"max_hp_loss":0,"event_name":"Cursed Tome","floor":31,"gold_loss":0},{"damage_healed":0,"gold_gain":0,"player_choice":"Fight","damage_taken":0,"max_hp_gain":0,"max_hp_loss":0,"event_name":"MindBloom","floor":36,"gold_loss":0},{"damage_healed":0,"gold_gain":0,"player_choice":"Fight","damage_taken":0,"max_hp_gain":0,"max_hp_loss":0,"event_name":"Mysterious Sphere","floor":38,"gold_loss":0},{"damage_healed":0,"gold_gain":0,"player_choice":"Max HP","damage_taken":0,"max_hp_gain":0,"max_hp_loss":4,"event_name":"Winding Halls","floor":45,"gold_loss":0},{"damage_healed":0,"gold_gain":0,"player_choice":"Memory 1","damage_taken":0,"max_hp_gain":0,"max_hp_loss":0,"event_name":"SensoryStone","floor":48,"gold_loss":0}],"is_beta":false,"boss_relics":[{"not_picked":["Snecko Eye","Coffee Dripper"],"picked":"Pandora\u0027s Box"},{"not_picked":["Velvet Choker","Runic Pyramid"],"picked":"Nuclear Battery"}],"items_purged_floors":[4,37],"is_endless":false,"potions_floor_spawned":[6,10,11,20,33,38,44],"ascension_level":13}