{"gold_per_floor":[112,112,129,129,129,162,177,32,55,88,88,88,117,117,117,190,190,210,22,22,22,0],"floor_reached":22,"playtime":992,"items_purged":[],"score":427,"play_id":"df0b65fe-47e9-43aa-b6bd-67198bc0226e","local_time":"20190101111459","is_ascension_mode":true,"campfire_choices":[{"floor":12,"key":"REST"},{"floor":15,"key":"REST"}],"neow_cost":"NONE","seed_source_timestamp":740780842335148,"circlet_count":0,"master_deck":["AscendersBane","Strike_R","Strike_R","Strike_R","Strike_R","Defend_R","Defend_R","Defend_R","Defend_R","Bash","Shrug It Off","Combust","Twin Strike","Cleave","Disarm","Fiend Fire","Flash of Steel+1","Headbutt","Double Tap","Clumsy","Injury","Shame","Sadistic Nature","Necronomicurse"],"relics":["Burning Blood","Juzu Bracelet","NlothsMask","Ginger","Vajra","Smiling Mask","Regal Pillow","Bag of Preparation","Calling Bell","Strawberry","Paper Frog","Unceasing Top","Necronomicon"],"potions_floor_usage":[3,13,16],"damage_taken":[{"damage":9,"enemies":"2 Louse","floor":1,"turns":4},{"damage":3,"enemies":"Cultist","floor":3,"turns":4},{"damage":37,"enemies":"Gremlin Nob","floor":6,"turns":5},{"damage":10,"enemies":"Small Slimes","floor":7,"turns":3},{"damage":21,"enemies":"3 Sentries","floor":10,"turns":5},{"damage":34,"enemies":"Lagavulin","floor":13,"turns":9},{"damage":5,"enemies":"Slime Boss","floor":16,"turns":6},{"damage":37,"enemies":"Chosen","floor":18,"turns":5},{"damage":52,"enemies":"2 Thieves","floor":22,"turns":3}],"seed_played":"-3531010952387100916","potions_obtained":[{"floor":3,"key":"Fruit Juice"},{"floor":10,"key":"SkillPotion"},{"floor":13,"key":"SkillPotion"}],"is_trial":false,"path_per_floor":["M","?","M","?","T","E","M","$","T","E","?","R","E","?","R","B",null,"M","$","?","?","M"],"character_chosen":"IRONCLAD","items_purchased":["Vajra","Sadistic Nature"],"campfire_rested":2,"item_purchase_floors":[8,19],"current_hp_per_floor":[69,69,77,77,77,46,42,42,42,27,27,67,39,39,79,80,91,60,60,60,44,0],"gold":0,"neow_bonus":"RANDOM_COMMON_RELIC","is_prod":false,"is_daily":false,"chose_seed":false,"campfire_upgraded":0,"win_rate":0,"timestamp":1546370099,"path_taken":["M","?","M","?","?","E","M","$","T","E","?","R","E","?","R","BOSS","M","$","?","?","M"],"build_version":"2018-12-20","purchased_purges":0,"victory":false,"max_hp_per_floor":[80,80,85,85,85,85,85,85,85,85,85,85,85,85,85,85,92,92,92,92,92,92],"card_choices":[{"not_picked":["True Grit","Carnage"],"picked":"Shrug It Off","floor":1},{"not_picked":["Intimidate","Warcry"],"picked":"Combust","floor":3},{"not_picked":["Armaments","Hemokinesis"],"picked":"Twin Strike","floor":6},{"not_picked":["Clothesline","Shrug It Off"],"picked":"Cleave","floor":7},{"not_picked":["Warcry","Flex"],"picked":"Disarm","floor":10},{"not_picked":["Dual Wield","Second Wind"],"picked":"Headbutt","floor":13},{"not_picked":["Offering","Brutality"],"picked":"Double Tap","floor":16},{"not_picked":["Iron Wave","Reckless Charge","Fiend Fire"],"picked":"SKIP","floor":18}],"player_experience":445218,"relics_obtained":[{"floor":6,"key":"Ginger"},{"floor":9,"key":"Smiling Mask"},{"floor":10,"key":"Regal Pillow"},{"floor":13,"key":"Bag of Preparation"},{"floor":17,"key":"Strawberry"},{"floor":17,"key":"Paper Frog"},{"floor":17,"key":"Unceasing Top"},{"floor":21,"key":"Necronomicon"}],"event_choices":[{"cards_removed":["Strike_R"],"damage_healed":0,"gold_gain":0,"player_choice":"Purged","damage_taken":0,"max_hp_gain":0,"max_hp_loss":0,"event_name":"Purifier","floor":2,"gold_loss":0},{"damage_healed":0,"gold_gain":0,"player_choice":"Trade","damage_taken":0,"relics_obtained":["NlothsMask"],"max_hp_gain":0,"max_hp_loss":0,"event_name":"FaceTrader","floor":4,"gold_loss":0},{"damage_healed":0,"gold_gain":0,"player_choice":"2 cards matched","damage_taken":0,"max_hp_gain":0,"max_hp_loss":0,"event_name":"Match and Keep!","floor":11,"gold_loss":0,"cards_obtained":["Fiend Fire","Flash of Steel"]},{"damage_healed":0,"gold_gain":0,"player_choice":"Upgraded","damage_taken":0,"max_hp_gain":0,"max_hp_loss":0,"event_name":"Upgrade Shrine","floor":14,"gold_loss":0,"cards_upgraded":["Flash of Steel"]},{"damage_healed":0,"gold_gain":0,"player_choice":"Obtained Book","damage_taken":16,"max_hp_gain":0,"max_hp_loss":0,"event_name":"Cursed Tome","floor":21,"gold_loss":0}],"is_beta":false,"boss_relics":[{"not_picked":["Cursed Key","Runic Dome"],"picked":"Calling Bell"}],"items_purged_floors":[],"is_endless":false,"potions_floor_spawned":[3,10,13],"killed_by":"2 Thieves","ascension_level":13}