{"gold_per_floor":[20,20,36,53,63,88,88,123,191,191],"floor_reached":10,"playtime":425,"items_purged":[],"score":140,"play_id":"d2a614a7-a0be-4083-ba5f-db415c55ddd5","local_time":"20190125012425","is_ascension_mode":true,"campfire_choices":[{"floor":7,"key":"DIG"}],"neow_cost":"NO_GOLD","seed_source_timestamp":446034599895420,"circlet_count":0,"master_deck":["AscendersBane","Strike_R","Strike_R","Strike_R","Strike_R","Defend_R","Defend_R","Defend_R","Bash","Burning Pact","Seeing Red","Clash","Headbutt","Warcry","Dual Wield","Uppercut","Corruption"],"relics":["Burning Blood","Centennial Puzzle","Shovel","Happy Flower","Omamori","Bottled Lightning"],"potions_floor_usage":[8,10],"damage_taken":[{"damage":4,"enemies":"Small Slimes","floor":1,"turns":4},{"damage":9,"enemies":"Jaw Worm","floor":3,"turns":3},{"damage":8,"enemies":"2 Louse","floor":4,"turns":3},{"damage":0,"enemies":"Large Slime","floor":5,"turns":4},{"damage":25,"enemies":"Lagavulin","floor":6,"turns":5},{"damage":28,"enemies":"Gremlin Nob","floor":8,"turns":4},{"damage":30,"enemies":"Lagavulin","floor":10,"turns":3}],"seed_played":"-76771932611209794","potions_obtained":[{"floor":3,"key":"Ancient Potion"},{"floor":5,"key":"SpeedPotion"},{"floor":8,"key":"Fruit Juice"}],"is_trial":false,"path_per_floor":["M","?","M","M","M","E","R","E","T","E"],"character_chosen":"IRONCLAD","items_purchased":[],"campfire_rested":0,"item_purchase_floors":[],"current_hp_per_floor":[70,52,49,47,53,34,34,17,17,0],"gold":191,"neow_bonus":"TRANSFORM_TWO_CARDS","is_prod":false,"is_daily":false,"chose_seed":false,"campfire_upgraded":0,"win_rate":0,"timestamp":1548408265,"path_taken":["M","?","M","M","M","E","R","E","T","E"],"build_version":"2019-01-23","purchased_purges":0,"victory":false,"max_hp_per_floor":[75,75,75,75,75,75,75,80,80,80],"card_choices":[{"not_picked":["Sword Boomerang","Clothesline"],"picked":"Clash","floor":1},{"not_picked":["Sword Boomerang","Rupture"],"picked":"Headbutt","floor":3},{"not_picked":["Body Slam","Searing Blow"],"picked":"Warcry","floor":4},{"not_picked":["Sword Boomerang","Clothesline"],"picked":"Dual Wield","floor":5},{"not_picked":["Body Slam","Sword Boomerang"],"picked":"Uppercut","floor":6},{"not_picked":["Sword Boomerang","Clothesline"],"picked":"Corruption","floor":8}],"player_experience":500771,"relics_obtained":[{"floor":6,"key":"Shovel"},{"floor":7,"key":"Happy Flower"},{"floor":8,"key":"Omamori"},{"floor":9,"key":"Bottled Lightning"}],"event_choices":[{"damage_healed":0,"gold_gain":0,"player_choice":"Success","damage_taken":18,"relics_obtained":["Centennial Puzzle"],"max_hp_gain":0,"max_hp_loss":0,"event_name":"Scrap Ooze","floor":2,"gold_loss":0}],"is_beta":false,"boss_relics":[],"items_purged_floors":[],"is_endless":false,"potions_floor_spawned":[3,5,8],"killed_by":"Lagavulin","ascension_level":16}