{"gold_per_floor":[116,191,191,191,26,56,70,70,70,70,70,90,90,105,105,182,182,201,219,219,38,38,38,38,52,77,97,113,113,126,126],"floor_reached":31,"playtime":974,"items_purged":["Shame"],"score":472,"play_id":"955ecd5d-6458-435b-bc02-3e025e17224f","local_time":"20181213001155","is_ascension_mode":true,"campfire_choices":[{"data":"Limit Break","floor":8,"key":"SMITH"},{"data":"True Grit","floor":13,"key":"SMITH"},{"data":"Disarm","floor":15,"key":"SMITH"},{"data":"Ghostly","floor":23,"key":"SMITH"},{"floor":29,"key":"REST"}],"neow_cost":"PERCENT_DAMAGE","seed_source_timestamp":473233762709642,"circlet_count":0,"master_deck":["AscendersBane","Strike_R","Strike_R+1","Defend_R","Defend_R","Defend_R","Defend_R+1","Bash+1","Sentinel+1","Limit Break+1","Sword Boomerang+1","Inflame","True Grit+1","Disarm+1","Double Tap+1","Clumsy","Cleave+1","Blind","Ghostly","Ghostly","Ghostly+1","Ghostly+1","Whirlwind","Warcry+1","Evolve"],"relics":["Burning Blood","Whetstone","Art of War","Mercury Hourglass","Calling Bell","War Paint","Darkstone Periapt","Mango","Strawberry"],"potions_floor_usage":[6,18,18],"damage_taken":[{"damage":4,"enemies":"Small Slimes","floor":1,"turns":7},{"damage":22,"enemies":"Lagavulin","floor":6,"turns":7},{"damage":7,"enemies":"2 Louse","floor":7,"turns":4},{"damage":2,"enemies":"Jaw Worm","floor":12,"turns":4},{"damage":2,"enemies":"Looter","floor":14,"turns":2},{"damage":19,"enemies":"The Guardian","floor":16,"turns":8},{"damage":14,"enemies":"2 Thieves","floor":18,"turns":3},{"damage":26,"enemies":"Shell Parasite","floor":19,"turns":7},{"damage":14,"enemies":"Snecko","floor":25,"turns":7},{"damage":24,"enemies":"Snake Plant","floor":27,"turns":4},{"damage":23,"enemies":"Sentry and Sphere","floor":28,"turns":6},{"damage":14,"enemies":"Snecko","floor":30,"turns":9},{"damage":21,"enemies":"Cultist and Chosen","floor":31,"turns":3}],"seed_played":"2166092437619094263","potions_obtained":[{"floor":1,"key":"Energy Potion"},{"floor":7,"key":"Strength Potion"},{"floor":16,"key":"FearPotion"},{"floor":27,"key":"Dexterity Potion"},{"floor":28,"key":"FearPotion"}],"is_trial":false,"path_per_floor":["M","?","?","?","$","E","M","R","T","?","?","M","R","M","R","B",null,"M","M","?","$","?","R","?","M","T","M","M","R","M","M"],"character_chosen":"IRONCLAD","items_purchased":["Whetstone","Blind"],"campfire_rested":1,"item_purchase_floors":[5,21],"current_hp_per_floor":[52,41,18,43,43,27,26,26,26,26,26,30,30,34,34,21,76,68,48,48,48,44,44,44,36,43,25,8,23,15,0],"gold":126,"neow_bonus":"TRANSFORM_TWO_CARDS","is_prod":false,"is_daily":false,"chose_seed":false,"campfire_upgraded":4,"win_rate":0,"timestamp":1544656315,"path_taken":["M","?","?","?","$","E","M","R","T","?","?","M","R","?","R","BOSS","M","M","?","?","?","R","?","M","T","M","?","R","M","M"],"build_version":"2018-12-06","purchased_purges":1,"victory":false,"max_hp_per_floor":[75,75,75,75,75,75,75,75,75,75,75,75,75,75,75,75,89,89,89,89,89,44,44,44,44,51,51,51,51,51,51],"card_choices":[{"not_picked":["Power Through","Shrug It Off"],"picked":"Sword Boomerang","floor":1},{"not_picked":["Sentinel","Feel No Pain"],"picked":"Inflame","floor":6},{"not_picked":["Anger","Second Wind","Twin Strike"],"picked":"SKIP","floor":7},{"not_picked":["Havoc","Second Wind"],"picked":"True Grit","floor":12},{"not_picked":["Anger","Body Slam"],"picked":"Disarm","floor":14},{"not_picked":["Limit Break","Juggernaut"],"picked":"Double Tap","floor":16},{"not_picked":["Shockwave+1","Warcry"],"picked":"Cleave+1","floor":18},{"not_picked":["Combust","Wild Strike","Blood for Blood"],"picked":"SKIP","floor":19},{"not_picked":["Sever Soul","Clothesline","Fire Breathing"],"picked":"SKIP","floor":25},{"not_picked":["Reckless Charge+1","Bloodletting"],"picked":"Whirlwind","floor":27},{"not_picked":["Burning Pact","Dark Embrace"],"picked":"Warcry+1","floor":28},{"not_picked":["Havoc+1","Clothesline"],"picked":"Evolve","floor":30}],"player_experience":744143,"relics_obtained":[{"floor":6,"key":"Art of War"},{"floor":9,"key":"Mercury Hourglass"},{"floor":17,"key":"War Paint"},{"floor":17,"key":"Darkstone Periapt"},{"floor":17,"key":"Mango"},{"floor":26,"key":"Strawberry"}],"event_choices":[{"damage_healed":0,"gold_gain":75,"player_choice":"Gather Gold","damage_taken":11,"max_hp_gain":0,"max_hp_loss":0,"event_name":"World of Goop","floor":2,"gold_loss":0},{"damage_healed":0,"gold_gain":0,"player_choice":"Entered Light","damage_taken":23,"max_hp_gain":0,"max_hp_loss":0,"event_name":"Shining Light","floor":3,"gold_loss":0,"cards_upgraded":["Sword Boomerang","Defend_R"]},{"damage_healed":25,"gold_gain":0,"player_choice":"Banana","damage_taken":0,"max_hp_gain":0,"max_hp_loss":0,"event_name":"Big Fish","floor":4,"gold_loss":0},{"damage_healed":0,"gold_gain":0,"player_choice":"Fled","damage_taken":0,"max_hp_gain":0,"max_hp_loss":0,"event_name":"Scrap Ooze","floor":10,"gold_loss":0},{"cards_removed":["Strike_R"],"damage_healed":0,"gold_gain":0,"player_choice":"Forget","damage_taken":0,"max_hp_gain":0,"max_hp_loss":0,"event_name":"Living Wall","floor":11,"gold_loss":0},{"cards_removed":["Normality"],"damage_healed":0,"gold_gain":0,"player_choice":"Purged","damage_taken":0,"max_hp_gain":0,"max_hp_loss":0,"event_name":"Purifier","floor":20,"gold_loss":0},{"damage_healed":0,"gold_gain":0,"player_choice":"Became a Ghost","damage_taken":0,"max_hp_gain":0,"max_hp_loss":45,"event_name":"Ghosts","floor":22,"gold_loss":0,"cards_obtained":["Ghostly","Ghostly","Ghostly"]},{"damage_healed":0,"gold_gain":0,"player_choice":"Copied","damage_taken":0,"max_hp_gain":0,"max_hp_loss":0,"event_name":"Duplicator","floor":24,"gold_loss":0,"cards_obtained":["Ghostly"]}],"is_beta":false,"boss_relics":[{"not_picked":["Tiny House","Coffee Dripper"],"picked":"Calling Bell"}],"items_purged_floors":[21],"is_endless":false,"potions_floor_spawned":[1,7,16,27,28,30],"killed_by":"Cultist and Chosen","ascension_level":18}