{"gold_per_floor":[363,363,363,363,288,323,339,339,339,339],"floor_reached":10,"playtime":381,"items_purged":["Defend_R"],"score":67,"play_id":"c5e74883-7143-40f6-a2bf-7f0bf49817c1","local_time":"20190226155726","is_ascension_mode":true,"campfire_choices":[{"floor":8,"key":"REST"}],"neow_cost":"PERCENT_DAMAGE","seed_source_timestamp":356702408857753,"circlet_count":0,"master_deck":["Strike_R","Strike_R","Strike_R","Defend_R","Defend_R","Defend_R","Bash","Pommel Strike+1"],"relics":["Burning Blood","Molten Egg 2","Meat on the Bone"],"potions_floor_usage":[7,10],"damage_taken":[{"damage":17,"enemies":"Small Slimes","floor":1,"turns":4},{"damage":34,"enemies":"Gremlin Nob","floor":6,"turns":5},{"damage":2,"enemies":"Jaw Worm","floor":7,"turns":4},{"damage":45,"enemies":"3 Sentries","floor":10,"turns":6}],"seed_played":"-4015934451758323119","potions_obtained":[{"floor":1,"key":"Fire Potion"},{"floor":7,"key":"EssenceOfSteel"}],"is_trial":false,"path_per_floor":["M","?","?","?","$","E","M","R","T","E"],"character_chosen":"IRONCLAD","items_purchased":[],"campfire_rested":1,"item_purchase_floors":[],"current_hp_per_floor":[45,45,38,38,38,10,14,38,38,0],"gold":339,"neow_bonus":"TWO_FIFTY_GOLD","is_prod":false,"is_daily":false,"chose_seed":false,"campfire_upgraded":0,"win_rate":0,"timestamp":1551167846,"path_taken":["M","?","?","?","$","E","M","R","T","E"],"build_version":"2019-01-23","purchased_purges":1,"victory":false,"max_hp_per_floor":[80,80,80,80,80,80,80,80,80,80],"card_choices":[{"not_picked":["Ghostly Armor","Shrug It Off","Flex"],"picked":"SKIP","floor":1},{"not_picked":["Hemokinesis","Clothesline","Armaments"],"picked":"SKIP","floor":6},{"not_picked":["Anger+1","Havoc"],"picked":"Pommel Strike+1","floor":7}],"player_experience":86640,"relics_obtained":[{"floor":6,"key":"Molten Egg 2"},{"floor":9,"key":"Meat on the Bone"}],"event_choices":[{"cards_removed":["Strike_R"],"damage_healed":0,"gold_gain":0,"player_choice":"Forget","damage_taken":0,"max_hp_gain":0,"max_hp_loss":0,"event_name":"Living Wall","floor":2,"gold_loss":0},{"cards_removed":["Strike_R"],"damage_healed":0,"gold_gain":0,"player_choice":"Card Removal","damage_taken":7,"max_hp_gain":0,"max_hp_loss":0,"event_name":"Golden Wing","floor":3,"gold_loss":0},{"damage_healed":0,"gold_gain":0,"player_choice":"Fled","damage_taken":0,"max_hp_gain":0,"max_hp_loss":0,"event_name":"Scrap Ooze","floor":4,"gold_loss":0}],"is_beta":false,"boss_relics":[],"items_purged_floors":[5],"is_endless":false,"potions_floor_spawned":[1,7],"killed_by":"3 Sentries","ascension_level":1}