{"gold_per_floor":[115,115,115,127,127,162,19,44,44,44,44,79,94,104,104,203,203,217,236,40,50,65,65,100,100,100,100,114,129,148,164,164,260,260,274,289,300,300,319,319,331,331,331,344,360,371,371,383,383,383],"floor_reached":50,"playtime":2093,"items_purged":["Regret"],"score":907,"play_id":"dcc4b747-afe3-48c8-8932-01ee02474fa0","local_time":"20190130110052","is_ascension_mode":true,"campfire_choices":[{"data":"Limit Break","floor":10.0,"key":"SMITH"},{"data":"Flex","floor":15.0,"key":"SMITH"},{"floor":23.0,"key":"REST"},{"data":"Offering","floor":25.0,"key":"SMITH"},{"data":"Offering","floor":32.0,"key":"SMITH"},{"data":"Heavy Blade","floor":40.0,"key":"SMITH"},{"floor":42.0,"key":"REST"},{"data":"Bash","floor":47.0,"key":"SMITH"},{"data":"Limit Break","floor":49.0,"key":"SMITH"}],"neow_cost":"NONE","seed_source_timestamp":59336636090957,"circlet_count":0,"master_deck":["AscendersBane","Strike_R","Strike_R","Strike_R","Strike_R","Defend_R","Defend_R","Defend_R","Defend_R","Bash+1","Whirlwind+1","Blood for Blood","Thunderclap","Spot Weakness","Limit Break+1","Limit Break+1","Flex+1","Offering+1","Warcry+1","Spot Weakness","Offering+1","Havoc","Twin Strike","Cleave","Parasite","Warcry+1","Flex+1","Heavy Blade+1","Whirlwind+1","Pommel Strike+1","Bloodletting+1"],"special_seed":0,"relics":["Black Blood","NeowsBlessing","Paper Frog","Blood Vial","Bottled Flame","PreservedInsect","Vajra","Brimstone","Orichalcum","Pantograph","Sozu","Molten Egg 2"],"potions_floor_usage":[],"damage_taken":[{"damage":0.0,"enemies":"2 Louse","floor":1.0,"turns":1.0},{"damage":0.0,"enemies":"Jaw Worm","floor":4.0,"turns":1.0},{"damage":0.0,"enemies":"Lagavulin","floor":6.0,"turns":1.0},{"damage":16.0,"enemies":"Gremlin Nob","floor":8.0,"turns":3.0},{"damage":0.0,"enemies":"3 Sentries","floor":12.0,"turns":1.0},{"damage":1.0,"enemies":"Cultist","floor":13.0,"turns":3.0},{"damage":0.0,"enemies":"Large Slime","floor":14.0,"turns":4.0},{"damage":28.0,"enemies":"Slime Boss","floor":16.0,"turns":6.0},{"damage":12.0,"enemies":"Chosen","floor":18.0,"turns":3.0},{"damage":10.0,"enemies":"Shell Parasite","floor":19.0,"turns":2.0},{"damage":38.0,"enemies":"Shelled Parasite and Fungi","floor":21.0,"turns":3.0},{"damage":15.0,"enemies":"Snecko","floor":22.0,"turns":3.0},{"damage":33.0,"enemies":"Book of Stabbing","floor":24.0,"turns":3.0},{"damage":26.0,"enemies":"3 Cultists","floor":28.0,"turns":3.0},{"damage":6.0,"enemies":"Centurion and Healer","floor":29.0,"turns":1.0},{"damage":23.0,"enemies":"Snake Plant","floor":30.0,"turns":2.0},{"damage":12.0,"enemies":"Chosen and Byrds","floor":31.0,"turns":1.0},{"damage":29.0,"enemies":"Collector","floor":33.0,"turns":3.0},{"damage":11.0,"enemies":"3 Darklings","floor":35.0,"turns":3.0},{"damage":0.0,"enemies":"3 Shapes","floor":36.0,"turns":1.0},{"damage":23.0,"enemies":"Writhing Mass","floor":37.0,"turns":4.0},{"damage":20.0,"enemies":"Sphere and 2 Shapes","floor":39.0,"turns":3.0},{"damage":23.0,"enemies":"Jaw Worm Horde","floor":41.0,"turns":2.0},{"damage":12.0,"enemies":"Maw","floor":44.0,"turns":2.0},{"damage":16.0,"enemies":"Sphere and 2 Shapes","floor":45.0,"turns":2.0},{"damage":12.0,"enemies":"Transient","floor":46.0,"turns":5.0},{"damage":35.0,"enemies":"3 Darklings","floor":48.0,"turns":2.0},{"damage":74,"enemies":"Time Eater","floor":50,"turns":4}],"seed_played":"-3367912650677820242","potions_obtained":[{"floor":4.0,"key":"Fire Potion"},{"floor":6.0,"key":"Fire Potion"},{"floor":8.0,"key":"Energy Potion"},{"floor":14.0,"key":"PowerPotion"},{"floor":18.0,"key":"AttackPotion"},{"floor":19.0,"key":"Weak Potion"},{"floor":21.0,"key":"Energy Potion"},{"floor":24.0,"key":"FearPotion"},{"floor":31.0,"key":"PowerPotion"}],"is_trial":false,"path_per_floor":["?","?","M","?","$","M","?","M","?","M","M"],"character_chosen":"IRONCLAD","items_purchased":["Spot Weakness","Brimstone"],"campfire_rested":2,"item_purchase_floors":[7,20],"current_hp_per_floor":[78,78,80,80,80,80,80,70,70,70,70,78,80,80,80,58,75,75,77,77,51,48,72,51,51,51,51,37,43,32,32,32,40,70,71,80,67,67,59,59,48,72,72,72,68,68,68,45,45,0],"gold":383,"neow_bonus":"THREE_ENEMY_KILL","is_prod":false,"is_daily":false,"chose_seed":false,"campfire_upgraded":7,"win_rate":0,"timestamp":1548817252,"path_taken":["M","?","?","?","?","E","$","E","T","R","?","E","M","M","R","BOSS","M","?","$","M","M","R","E","R","T","?","M","M","M","?","R","BOSS","M","M","M","?","M","R","M","R","T","M","?","?","R","M","R","BOSS"],"build_version":"2019-01-23","purchased_purges":1,"victory":false,"max_hp_per_floor":[80,80,80,80,80,80,80,80,80,80,80,80,80,80,80,80,80,80,80,80,80,80,80,80,80,80,80,80,80,80,80,80,80,80,80,80,80,80,80,80,80,80,80,80,80,80,80,80,80,80],"card_choices":[{"not_picked":["Clash","Reckless Charge"],"picked":"Whirlwind","floor":1.0},{"not_picked":["Heavy Blade","Clothesline"],"picked":"Blood for Blood","floor":4.0},{"not_picked":["Sever Soul","Burning Pact"],"picked":"Thunderclap","floor":6.0},{"not_picked":["Sever Soul","Armaments"],"picked":"Limit Break","floor":8.0},{"not_picked":["Thunderclap","Uppercut"],"picked":"Limit Break","floor":12.0},{"not_picked":["Whirlwind","Anger","Warcry"],"picked":"SKIP","floor":13.0},{"not_picked":["Armaments","Warcry"],"picked":"Flex","floor":14.0},{"not_picked":["Brutality","Barricade"],"picked":"Offering","floor":16.0},{"not_picked":["Searing Blow+1","True Grit"],"picked":"Warcry+1","floor":18.0},{"not_picked":["Cleave","Uppercut","Iron Wave"],"picked":"SKIP","floor":19.0},{"not_picked":["Rupture","Fire Breathing"],"picked":"Spot Weakness","floor":21.0},{"not_picked":["Entrench","Carnage","True Grit"],"picked":"SKIP","floor":22.0},{"not_picked":["Burning Pact","Flex"],"picked":"Offering","floor":24.0},{"not_picked":["Havoc","Uppercut"],"picked":"Twin Strike","floor":28.0},{"not_picked":["Burning Pact","Armaments"],"picked":"Cleave","floor":29.0},{"not_picked":["Fire Breathing","Corruption+1","Clothesline"],"picked":"SKIP","floor":30.0},{"not_picked":["Clothesline","Wild Strike","Shrug It Off"],"picked":"SKIP","floor":31.0},{"not_picked":["Thunderclap","Iron Wave","True Grit"],"picked":"SKIP","floor":35.0},{"not_picked":["Seeing Red","Clothesline+1","Thunderclap+1"],"picked":"SKIP","floor":36.0},{"not_picked":["Reckless Charge","Metallicize"],"picked":"Warcry+1","floor":37.0},{"not_picked":["Sever Soul+1","Warcry"],"picked":"Heavy Blade","floor":39.0},{"not_picked":["Second Wind","Twin Strike+1","Power Through"],"picked":"SKIP","floor":41.0},{"not_picked":["Headbutt+1","Body Slam+1","Iron Wave+1"],"picked":"SKIP","floor":44.0},{"not_picked":["Iron Wave+1","Intimidate"],"picked":"Whirlwind+1","floor":45.0},{"not_picked":["Clash+1","Perfected Strike+1"],"picked":"Pommel Strike+1","floor":46.0},{"not_picked":["Immolate+1","True Grit"],"picked":"Bloodletting+1","floor":48.0}],"player_experience":143689,"relics_obtained":[{"floor":6.0,"key":"Blood Vial"},{"floor":8.0,"key":"Bottled Flame"},{"floor":9.0,"key":"PreservedInsect"},{"floor":12.0,"key":"Vajra"},{"floor":24.0,"key":"Orichalcum"},{"floor":26.0,"key":"Pantograph"},{"floor":43.0,"key":"Molten Egg 2"}],"event_choices":[{"damage_healed":0.0,"max_hp_gain":0.0,"max_hp_loss":0.0,"gold_gain":0.0,"event_name":"Living Wall","player_choice":"Grow","floor":2.0,"gold_loss":0.0,"damage_taken":0.0,"cards_upgraded":["Whirlwind"]},{"damage_healed":2.0,"max_hp_gain":0.0,"max_hp_loss":0.0,"gold_gain":0.0,"event_name":"Wheel of Change","player_choice":"Full Heal","floor":3.0,"gold_loss":0.0,"damage_taken":0.0},{"damage_healed":0.0,"max_hp_gain":0.0,"max_hp_loss":0.0,"gold_gain":0.0,"event_name":"Big Fish","player_choice":"Box","floor":5.0,"gold_loss":0.0,"damage_taken":0.0,"relics_obtained":["Paper Frog"],"cards_obtained":["Regret"]},{"damage_healed":0.0,"max_hp_gain":0.0,"max_hp_loss":0.0,"gold_gain":0.0,"cards_transformed":["Strike_R"],"event_name":"Transmorgrifier","player_choice":"Transformed","floor":27.0,"gold_loss":0.0,"damage_taken":0.0,"cards_obtained":["Havoc"]},{"damage_healed":0.0,"max_hp_gain":0.0,"max_hp_loss":0.0,"gold_gain":0.0,"event_name":"Duplicator","player_choice":"Copied","floor":38.0,"gold_loss":0.0,"damage_taken":0.0,"cards_obtained":["Flex"]}],"is_beta":false,"boss_relics":[{"not_picked":["Runic Pyramid","Snecko Eye"],"picked":"Black Blood"},{"not_picked":["Cursed Key","Empty Cage"],"picked":"Sozu"}],"items_purged_floors":[7],"is_endless":false,"potions_floor_spawned":[4,6,8,14,18,19,21,24,31,36,44,45],"killed_by":"Time Eater","ascension_level":12}