{"gold_per_floor":[115,115,127,173,16,41,41,72,96,111,38,54,54],"floor_reached":13,"playtime":616,"items_purged":[],"score":149,"play_id":"dc3b3de5-5aad-4c29-910d-852512555ede","local_time":"20181222182717","is_ascension_mode":true,"campfire_choices":[{"floor":7,"key":"REST"}],"neow_cost":"PERCENT_DAMAGE","seed_source_timestamp":283726410150809,"circlet_count":0,"master_deck":["AscendersBane","Strike_R","Strike_R","Strike_R","Strike_R","Defend_R","Defend_R","Defend_R","Defend_R","Bash","Forethought","PanicButton","Pommel Strike","Sword Boomerang","Fiend Fire","Disarm","Iron Wave","Twin Strike","Power Through"],"relics":["Burning Blood","Happy Flower","Sundial","Juzu Bracelet","Vajra"],"potions_floor_usage":[12,13,13],"damage_taken":[{"damage":3,"enemies":"2 Louse","floor":1,"turns":3},{"damage":9,"enemies":"Jaw Worm","floor":3,"turns":5},{"damage":40,"enemies":"Lagavulin","floor":6,"turns":7},{"damage":28,"enemies":"Gremlin Nob","floor":8,"turns":4},{"damage":3,"enemies":"Small Slimes","floor":10,"turns":2},{"damage":9,"enemies":"Looter","floor":12,"turns":2},{"damage":18,"enemies":"Lots of Slimes","floor":13,"turns":2}],"seed_played":"4406135881765385442","potions_obtained":[{"floor":3,"key":"Ancient Potion"},{"floor":12,"key":"Strength Potion"}],"is_trial":false,"path_per_floor":["M","?","M","T","$","E","R","E","T","M","$","M","M"],"character_chosen":"IRONCLAD","items_purchased":["Fiend Fire","Regen Potion"],"campfire_rested":1,"item_purchase_floors":[5,11],"current_hp_per_floor":[54,47,44,44,44,10,34,12,12,15,15,17,0],"gold":54,"neow_bonus":"RANDOM_COLORLESS_2","is_prod":false,"is_daily":false,"chose_seed":false,"campfire_upgraded":0,"win_rate":0,"timestamp":1545532037,"path_taken":["M","?","M","?","$","E","R","E","T","M","$","M","M"],"build_version":"2018-12-20","purchased_purges":0,"victory":false,"max_hp_per_floor":[80,80,80,80,80,80,80,80,80,80,80,80,80],"card_choices":[{"not_picked":["Battle Trance","Reckless Charge"],"picked":"Pommel Strike","floor":1},{"not_picked":["Seeing Red","Armaments"],"picked":"Sword Boomerang","floor":3},{"not_picked":["Cleave","Corruption"],"picked":"Disarm","floor":6},{"not_picked":["Uppercut","Perfected Strike"],"picked":"Iron Wave","floor":8},{"not_picked":["Dropkick","Pummel"],"picked":"Twin Strike","floor":10},{"not_picked":["Thunderclap","Armaments"],"picked":"Power Through","floor":12}],"player_experience":425756,"relics_obtained":[{"floor":4,"key":"Happy Flower"},{"floor":6,"key":"Sundial"},{"floor":8,"key":"Juzu Bracelet"},{"floor":9,"key":"Vajra"}],"event_choices":[{"cards_removed":["Strike_R"],"damage_healed":0,"gold_gain":0,"player_choice":"Card Removal","damage_taken":7,"max_hp_gain":0,"max_hp_loss":0,"event_name":"Golden Wing","floor":2,"gold_loss":0}],"is_beta":false,"boss_relics":[],"items_purged_floors":[],"is_endless":false,"potions_floor_spawned":[3,12],"killed_by":"Lots of Slimes","ascension_level":12}