{"gold_per_floor":[111,111,161,179,189,189,189,221,246,246,256,282,6,81,81,157,157,169,169,180,103,153,153,179,192,218,218,246,259,31,41,41,118,118,131,151,151,151,251,251,304,304,357,369,400,411,28,42,42,42],"floor_reached":51,"playtime":3294,"items_purged":[],"score":1606,"play_id":"f02e2704-7a71-463b-b3f0-afe50ec0e692","local_time":"20190220041311","is_ascension_mode":true,"campfire_choices":[{"data":"Bash","floor":6.0,"key":"SMITH"},{"data":"Disarm","floor":10.0,"key":"SMITH"},{"data":"Feel No Pain","floor":15.0,"key":"SMITH"},{"data":"Reckless Charge","floor":23.0,"key":"SMITH"},{"data":"Shrug It Off","floor":27.0,"key":"SMITH"},{"data":"Rampage","floor":32.0,"key":"SMITH"},{"data":"Juggernaut","floor":40.0,"key":"SMITH"},{"floor":42.0,"key":"RECALL"},{"data":"Shrug It Off","floor":49.0,"key":"SMITH"}],"neow_cost":"NONE","seed_source_timestamp":275129995728200,"circlet_count":0,"master_deck":["AscendersBane","Bash+1","Disarm+1","Reckless Charge+1","Shrug It Off+1","Evolve","Shrug It Off+1","Feel No Pain+1","Impervious+1","Whirlwind+1","Shrug It Off+1","Battle Trance+1","Ghostly Armor+1","Impervious+1","Warcry+1","Havoc+1","Flame Barrier+1","Double Tap+1","Reckless Charge+1","Body Slam+1","Intimidate+1","Rampage+1","Spot Weakness+1","Juggernaut+1","Madness+1","Madness+1","Master of Strategy+1","Violence+1","Master of Strategy+1","Pommel Strike+1","Seeing Red+1","Limit Break+1"],"special_seed":0,"relics":["Burning Blood","Orichalcum","Potion Belt","Bag of Preparation","Toxic Egg 2","Ornamental Fan","Pandora\u0027s Box","Blood Vial","Whetstone","Bottled Lightning","Medical Kit","Coffee Dripper","Magic Flower","Thread and Needle","Juzu Bracelet","Turnip","Lantern","MealTicket"],"potions_floor_usage":[50,50,50],"damage_taken":[{"damage":8.0,"enemies":"2 Louse","floor":1.0,"turns":3.0},{"damage":2.0,"enemies":"Small Slimes","floor":4.0,"turns":3.0},{"damage":1.0,"enemies":"Cultist","floor":5.0,"turns":4.0},{"damage":13.0,"enemies":"3 Sentries","floor":8.0,"turns":10.0},{"damage":0.0,"enemies":"Blue Slaver","floor":11.0,"turns":6.0},{"damage":32.0,"enemies":"Gremlin Nob","floor":12.0,"turns":5.0},{"damage":23.0,"enemies":"The Guardian","floor":16.0,"turns":19.0},{"damage":0.0,"enemies":"3 Byrds","floor":18.0,"turns":4.0},{"damage":5.0,"enemies":"Spheric Guardian","floor":20.0,"turns":22.0},{"damage":0.0,"enemies":"Book of Stabbing","floor":24.0,"turns":7.0},{"damage":3.0,"enemies":"Cultist and Chosen","floor":25.0,"turns":9.0},{"damage":0.0,"enemies":"Gremlin Leader","floor":28.0,"turns":5.0},{"damage":7.0,"enemies":"Snake Plant","floor":29.0,"turns":4.0},{"damage":7.0,"enemies":"Centurion and Healer","floor":31.0,"turns":6.0},{"damage":33.0,"enemies":"Collector","floor":33.0,"turns":10.0},{"damage":11.0,"enemies":"3 Shapes","floor":35.0,"turns":5.0},{"damage":0.0,"enemies":"Orb Walker","floor":36.0,"turns":3.0},{"damage":0.0,"enemies":"Mind Bloom Boss Battle","floor":39.0,"turns":7.0},{"damage":12.0,"enemies":"2 Orb Walkers","floor":41.0,"turns":4.0},{"damage":0.0,"enemies":"Jaw Worm Horde","floor":44.0,"turns":4.0},{"damage":0.0,"enemies":"Nemesis","floor":45.0,"turns":7.0},{"damage":0.0,"enemies":"Writhing Mass","floor":46.0,"turns":6.0},{"damage":0.0,"enemies":"3 Darklings","floor":48.0,"turns":1.0},{"damage":0,"enemies":"Donu and Deca","floor":50,"turns":6}],"seed_played":"7414431462128506812","potions_obtained":[{"floor":1.0,"key":"BloodPotion"},{"floor":5.0,"key":"Fire Potion"},{"floor":12.0,"key":"SteroidPotion"},{"floor":20.0,"key":"Dexterity Potion"},{"floor":33.0,"key":"Energy Potion"},{"floor":35.0,"key":"BloodPotion"},{"floor":39.0,"key":"EssenceOfSteel"},{"floor":41.0,"key":"Swift Potion"},{"floor":44.0,"key":"GamblersBrew"}],"is_trial":false,"path_per_floor":["M","?","?","M","M","R","?","E","T","R","M","E","$","?","R","B",null,"M","?","M","$","?","R","E","M","T","R","E","M","$","M","R","B",null,"M","M","?","?","?","R","?","R","T","M","E","M","$","M","R","B",null],"character_chosen":"IRONCLAD","items_purchased":["Ornamental Fan","Reckless Charge","Medical Kit","Lantern","MealTicket"],"campfire_rested":0,"item_purchase_floors":[13,21,30,47,47],"current_hp_per_floor":[66,55,55,59,64,64,60,53,53,53,59,33,33,22,22,12,59,65,85,85,85,85,85,85,85,85,85,85,84,84,84,84,58,78,75,83,68,58,66,66,66,66,66,78,85,85,85,85,85,85],"gold":42,"neow_bonus":"THREE_CARDS","is_prod":false,"is_daily":false,"chose_seed":false,"campfire_upgraded":8,"win_rate":0,"timestamp":1550607191,"path_taken":["M","?","?","?","M","R","?","E","T","R","?","E","$","?","R","BOSS","M","?","?","$","?","R","E","?","T","R","E","M","?","?","R","BOSS","M","M","?","?","?","R","?","R","T","M","E","M","$","M","R","BOSS"],"build_version":"2019-02-06","purchased_purges":0,"victory":true,"max_hp_per_floor":[75,75,75,75,75,75,75,75,75,75,75,75,75,75,75,75,75,75,85,85,85,85,85,85,85,85,85,85,85,85,85,85,85,85,85,85,85,85,85,85,85,85,85,85,85,85,85,85,85,85],"card_choices":[{"not_picked":["Perfected Strike","Evolve"],"picked":"Disarm","floor":0.0},{"not_picked":["Pommel Strike","Armaments"],"picked":"Reckless Charge","floor":1.0},{"not_picked":["True Grit","Flex"],"picked":"Shrug It Off","floor":4.0},{"not_picked":["Armaments","Wild Strike"],"picked":"Evolve","floor":5.0},{"not_picked":["Rage","Evolve"],"picked":"Offering","floor":8.0},{"not_picked":["True Grit","Thunderclap"],"picked":"Shrug It Off","floor":11.0},{"not_picked":["Cleave","Headbutt"],"picked":"Feel No Pain","floor":12.0},{"not_picked":["Barricade","Berserk"],"picked":"Impervious+1","floor":16.0},{"not_picked":["Wild Strike","Rage+1","Twin Strike"],"picked":"SKIP","floor":18.0},{"not_picked":["True Grit+1","Sentinel+1","Perfected Strike"],"picked":"SKIP","floor":20.0},{"not_picked":["Armaments+1","Perfected Strike"],"picked":"Body Slam+1","floor":24.0},{"not_picked":["Bloodletting+1","Headbutt"],"picked":"Intimidate+1","floor":25.0},{"not_picked":["Clothesline+1","Bloodletting+1"],"picked":"Rampage","floor":28.0},{"not_picked":["Shockwave+1","Heavy Blade","Warcry+1"],"picked":"SKIP","floor":29.0},{"not_picked":["Flame Barrier+1","True Grit+1"],"picked":"Spot Weakness+1","floor":31.0},{"not_picked":["Bludgeon","Dark Embrace"],"picked":"Juggernaut","floor":33.0},{"not_picked":["Spot Weakness+1","Burning Pact+1","Blood for Blood"],"picked":"SKIP","floor":35.0},{"not_picked":["Spot Weakness+1","Burning Pact+1","Blood for Blood"],"picked":"SKIP","floor":35.0},{"not_picked":["Iron Wave+1","True Grit+1","Warcry+1"],"picked":"SKIP","floor":36.0},{"not_picked":["Bandage Up+1","Deep Breath+1"],"picked":"Master of Strategy+1","floor":38.0},{"not_picked":["Dark Shackles+1","Chrysalis+1"],"picked":"Violence+1","floor":38.0},{"not_picked":["Purity+1","Mind Blast"],"picked":"Master of Strategy+1","floor":38.0},{"not_picked":["Anger+1","Shrug It Off+1"],"picked":"Pommel Strike+1","floor":41.0},{"not_picked":["Cleave","Pommel Strike","Flex+1"],"picked":"SKIP","floor":44.0},{"not_picked":["Dropkick+1","Searing Blow","Anger"],"picked":"SKIP","floor":45.0},{"not_picked":["Havoc+1","True Grit+1"],"picked":"Seeing Red+1","floor":46.0},{"not_picked":["Rupture+1","Pummel+1"],"picked":"Limit Break+1","floor":48.0}],"player_experience":728604,"relics_obtained":[{"floor":8.0,"key":"Potion Belt"},{"floor":9.0,"key":"Bag of Preparation"},{"floor":12.0,"key":"Toxic Egg 2"},{"floor":24.0,"key":"Blood Vial"},{"floor":26.0,"key":"Whetstone"},{"floor":28.0,"key":"Bottled Lightning"},{"floor":39.0,"key":"Magic Flower"},{"floor":41.0,"key":"Thread and Needle"},{"floor":43.0,"key":"Juzu Bracelet"},{"floor":45.0,"key":"Turnip"}],"event_choices":[{"damage_healed":0.0,"max_hp_gain":0.0,"max_hp_loss":0.0,"gold_gain":0.0,"event_name":"Scrap Ooze","player_choice":"Success","floor":2.0,"gold_loss":0.0,"damage_taken":11.0,"relics_obtained":["Orichalcum"]},{"damage_healed":0.0,"max_hp_gain":0.0,"max_hp_loss":0.0,"gold_gain":50.0,"event_name":"Golden Shrine","player_choice":"Pray","floor":3.0,"gold_loss":0.0,"damage_taken":0.0},{"damage_healed":0.0,"max_hp_gain":0.0,"max_hp_loss":0.0,"gold_gain":0.0,"event_name":"The Woman in Blue","player_choice":"Bought 0 Potions","floor":7.0,"gold_loss":0.0,"damage_taken":0.0},{"damage_healed":0.0,"max_hp_gain":0.0,"max_hp_loss":0.0,"gold_gain":75.0,"event_name":"World of Goop","player_choice":"Gather Gold","floor":14.0,"gold_loss":0.0,"damage_taken":11.0},{"cards_removed":["Offering"],"damage_healed":10.0,"max_hp_gain":10.0,"max_hp_loss":0.0,"gold_gain":0.0,"event_name":"Bonfire Elementals","player_choice":"Offered Rare","floor":19.0,"gold_loss":0.0,"damage_taken":0.0},{"damage_healed":0.0,"max_hp_gain":0.0,"max_hp_loss":0.0,"gold_gain":50.0,"event_name":"Golden Shrine","player_choice":"Pray","floor":22.0,"gold_loss":0.0,"damage_taken":0.0},{"damage_healed":0.0,"max_hp_gain":0.0,"max_hp_loss":0.0,"gold_gain":0.0,"event_name":"Winding Halls","player_choice":"Embrace Madness","floor":37.0,"gold_loss":0.0,"damage_taken":15.0,"cards_obtained":["Madness","Madness"]},{"damage_healed":0.0,"max_hp_gain":0.0,"max_hp_loss":0.0,"gold_gain":0.0,"event_name":"SensoryStone","player_choice":"Memory 3","floor":38.0,"gold_loss":0.0,"damage_taken":10.0},{"damage_healed":0.0,"max_hp_gain":0.0,"max_hp_loss":0.0,"gold_gain":0.0,"event_name":"MindBloom","player_choice":"Fight","floor":39.0,"gold_loss":0.0,"damage_taken":0.0},{"damage_healed":0.0,"max_hp_gain":0.0,"max_hp_loss":0.0,"gold_gain":0.0,"event_name":"Mysterious Sphere","player_choice":"Fight","floor":41.0,"gold_loss":0.0,"damage_taken":0.0}],"is_beta":true,"boss_relics":[{"not_picked":["White Beast Statue","Black Star"],"picked":"Pandora\u0027s Box"},{"not_picked":["Tiny House","Empty Cage"],"picked":"Coffee Dripper"}],"items_purged_floors":[],"is_endless":false,"potions_floor_spawned":[1,5,12,20,33,35,39,41,44],"ascension_level":19}