{"gold_per_floor":[112,166,183,183,183,183,196,240,289,289,328,328,42,55,55,55],"floor_reached":16,"playtime":627,"items_purged":[],"score":189,"play_id":"04e33afd-a675-4b65-8635-0d39045b5812","local_time":"20190119210932","is_ascension_mode":true,"campfire_choices":[{"data":"Intimidate","floor":6,"key":"SMITH"},{"floor":12,"key":"REST"},{"data":"Limit Break","floor":15,"key":"SMITH"}],"neow_cost":"TEN_PERCENT_HP_LOSS","seed_source_timestamp":864031791951691,"circlet_count":0,"master_deck":["AscendersBane","Strike_R","Strike_R","Strike_R","Defend_R","Defend_R","Defend_R","Bash","Feel No Pain","Intimidate+1","Injury","Iron Wave","Spot Weakness","Clash","Limit Break+1","Metallicize"],"relics":["Burning Blood","Blood Vial","Golden Idol","Red Skull","PreservedInsect","Bottled Lightning","Medical Kit"],"potions_floor_usage":[8,11,11],"damage_taken":[{"damage":11,"enemies":"Cultist","floor":1,"turns":4},{"damage":23,"enemies":"Small Slimes","floor":3,"turns":5},{"damage":12,"enemies":"2 Louse","floor":7,"turns":3},{"damage":53,"enemies":"Gremlin Nob","floor":8,"turns":6},{"damage":10,"enemies":"3 Sentries","floor":11,"turns":5},{"damage":8,"enemies":"2 Fungi Beasts","floor":14,"turns":4},{"damage":38,"enemies":"Hexaghost","floor":16,"turns":11}],"seed_played":"4785890294718996307","potions_obtained":[{"floor":1,"key":"Explosive Potion"},{"floor":7,"key":"SkillPotion"},{"floor":8,"key":"Strength Potion"}],"is_trial":false,"path_per_floor":["M","T","M","?","?","R","M","E","T","?","E","R","$","M","R","B"],"character_chosen":"IRONCLAD","items_purchased":["Medical Kit","Limit Break"],"campfire_rested":1,"item_purchase_floors":[13,13],"current_hp_per_floor":[63,63,48,68,68,68,62,17,17,17,15,35,35,35,35,0],"gold":55,"neow_bonus":"REMOVE_TWO","is_prod":false,"is_daily":false,"chose_seed":false,"campfire_upgraded":2,"win_rate":0,"timestamp":1547960972,"path_taken":["M","?","M","?","?","R","M","E","T","?","E","R","$","M","R","BOSS"],"build_version":"2019-01-17v2","purchased_purges":0,"victory":false,"max_hp_per_floor":[68,68,68,68,68,68,68,68,68,68,68,68,68,68,68,68],"card_choices":[{"not_picked":["Seeing Red","Body Slam"],"picked":"Feel No Pain","floor":1},{"not_picked":["Perfected Strike","Sword Boomerang"],"picked":"Intimidate","floor":3},{"not_picked":["Flex","Sword Boomerang"],"picked":"Iron Wave","floor":7},{"not_picked":["Pummel","Warcry"],"picked":"Spot Weakness","floor":8},{"not_picked":["Cleave","Flame Barrier"],"picked":"Clash","floor":11},{"not_picked":["Anger","Pommel Strike"],"picked":"Metallicize","floor":14}],"player_experience":491661,"relics_obtained":[{"floor":2,"key":"Blood Vial"},{"floor":8,"key":"Red Skull"},{"floor":9,"key":"PreservedInsect"},{"floor":11,"key":"Bottled Lightning"}],"event_choices":[{"damage_healed":22,"gold_gain":0,"player_choice":"Banana","damage_taken":0,"max_hp_gain":0,"max_hp_loss":0,"event_name":"Big Fish","floor":4,"gold_loss":0},{"damage_healed":0,"gold_gain":0,"player_choice":"Take Wound","damage_taken":0,"relics_obtained":["Golden Idol"],"max_hp_gain":0,"max_hp_loss":0,"event_name":"Golden Idol","floor":5,"gold_loss":0,"cards_obtained":["Injury"]},{"cards_removed":["Strike_R"],"damage_healed":0,"gold_gain":0,"player_choice":"Forget","damage_taken":0,"max_hp_gain":0,"max_hp_loss":0,"event_name":"Living Wall","floor":10,"gold_loss":0}],"is_beta":false,"boss_relics":[],"items_purged_floors":[],"is_endless":false,"potions_floor_spawned":[1,7,8],"killed_by":"Hexaghost","ascension_level":15}