{"gold_per_floor":[114,64,64,64,74,74,94,94,119,119,159,159,184,184,184,184],"floor_reached":16,"playtime":777,"items_purged":[],"score":172,"play_id":"b710cc53-6aaa-4360-af3b-ca2cd149fb9b","local_time":"20190225195309","is_ascension_mode":true,"campfire_choices":[{"data":"Barricade","floor":6,"key":"SMITH"},{"data":"Pommel Strike","floor":8,"key":"SMITH"},{"data":"Clothesline","floor":12,"key":"SMITH"},{"data":"Whirlwind","floor":15,"key":"SMITH"}],"neow_cost":"TEN_PERCENT_HP_LOSS","seed_source_timestamp":798412302942392,"circlet_count":0,"master_deck":["Strike_R","Strike_R+1","Strike_R","Defend_R","Defend_R","Defend_R","Defend_R","Bash+1","Barricade+1","Power Through","Pommel Strike+1","Power Through","Clothesline+1","Whirlwind+1"],"relics":["Burning Blood","Omamori","Regal Pillow","Golden Idol","Smiling Mask"],"potions_floor_usage":[],"damage_taken":[{"damage":7,"enemies":"2 Louse","floor":1,"turns":4},{"damage":0,"enemies":"Jaw Worm","floor":5,"turns":3},{"damage":0,"enemies":"Small Slimes","floor":7,"turns":4},{"damage":0,"enemies":"Lagavulin","floor":11,"turns":11},{"damage":1,"enemies":"Exordium Wildlife","floor":13,"turns":4},{"damage":63,"enemies":"Hexaghost","floor":16,"turns":14}],"seed_played":"4388166658930852330","potions_obtained":[{"floor":7,"key":"Weak Potion"},{"floor":11,"key":"FearPotion"}],"is_trial":false,"path_per_floor":["M","?","?","?","M","R","M","R","T","?","E","R","M","?","R","B"],"character_chosen":"IRONCLAD","items_purchased":[],"campfire_rested":0,"item_purchase_floors":[],"current_hp_per_floor":[71,71,59,45,51,51,57,57,57,57,63,63,67,60,60,0],"gold":184,"neow_bonus":"THREE_RARE_CARDS","is_prod":false,"is_daily":false,"chose_seed":false,"campfire_upgraded":4,"win_rate":0,"timestamp":1551120789,"path_taken":["M","?","?","?","M","R","M","R","T","?","E","R","?","?","R","BOSS"],"build_version":"2019-01-23","purchased_purges":0,"victory":false,"max_hp_per_floor":[72,72,72,72,72,72,72,72,72,67,67,67,67,67,67,67],"card_choices":[{"not_picked":["Reaper","Limit Break"],"picked":"Barricade","floor":0},{"not_picked":["Clothesline","Seeing Red"],"picked":"Power Through","floor":1},{"not_picked":["Perfected Strike","Burning Pact"],"picked":"Pommel Strike","floor":5},{"not_picked":["Corruption","Rupture"],"picked":"Power Through","floor":7},{"not_picked":["Warcry","Wild Strike"],"picked":"Clothesline","floor":11},{"not_picked":["Cleave","Clothesline"],"picked":"Whirlwind","floor":13}],"player_experience":455663,"relics_obtained":[{"floor":9,"key":"Regal Pillow"},{"floor":11,"key":"Smiling Mask"}],"event_choices":[{"cards_removed":["Strike_R"],"damage_healed":0,"gold_gain":0,"player_choice":"Card Removal","damage_taken":0,"max_hp_gain":0,"max_hp_loss":0,"event_name":"The Cleric","floor":2,"gold_loss":50},{"damage_healed":0,"gold_gain":0,"player_choice":"Success","damage_taken":12,"relics_obtained":["Omamori"],"max_hp_gain":0,"max_hp_loss":0,"event_name":"Scrap Ooze","floor":3,"gold_loss":0},{"damage_healed":0,"gold_gain":0,"player_choice":"Entered Light","damage_taken":14,"max_hp_gain":0,"max_hp_loss":0,"event_name":"Shining Light","floor":4,"gold_loss":0,"cards_upgraded":["Strike_R","Bash"]},{"damage_healed":0,"gold_gain":0,"player_choice":"Lose Max HP","damage_taken":0,"relics_obtained":["Golden Idol"],"max_hp_gain":0,"max_hp_loss":5,"event_name":"Golden Idol","floor":10,"gold_loss":0},{"cards_removed":["Strike_R"],"damage_healed":0,"gold_gain":0,"player_choice":"Card Removal","damage_taken":7,"max_hp_gain":0,"max_hp_loss":0,"event_name":"Golden Wing","floor":14,"gold_loss":0}],"is_beta":false,"boss_relics":[],"items_purged_floors":[],"is_endless":false,"potions_floor_spawned":[7,11],"killed_by":"Hexaghost","ascension_level":8}