{"gold_per_floor":[116,126,126,140,151,151,185,199,222,222,222,222,62,72,72,150,150],"floor_reached":17,"playtime":2386,"items_purged":[],"score":290,"play_id":"b472b7dc-4f79-4243-8532-9e8aee07b208","local_time":"20181106111908","is_ascension_mode":true,"campfire_choices":[{"data":"Blood for Blood","floor":6,"key":"SMITH"},{"data":"Flame Barrier","floor":11,"key":"SMITH"},{"data":"Double Tap","floor":15,"key":"SMITH"}],"neow_cost":"TEN_PERCENT_HP_LOSS","seed_source_timestamp":162486944264789,"circlet_count":0,"master_deck":["AscendersBane","Strike_R","Strike_R","Defend_R","Defend_R","Defend_R","Bash","Flex","Shrug It Off","Clothesline","Blood for Blood+1","Double Tap+1","Flame Barrier+1","Power Through","Evolve","Impervious"],"relics":["Burning Blood","Matryoshka","Orichalcum","Potion Belt","Sozu"],"potions_floor_usage":[16],"damage_taken":[{"damage":6,"enemies":"Cultist","floor":1,"turns":4},{"damage":9,"enemies":"2 Louse","floor":2,"turns":3},{"damage":7,"enemies":"Jaw Worm","floor":4,"turns":4},{"damage":16,"enemies":"3 Louse","floor":5,"turns":6},{"damage":34,"enemies":"Gremlin Nob","floor":7,"turns":5},{"damage":8,"enemies":"Looter","floor":8,"turns":2},{"damage":0,"enemies":"Red Slaver","floor":14,"turns":4},{"damage":19,"enemies":"Hexaghost","floor":16,"turns":11}],"seed_played":"-3669083902395501321","potions_obtained":[{"floor":2,"key":"PowerPotion"},{"floor":4,"key":"Strength Potion"},{"floor":7,"key":"Energy Potion"},{"floor":16,"key":"GamblersBrew"}],"is_trial":false,"path_per_floor":["M","M","?","M","M","R","E","M","T","?","R","?","$","M","R","B",null],"character_chosen":"IRONCLAD","items_purchased":["Power Through","Evolve"],"campfire_rested":0,"item_purchase_floors":[13,13],"current_hp_per_floor":[68,65,65,64,54,54,26,24,24,17,17,17,17,23,23,10,54],"gold":150,"neow_bonus":"TRANSFORM_TWO_CARDS","is_prod":false,"is_daily":false,"chose_seed":false,"campfire_upgraded":3,"win_rate":0,"timestamp":1541499548,"path_taken":["M","?","?","M","M","R","E","?","T","?","R","?","$","M","R","BOSS"],"build_version":"2018-11-01","purchased_purges":0,"victory":false,"max_hp_per_floor":[68,68,68,68,68,68,68,68,68,68,68,68,68,68,68,68,68],"card_choices":[{"not_picked":["Iron Wave","Cleave"],"picked":"Shrug It Off","floor":1},{"not_picked":["Shockwave","Bloodletting"],"picked":"Clothesline","floor":2},{"not_picked":["Body Slam","Clothesline","Combust"],"picked":"SKIP","floor":4},{"not_picked":["Warcry","Feel No Pain"],"picked":"Blood for Blood","floor":5},{"not_picked":["Clothesline","Rage"],"picked":"Double Tap","floor":7},{"not_picked":["Iron Wave","Flex"],"picked":"Flame Barrier","floor":8},{"not_picked":["Heavy Blade","Armaments","Sentinel"],"picked":"SKIP","floor":14},{"not_picked":["Double Tap","Dark Embrace"],"picked":"Impervious","floor":16}],"player_experience":637831,"relics_obtained":[{"floor":7,"key":"Matryoshka"},{"floor":9,"key":"Orichalcum"},{"floor":9,"key":"Potion Belt"}],"event_choices":[{"cards_removed":["Strike_R"],"damage_healed":0,"gold_gain":0,"player_choice":"Card Removal","damage_taken":0,"max_hp_gain":0,"max_hp_loss":0,"event_name":"Wheel of Change","floor":3,"gold_loss":0},{"cards_removed":["Bloodletting"],"damage_healed":0,"gold_gain":0,"player_choice":"Card Removal","damage_taken":7,"max_hp_gain":0,"max_hp_loss":0,"event_name":"Golden Wing","floor":10,"gold_loss":0},{"cards_removed":["Strike_R"],"damage_healed":0,"gold_gain":0,"player_choice":"Forget","damage_taken":0,"max_hp_gain":0,"max_hp_loss":0,"event_name":"Living Wall","floor":12,"gold_loss":0}],"is_beta":false,"boss_relics":[{"not_picked":["Snecko Eye","Coffee Dripper"],"picked":"Sozu"}],"items_purged_floors":[],"is_endless":false,"potions_floor_spawned":[2,4,7,16],"ascension_level":17}