{"gold_per_floor":[118,118,41,58,133,158,158,190,216,246,246],"floor_reached":11,"playtime":311,"items_purged":[],"score":194,"play_id":"d978e007-f812-42a7-864a-20bc3dd654be","local_time":"20190221221036","is_ascension_mode":true,"campfire_choices":[{"data":"Terror","floor":7.0,"key":"SMITH"}],"neow_cost":"NONE","seed_source_timestamp":0,"circlet_count":0,"master_deck":["AscendersBane","Defend_G","Defend_G","Defend_G","Defend_G","Defend_G","Strike_G","Strike_G","Strike_G","Strike_G","Strike_G","Survivor","Neutralize","Footwork","Leg Sweep","Terror+1","Footwork","Predator","Backflip"],"special_seed":0,"relics":["Ring of the Snake","NeowsBlessing","Regal Pillow","Anchor","Strawberry","StoneCalendar"],"potions_floor_usage":[8,10],"damage_taken":[{"damage":0.0,"enemies":"Cultist","floor":1.0,"turns":1.0},{"damage":0.0,"enemies":"2 Louse","floor":4.0,"turns":1.0},{"damage":0.0,"enemies":"Gremlin Nob","floor":6.0,"turns":1.0},{"damage":14,"enemies":"3 Sentries","floor":8,"turns":18},{"damage":27,"enemies":"Gremlin Nob","floor":10,"turns":5}],"seed_played":"7778458484357947420","potions_obtained":[{"floor":2.0,"key":"Dexterity Potion"},{"floor":2.0,"key":"SpeedPotion"},{"floor":2.0,"key":"PowerPotion"},{"floor":10,"key":"SmokeBomb"}],"is_trial":false,"path_per_floor":["M","?","$","M","?","E","R","E","T","E","?"],"character_chosen":"THE_SILENT","items_purchased":["Leg Sweep"],"campfire_rested":0,"item_purchase_floors":[3],"current_hp_per_floor":[59,59,59,59,48,48,48,34,41,14,0],"gold":246,"neow_bonus":"THREE_ENEMY_KILL","is_prod":false,"is_daily":false,"chose_seed":false,"campfire_upgraded":1,"win_rate":0,"timestamp":1550783436,"path_taken":["M","?","?","M","?","E","R","E","T","E","?"],"build_version":"2019-01-23","purchased_purges":0,"victory":false,"max_hp_per_floor":[66,66,66,66,66,66,66,66,73,73,73],"card_choices":[{"not_picked":["Bane","Choke"],"picked":"Footwork","floor":1.0},{"not_picked":["Riddle With Holes","Deadly Poison"],"picked":"Terror","floor":4.0},{"not_picked":["Deflect","Eviscerate"],"picked":"Footwork","floor":6.0},{"not_picked":["Flying Knee","Cloak And Dagger"],"picked":"Predator","floor":8},{"not_picked":["Blade Dance","Poisoned Stab"],"picked":"Backflip","floor":10}],"player_experience":2307394,"relics_obtained":[{"floor":6.0,"key":"Regal Pillow"},{"floor":8,"key":"Anchor"},{"floor":9,"key":"Strawberry"},{"floor":10,"key":"StoneCalendar"}],"event_choices":[{"damage_healed":0.0,"max_hp_gain":0.0,"max_hp_loss":0.0,"gold_gain":0.0,"event_name":"Lab","player_choice":"Got Potions","floor":2.0,"gold_loss":0.0,"damage_taken":0.0},{"damage_healed":0.0,"max_hp_gain":0.0,"max_hp_loss":0.0,"gold_gain":75.0,"event_name":"World of Goop","player_choice":"Gather Gold","floor":5.0,"gold_loss":0.0,"damage_taken":11.0}],"is_beta":false,"boss_relics":[],"items_purged_floors":[],"is_endless":false,"potions_floor_spawned":[4,6,10],"ascension_level":14}