{"gold_per_floor":[109,122,138,152,170,199,199,212,258,258,25,57,83,83,83,160,160,133,33,33,52,67,67],"floor_reached":23,"playtime":1418,"items_purged":["Strike_R","Strike_R"],"score":376,"play_id":"f8604954-e002-4829-a066-16f65b1b9996","local_time":"20181111190848","is_ascension_mode":true,"campfire_choices":[{"data":"Carnage","floor":7,"key":"SMITH"},{"data":"Metallicize","floor":10,"key":"SMITH"},{"floor":15,"key":"REST"}],"neow_cost":"NONE","seed_source_timestamp":106698656900559,"circlet_count":0,"master_deck":["AscendersBane","Strike_R","Strike_R","Defend_R","Defend_R","Defend_R","Bash","Brutality","Metallicize+1","Iron Wave","Headbutt","Cleave","Shrug It Off","Carnage+1","Entrench","Rampage","Metallicize","Rupture","Juggernaut","Sword Boomerang","Barricade","Havoc","Havoc"],"relics":["Burning Blood","Happy Flower","Bronze Scales","Bag of Preparation","Odd Mushroom","Orrery"],"potions_floor_usage":[4,6,13,13],"damage_taken":[{"damage":2,"enemies":"Cultist","floor":1,"turns":4},{"damage":0,"enemies":"2 Louse","floor":2,"turns":4},{"damage":7,"enemies":"Jaw Worm","floor":3,"turns":4},{"damage":2,"enemies":"Looter","floor":4,"turns":4},{"damage":14,"enemies":"Large Slime","floor":5,"turns":7},{"damage":19,"enemies":"3 Sentries","floor":6,"turns":8},{"damage":8,"enemies":"Blue Slaver","floor":8,"turns":3},{"damage":36,"enemies":"Lagavulin","floor":12,"turns":5},{"damage":14,"enemies":"The Mushroom Lair","floor":13,"turns":4},{"damage":14,"enemies":"Slime Boss","floor":16,"turns":9},{"damage":30,"enemies":"2 Thieves","floor":18,"turns":4},{"damage":11,"enemies":"Chosen","floor":21,"turns":7},{"damage":31,"enemies":"Snake Plant","floor":22,"turns":7}],"seed_played":"2937739834963909761","potions_obtained":[{"floor":3,"key":"Swift Potion"},{"floor":4,"key":"BloodPotion"},{"floor":5,"key":"Energy Potion"},{"floor":8,"key":"LiquidBronze"},{"floor":22,"key":"EntropicBrew"}],"is_trial":false,"path_per_floor":["M","M","M","M","M","E","R","M","T","R","$","E","?","$","R","B",null,"M","$","?","M","M","R"],"character_chosen":"IRONCLAD","items_purchased":["Entrench","Rampage"],"campfire_rested":1,"item_purchase_floors":[11,11],"current_hp_per_floor":[72,75,74,75,67,54,54,52,52,52,52,22,21,21,43,35,65,41,41,41,36,11,11],"gold":67,"neow_bonus":"ONE_RANDOM_RARE_CARD","is_prod":false,"is_daily":false,"chose_seed":false,"campfire_upgraded":2,"win_rate":0,"timestamp":1541959728,"path_taken":["M","?","?","M","M","E","R","M","T","R","$","E","?","$","R","BOSS","M","$","?","M","M","R"],"build_version":"2018-11-08","purchased_purges":2,"victory":false,"max_hp_per_floor":[75,75,75,75,75,75,75,75,75,75,75,75,75,75,75,75,75,75,75,75,75,75,75],"card_choices":[{"not_picked":["Headbutt","Anger"],"picked":"Metallicize","floor":1},{"not_picked":["Headbutt","Wild Strike"],"picked":"Iron Wave","floor":2},{"not_picked":["Iron Wave","Thunderclap"],"picked":"Headbutt","floor":3},{"not_picked":["Clothesline","Thunderclap"],"picked":"Cleave","floor":4},{"not_picked":["Double Tap","Burning Pact"],"picked":"Shrug It Off","floor":5},{"not_picked":["True Grit","Wild Strike"],"picked":"Carnage","floor":6},{"not_picked":["Shrug It Off","Feel No Pain","Armaments"],"picked":"SKIP","floor":8},{"not_picked":["Thunderclap","Flex"],"picked":"Metallicize","floor":12},{"not_picked":["Havoc","Wild Strike"],"picked":"Rupture","floor":13},{"not_picked":["Berserk","Reaper"],"picked":"Juggernaut","floor":16},{"not_picked":["Heavy Blade","Pommel Strike"],"picked":"Sword Boomerang","floor":17},{"not_picked":["Flex","Uppercut"],"picked":"Barricade","floor":17},{"not_picked":["Anger","Uppercut","Iron Wave+1"],"picked":"SKIP","floor":18},{"not_picked":["Cleave","Sentinel","Anger"],"picked":"SKIP","floor":21},{"not_picked":["Iron Wave","Armaments","Berserk"],"picked":"SKIP","floor":22}],"player_experience":650005,"relics_obtained":[{"floor":6,"key":"Happy Flower"},{"floor":9,"key":"Bronze Scales"},{"floor":12,"key":"Bag of Preparation"},{"floor":13,"key":"Odd Mushroom"}],"event_choices":[{"damage_healed":0,"gold_gain":0,"player_choice":"Fought Mushrooms","damage_taken":0,"max_hp_gain":0,"max_hp_loss":0,"event_name":"Mushrooms","floor":13,"gold_loss":0},{"damage_healed":0,"gold_gain":0,"cards_transformed":["Strike_R","Defend_R"],"player_choice":"Became Test Subject","damage_taken":0,"max_hp_gain":0,"max_hp_loss":0,"event_name":"Drug Dealer","floor":20,"gold_loss":0,"cards_obtained":["Havoc","Havoc"]}],"is_beta":false,"boss_relics":[{"not_picked":["Lizard Tail","Coffee Dripper"],"picked":"Orrery"}],"items_purged_floors":[11,19],"is_endless":false,"potions_floor_spawned":[3,4,5,8,12,22],"ascension_level":17}