{"gold_per_floor":[115,115,40,40,58,58,72,72,72,72,72,72,72,92,92,195,195,215,226,226,226,141,141,158,158,158,158,169,182,31,31,31,128,128,139,139,149,149],"floor_reached":38,"playtime":5991,"items_purged":["Strike_B","Decay"],"score":362,"play_id":"0df9c005-9742-43fd-9a98-152800d4e1e3","local_time":"20190225193358","is_ascension_mode":false,"campfire_choices":[{"data":"Coolheaded","floor":6.0,"key":"SMITH"},{"data":"Coolheaded","floor":8.0,"key":"SMITH"},{"data":"Beam Cell","floor":10.0,"key":"SMITH"},{"data":"Zap","floor":12.0,"key":"SMITH"},{"data":"Redo","floor":15.0,"key":"SMITH"},{"floor":23.0,"key":"REST"},{"floor":25.0,"key":"REST"},{"floor":32.0,"key":"REST"}],"neow_cost":"NONE","seed_source_timestamp":0,"circlet_count":0,"master_deck":["Strike_B","Strike_B","Strike_B","Defend_B","Defend_B","Defend_B","Zap+1","Dualcast","Coolheaded+1","Beam Cell+1","Coolheaded+1","Redo+1","Creative AI","Barrage+1","Auto Shields","Capacitor+1","Double Energy","Thunder Strike+1","Go for the Eyes+1","All For One+1","Redo+1","Madness","Madness","Steam+1"],"special_seed":0,"relics":["Cracked Core","Pantograph","Snecko Eye","Mercury Hourglass","Unceasing Top","Molten Egg 2","Kunai","Nuclear Battery"],"potions_floor_usage":[38],"damage_taken":[{"damage":4.0,"enemies":"Jaw Worm","floor":1.0,"turns":2.0},{"damage":0.0,"enemies":"2 Louse","floor":5.0,"turns":4.0},{"damage":0.0,"enemies":"Cultist","floor":7.0,"turns":3.0},{"damage":4.0,"enemies":"Red Slaver","floor":14.0,"turns":3.0},{"damage":22.0,"enemies":"The Guardian","floor":16.0,"turns":10.0},{"damage":16.0,"enemies":"Spheric Guardian","floor":18.0,"turns":5.0},{"damage":22.0,"enemies":"Shell Parasite","floor":19.0,"turns":6.0},{"damage":56.0,"enemies":"3 Cultists","floor":24.0,"turns":6.0},{"damage":1.0,"enemies":"Snake Plant","floor":28.0,"turns":3.0},{"damage":18.0,"enemies":"Centurion and Healer","floor":29.0,"turns":6.0},{"damage":19.0,"enemies":"Champ","floor":33.0,"turns":10.0},{"damage":9.0,"enemies":"3 Shapes","floor":35.0,"turns":2.0},{"damage":27.0,"enemies":"3 Darklings","floor":37.0,"turns":5.0},{"damage":33,"enemies":"Sphere and 2 Shapes","floor":38,"turns":3}],"seed_played":"-1811941428531333699","potions_obtained":[{"floor":0.0,"key":"SneckoOil"},{"floor":0.0,"key":"SkillPotion"},{"floor":0.0,"key":"GamblersBrew"},{"floor":14.0,"key":"Dexterity Potion"},{"floor":28.0,"key":"Energy Potion"},{"floor":33.0,"key":"Dexterity Potion"},{"floor":35.0,"key":"SpeedPotion"},{"floor":37.0,"key":"Dexterity Potion"}],"is_trial":false,"path_per_floor":["M","?","$","?","M","R","M","R","T","R","$","R","?","M","R","B",null,"M","M","T","?","?","R","M","R","T","T","M","M","$","$","R","B",null,"M","?","M","M"],"character_chosen":"DEFECT","items_purchased":["Go for the Eyes+1"],"campfire_rested":3,"item_purchase_floors":[30],"current_hp_per_floor":[71,71,71,71,71,71,71,71,71,71,71,71,71,67,67,53,75,59,37,37,37,37,59,3,25,25,25,24,6,6,6,28,34,75,66,57,30,0],"gold":149,"neow_bonus":"THREE_SMALL_POTIONS","is_prod":false,"is_daily":false,"chose_seed":false,"campfire_upgraded":5,"win_rate":0.0,"timestamp":1551141238,"path_taken":["M","?","$","?","M","R","M","R","T","R","$","R","?","M","R","BOSS","M","?","?","?","?","R","M","R","T","?","M","M","?","$","R","BOSS","M","?","M","M"],"build_version":"2019-01-23","purchased_purges":2,"victory":false,"max_hp_per_floor":[75,75,75,75,75,75,75,75,75,75,75,75,75,75,75,75,75,75,75,75,75,75,75,75,75,75,75,75,75,75,75,75,75,75,75,75,75,75],"card_choices":[{"not_picked":["Streamline","Conserve Battery"],"picked":"Coolheaded","floor":1.0},{"not_picked":["Streamline","Gash"],"picked":"Beam Cell","floor":5.0},{"not_picked":["Conserve Battery","Go for the Eyes"],"picked":"Coolheaded","floor":7.0},{"not_picked":["Steam Power","Stack"],"picked":"Redo","floor":14.0},{"not_picked":["Fission","Buffer"],"picked":"Creative AI","floor":16.0},{"not_picked":["Gash","Coolheaded"],"picked":"Barrage+1","floor":18.0},{"not_picked":["Conserve Battery","Static Discharge+1"],"picked":"Auto Shields","floor":19.0},{"not_picked":["Conserve Battery","Beam Cell"],"picked":"Capacitor+1","floor":24.0},{"not_picked":["Hologram","Redo"],"picked":"Double Energy","floor":28.0},{"not_picked":["Redo","Force Field"],"picked":"Thunder Strike+1","floor":29.0},{"not_picked":["Creative AI","Biased Cognition"],"picked":"All For One+1","floor":33.0},{"not_picked":["Steam+1","Loop"],"picked":"Redo+1","floor":35.0},{"not_picked":["Defragment","Steam Power"],"picked":"Steam+1","floor":37.0}],"player_experience":163696,"relics_obtained":[{"floor":9.0,"key":"Pantograph"},{"floor":20.0,"key":"Mercury Hourglass"},{"floor":26.0,"key":"Molten Egg 2"},{"floor":27.0,"key":"Kunai"}],"event_choices":[{"damage_healed":0.0,"max_hp_gain":0.0,"max_hp_loss":0.0,"gold_gain":0.0,"event_name":"Shining Light","player_choice":"Ignored","floor":2.0,"gold_loss":0.0,"damage_taken":0.0},{"cards_removed":["Defend_B"],"damage_healed":0.0,"max_hp_gain":0.0,"max_hp_loss":0.0,"gold_gain":0.0,"event_name":"Living Wall","player_choice":"Forget","floor":4.0,"gold_loss":0.0,"damage_taken":0.0},{"damage_healed":0.0,"max_hp_gain":0.0,"max_hp_loss":0.0,"gold_gain":0.0,"event_name":"FaceTrader","player_choice":"Leave","floor":13.0,"gold_loss":0.0,"damage_taken":0.0},{"damage_healed":0.0,"max_hp_gain":0.0,"max_hp_loss":0.0,"gold_gain":0.0,"event_name":"Forgotten Altar","player_choice":"Smashed Altar","floor":21.0,"gold_loss":0.0,"damage_taken":0.0,"cards_obtained":["Decay"]},{"damage_healed":0.0,"max_hp_gain":0.0,"max_hp_loss":0.0,"gold_gain":0.0,"event_name":"Addict","player_choice":"Obtained Relic","floor":22.0,"gold_loss":85.0,"damage_taken":0.0,"relics_obtained":["Unceasing Top"]},{"damage_healed":0.0,"max_hp_gain":0.0,"max_hp_loss":0.0,"gold_gain":0.0,"event_name":"Winding Halls","player_choice":"Embrace Madness","floor":36.0,"gold_loss":0.0,"damage_taken":9.0,"cards_obtained":["Madness","Madness"]}],"is_beta":false,"boss_relics":[{"not_picked":["Velvet Choker","Runic Dome"],"picked":"Snecko Eye"},{"not_picked":["Black Star","Empty Cage"],"picked":"Nuclear Battery"}],"items_purged_floors":[3,30],"is_endless":false,"potions_floor_spawned":[14,28,33,35,37],"killed_by":"Sphere and 2 Shapes","ascension_level":0}