{"gold_per_floor":[116,116,132,132,150,150,104,104,176,176,176,176,191,201,201,276,276,291,367,19,19,30,30,48,48],"floor_reached":25,"playtime":963,"items_purged":[],"score":334,"play_id":"a5062919-172e-4497-a113-76d72e8948c9","local_time":"20190113163937","is_ascension_mode":true,"campfire_choices":[{"floor":6,"key":"REST"},{"data":"Havoc","floor":8,"key":"SMITH"},{"data":"Shrug It Off","floor":10,"key":"SMITH"},{"data":"Bash","floor":12,"key":"SMITH"},{"floor":15,"key":"REST"},{"floor":23,"key":"REST"}],"neow_cost":"NONE","seed_source_timestamp":329068534602157,"circlet_count":0,"master_deck":["AscendersBane","Bash+1","Headbutt","Shrug It Off+1","Havoc+1","Twin Strike","Blood for Blood","Flex","Immolate","Warcry","Carnage","Warcry","Clash","Fire Breathing","Burning Pact","Armaments","Headbutt","Perfected Strike","Shockwave","Good Instincts+1","Dual Wield+1","Ghostly Armor+1"],"relics":["Sozu","Dodecahedron","Paper Frog","Pandora\u0027s Box","Pear","Toxic Egg 2","Nilry\u0027s Codex"],"potions_floor_usage":[],"damage_taken":[{"damage":0,"enemies":"Cultist","floor":1,"turns":2},{"damage":5,"enemies":"Small Slimes","floor":3,"turns":3},{"damage":12,"enemies":"Jaw Worm","floor":5,"turns":2},{"damage":0,"enemies":"2 Fungi Beasts","floor":13,"turns":2},{"damage":12,"enemies":"Exordium Wildlife","floor":14,"turns":4},{"damage":64,"enemies":"Slime Boss","floor":16,"turns":11},{"damage":24,"enemies":"3 Byrds","floor":18,"turns":4},{"damage":11,"enemies":"2 Thieves","floor":22,"turns":3},{"damage":5,"enemies":"Shelled Parasite and Fungi","floor":24,"turns":3},{"damage":45,"enemies":"Gremlin Leader","floor":25,"turns":3}],"seed_played":"2026922215854027072","potions_obtained":[],"is_trial":false,"path_per_floor":["M","T","M","?","M","R","$","R","T","R","?","R","M","M","R","B",null,"M","T","$","?","M","R","M","E"],"character_chosen":"IRONCLAD","items_purchased":["Twin Strike","Toxic Egg 2","Good Instincts+1"],"campfire_rested":3,"item_purchase_floors":[7,20,20],"current_hp_per_floor":[68,68,63,63,51,73,73,73,73,73,73,73,73,61,75,11,59,35,45,45,24,13,38,33,0],"gold":48,"neow_bonus":"BOSS_RELIC","is_prod":false,"is_daily":false,"chose_seed":false,"campfire_upgraded":3,"win_rate":0,"timestamp":1547426377,"path_taken":["M","?","M","?","M","R","?","R","T","R","?","R","M","?","R","BOSS","M","?","$","?","M","R","M","E"],"build_version":"2019-01-10","purchased_purges":0,"victory":false,"max_hp_per_floor":[75,75,75,75,75,75,75,75,75,75,75,75,75,75,75,75,75,75,85,85,85,85,85,85,85],"card_choices":[{"not_picked":["Heavy Blade","Clash"],"picked":"Headbutt","floor":1},{"not_picked":["Heavy Blade","Metallicize"],"picked":"Shrug It Off","floor":3},{"not_picked":["Sentinel","Blood for Blood"],"picked":"Havoc","floor":5},{"not_picked":["Warcry","Wild Strike"],"picked":"Blood for Blood","floor":13},{"not_picked":["Searing Blow","Limit Break"],"picked":"Flex","floor":14},{"not_picked":["Fiend Fire","Juggernaut"],"picked":"Immolate","floor":16},{"not_picked":["Shrug It Off","Inflame"],"picked":"Shockwave","floor":18},{"not_picked":["Disarm+1","Thunderclap"],"picked":"Dual Wield+1","floor":22},{"not_picked":["Inflame+1","Hemokinesis"],"picked":"Ghostly Armor+1","floor":24}],"player_experience":476255,"relics_obtained":[{"floor":2,"key":"Dodecahedron"},{"floor":9,"key":"Paper Frog"},{"floor":19,"key":"Pear"},{"floor":21,"key":"Nilry\u0027s Codex"}],"event_choices":[{"damage_healed":0,"gold_gain":0,"player_choice":"Ignored","damage_taken":0,"max_hp_gain":0,"max_hp_loss":0,"event_name":"Golden Wing","floor":4,"gold_loss":0},{"damage_healed":0,"gold_gain":0,"player_choice":"Ignored","damage_taken":0,"max_hp_gain":0,"max_hp_loss":0,"event_name":"Liars Game","floor":11,"gold_loss":0},{"damage_healed":0,"gold_gain":0,"player_choice":"Obtained Book","damage_taken":21,"max_hp_gain":0,"max_hp_loss":0,"event_name":"Cursed Tome","floor":21,"gold_loss":0}],"is_beta":false,"boss_relics":[{"not_picked":["Runic Dome","Cursed Key"],"picked":"Pandora\u0027s Box"}],"items_purged_floors":[],"is_endless":false,"potions_floor_spawned":[3,13,14,16,22],"killed_by":"Gremlin Leader","ascension_level":15}