{"gold_per_floor":[116,130,55,65,65,65,82,111,181,181,191,17,17,0,0,77,77,89,89,101,101,114,114,146,146,173,188,208,208,223,239,239,239],"floor_reached":33,"playtime":1286,"items_purged":["Strike_G"],"score":559,"play_id":"77f173a7-8b24-42fb-9e62-2d153623cbc6","local_time":"20190117194659","is_ascension_mode":true,"campfire_choices":[{"data":"Bouncing Flask","floor":6.0,"key":"SMITH"},{"data":"Crippling Poison","floor":10.0,"key":"SMITH"},{"data":"Dash","floor":15,"key":"SMITH"},{"floor":23,"key":"REST"},{"floor":25,"key":"REST"},{"floor":32,"key":"REST"}],"neow_cost":"NONE","seed_source_timestamp":114480879850222,"circlet_count":0,"master_deck":["AscendersBane","Defend_G","Defend_G","Defend_G","Defend_G","Strike_G","Strike_G","Strike_G","Strike_G","Survivor","Neutralize","Well Laid Plans","Quick Slash","Bouncing Flask+1","Malaise","Crippling Poison+1","Blur","Dash+1","Backflip","Malaise","Dagger Spray","Calculated Gamble","Necronomicurse","Poisoned Stab","Crippling Poison","Footwork","Bouncing Flask"],"special_seed":0,"relics":["Ring of the Snake","Orichalcum","Prayer Wheel","Strawberry","Pantograph","Sozu","Necronomicon","Smiling Mask","Bag of Marbles","FossilizedHelix"],"potions_floor_usage":[16],"damage_taken":[{"damage":2.0,"enemies":"Small Slimes","floor":1.0,"turns":5.0},{"damage":1.0,"enemies":"2 Louse","floor":2.0,"turns":3.0},{"damage":0.0,"enemies":"Jaw Worm","floor":4.0,"turns":5.0},{"damage":8.0,"enemies":"Red Slaver","floor":7.0,"turns":6.0},{"damage":0.0,"enemies":"Gremlin Nob","floor":8.0,"turns":3.0},{"damage":4,"enemies":"Gremlin Gang","floor":11,"turns":4},{"damage":40,"enemies":"Slime Boss","floor":16,"turns":11},{"damage":0,"enemies":"Spheric Guardian","floor":18,"turns":3},{"damage":6,"enemies":"Chosen","floor":20,"turns":8},{"damage":12,"enemies":"Snake Plant","floor":22,"turns":3},{"damage":31,"enemies":"Gremlin Leader","floor":24,"turns":8},{"damage":5,"enemies":"Centurion and Healer","floor":27,"turns":7},{"damage":15,"enemies":"Chosen and Byrds","floor":28,"turns":6},{"damage":0,"enemies":"Cultist and Chosen","floor":30,"turns":6},{"damage":3,"enemies":"Snake Plant","floor":31,"turns":4},{"damage":53,"enemies":"Collector","floor":33,"turns":6}],"seed_played":"-5394718727875677377","potions_obtained":[{"floor":1.0,"key":"PowerPotion"},{"floor":2.0,"key":"Dexterity Potion"},{"floor":4.0,"key":"Strength Potion"},{"floor":11,"key":"Swift Potion"}],"is_trial":false,"path_per_floor":["M","M","?","M","?","R","M","E","T","R","M","$","?","?","R","B",null,"M","?","M","?","M","R","E","R","T","M","M","T","M","M","R","B"],"character_chosen":"THE_SILENT","items_purchased":["Dash","Backflip"],"campfire_rested":3,"item_purchase_floors":[12,12],"current_hp_per_floor":[57,56,56,56,30,30,22,29,29,29,25,25,25,25,25,10,57,57,57,51,30,18,39,8,29,29,24,9,9,9,6,27,0],"gold":239,"neow_bonus":"RANDOM_COMMON_RELIC","is_prod":false,"is_daily":false,"chose_seed":false,"campfire_upgraded":3,"win_rate":0,"timestamp":1547750819,"path_taken":["M","M","?","M","?","R","M","E","T","R","M","$","?","?","R","BOSS","M","?","M","?","M","R","E","R","T","M","M","?","?","?","R","BOSS"],"build_version":"2019-01-10","purchased_purges":1,"victory":false,"max_hp_per_floor":[66,66,66,66,66,66,66,73,73,73,73,73,73,73,73,73,73,73,73,73,73,73,73,73,73,73,73,73,73,73,73,73,73],"card_choices":[{"not_picked":["Bane","Dagger Spray"],"picked":"Well Laid Plans","floor":1.0},{"not_picked":["Dodge and Roll","Caltrops"],"picked":"Quick Slash","floor":2.0},{"not_picked":["Cloak And Dagger","Acrobatics"],"picked":"Bouncing Flask","floor":4.0},{"not_picked":["Outmaneuver","Terror"],"picked":"Malaise","floor":7.0},{"not_picked":["Setup","Riddle With Holes","Flying Knee"],"picked":"SKIP","floor":7.0},{"not_picked":["Finisher","Reflex"],"picked":"Crippling Poison","floor":8.0},{"not_picked":["Dodge and Roll","Underhanded Strike"],"picked":"Blur","floor":11},{"not_picked":["Outmaneuver","Concentrate","Accuracy"],"picked":"SKIP","floor":11},{"not_picked":["Venomology","Grand Finale"],"picked":"Malaise","floor":16},{"not_picked":["Sucker Punch","Acrobatics"],"picked":"Dagger Spray","floor":18},{"not_picked":["Bane","Poisoned Stab","Heel Hook"],"picked":"SKIP","floor":18},{"not_picked":["Cloak And Dagger","Dagger Spray","Quick Slash"],"picked":"SKIP","floor":20},{"not_picked":["Dagger Throw+1","Backflip","Calculated Gamble"],"picked":"SKIP","floor":20},{"not_picked":["Dagger Throw+1","Backflip"],"picked":"Calculated Gamble","floor":20},{"not_picked":["Cloak And Dagger","Dagger Spray","Quick Slash"],"picked":"SKIP","floor":20},{"not_picked":["Poisoned Stab","Caltrops","Cloak And Dagger"],"picked":"SKIP","floor":22},{"not_picked":["Blade Dance","Dagger Throw","Sucker Punch+1"],"picked":"SKIP","floor":22},{"not_picked":["Dagger Throw","Flechettes","Tools of the Trade"],"picked":"SKIP","floor":24},{"not_picked":["Underhanded Strike","Blade Dance"],"picked":"Poisoned Stab","floor":27},{"not_picked":["Underhanded Strike","Masterful Stab","Choke"],"picked":"SKIP","floor":27},{"not_picked":["Escape Plan","PiercingWail"],"picked":"Crippling Poison","floor":28},{"not_picked":["Dodge and Roll","Underhanded Strike","Accuracy"],"picked":"SKIP","floor":28},{"not_picked":["Flying Knee","Tactician"],"picked":"Footwork","floor":30},{"not_picked":["Blade Dance","Prepared"],"picked":"Bouncing Flask","floor":30},{"not_picked":["Blade Dance","Flying Knee","Concentrate"],"picked":"SKIP","floor":31},{"not_picked":["Masterful Stab","Caltrops","Underhanded Strike"],"picked":"SKIP","floor":31}],"player_experience":883836,"relics_obtained":[{"floor":8.0,"key":"Strawberry"},{"floor":9.0,"key":"Pantograph"},{"floor":21,"key":"Necronomicon"},{"floor":24,"key":"Smiling Mask"},{"floor":26,"key":"Bag of Marbles"},{"floor":29,"key":"FossilizedHelix"}],"event_choices":[{"cards_removed":["Defend_G"],"damage_healed":0.0,"max_hp_gain":0.0,"max_hp_loss":0.0,"gold_gain":0.0,"event_name":"The Cleric","player_choice":"Card Removal","floor":3.0,"gold_loss":75.0,"damage_taken":0.0},{"damage_healed":0.0,"max_hp_gain":0.0,"max_hp_loss":0.0,"gold_gain":0.0,"event_name":"Scrap Ooze","player_choice":"Success","floor":5.0,"gold_loss":0.0,"damage_taken":26.0,"relics_obtained":["Prayer Wheel"]},{"damage_healed":0,"gold_gain":0,"player_choice":"Ignored","damage_taken":0,"max_hp_gain":0,"max_hp_loss":0,"event_name":"Liars Game","floor":13,"gold_loss":0},{"damage_healed":0,"gold_gain":0,"player_choice":"Left Gold","damage_taken":0,"max_hp_gain":0,"max_hp_loss":0,"event_name":"World of Goop","floor":14,"gold_loss":17},{"damage_healed":0,"gold_gain":0,"player_choice":"Ignored","damage_taken":0,"max_hp_gain":0,"max_hp_loss":0,"event_name":"Vampires","floor":19,"gold_loss":0},{"damage_healed":0,"gold_gain":0,"player_choice":"Obtained Book","damage_taken":21,"max_hp_gain":0,"max_hp_loss":0,"event_name":"Cursed Tome","floor":21,"gold_loss":0}],"is_beta":false,"boss_relics":[{"not_picked":["Ectoplasm","Coffee Dripper"],"picked":"Sozu"}],"items_purged_floors":[12],"is_endless":false,"potions_floor_spawned":[1,2,4,11,18,24,27],"killed_by":"Collector","ascension_level":18}