{"gold_per_floor":[360,310,320,25,25,25,45,76,131,131,142,155,175,175,175,280,280,295,25,25,25,37,37,68,85,109,123,123,222,241,241,241,340,340,350,28,39,59,75,75,175,175,199,199,214,0,15,32,32,32],"floor_reached":51,"playtime":2425,"items_purged":[],"score":1069,"play_id":"d77a6367-97c6-4975-a3ed-138df60b7980","local_time":"20190131173944","is_ascension_mode":true,"campfire_choices":[{"floor":6,"key":"REST"},{"floor":15,"key":"REST"},{"data":"Footwork","floor":23,"key":"SMITH"},{"floor":28,"key":"REST"},{"floor":32,"key":"REST"},{"data":"Burst","floor":40,"key":"SMITH"},{"data":"Noxious Fumes","floor":42,"key":"SMITH"},{"data":"Caltrops","floor":44,"key":"SMITH"},{"floor":49,"key":"REST"}],"neow_cost":"CURSE","seed_source_timestamp":1093404050083222,"circlet_count":0,"master_deck":["AscendersBane","Defend_G","Defend_G+1","Defend_G+1","Defend_G+1","Defend_G","Strike_G","Strike_G","Strike_G","Survivor+1","Neutralize","Underhanded Strike","Poisoned Stab","Footwork+1","Poisoned Stab+1","Well Laid Plans","Dagger Throw+1","Flying Knee+1","Dagger Throw+1","Corpse Explosion","Leg Sweep","Bane+1","Noxious Fumes+1","Distraction+1","Deflect","Burst+1","Dodge and Roll","PiercingWail","Glass Knife+1","Panache","Caltrops+1","Crippling Poison+1","Caltrops+1","PiercingWail+1","Dodge and Roll+1"],"relics":["Ring of the Snake","Molten Egg 2","Lantern","War Paint","Philosopher\u0027s Stone","Matryoshka","Bag of Marbles","Anchor","Snake Skull","Eternal Feather","Happy Flower","Ginger","Strawberry","Potion Belt","Red Mask"],"potions_floor_usage":[8,22,24,33,50,50],"damage_taken":[{"damage":8,"enemies":"2 Louse","floor":1,"turns":4},{"damage":2,"enemies":"Small Slimes","floor":3,"turns":4},{"damage":1,"enemies":"Cultist","floor":7,"turns":5},{"damage":57,"enemies":"3 Sentries","floor":8,"turns":12},{"damage":0,"enemies":"Blue Slaver","floor":11,"turns":4},{"damage":0,"enemies":"2 Fungi Beasts","floor":12,"turns":3},{"damage":0,"enemies":"Red Slaver","floor":13,"turns":3},{"damage":25,"enemies":"Slime Boss","floor":16,"turns":11},{"damage":0,"enemies":"Chosen","floor":18,"turns":4},{"damage":0,"enemies":"3 Byrds","floor":22,"turns":2},{"damage":27,"enemies":"Slavers","floor":24,"turns":3},{"damage":0,"enemies":"Snake Plant","floor":25,"turns":4},{"damage":9,"enemies":"Shelled Parasite and Fungi","floor":27,"turns":5},{"damage":10,"enemies":"Snecko","floor":30,"turns":5},{"damage":46,"enemies":"Champ","floor":33,"turns":13},{"damage":0,"enemies":"3 Darklings","floor":35,"turns":1},{"damage":0,"enemies":"3 Shapes","floor":37,"turns":5},{"damage":18,"enemies":"Transient","floor":38,"turns":5},{"damage":11,"enemies":"Jaw Worm Horde","floor":39,"turns":5},{"damage":10,"enemies":"Mind Bloom Boss Battle","floor":41,"turns":5},{"damage":0,"enemies":"4 Shapes","floor":45,"turns":1},{"damage":33,"enemies":"Spire Growth","floor":47,"turns":6},{"damage":10,"enemies":"3 Darklings","floor":48,"turns":3},{"damage":78,"enemies":"Donu and Deca","floor":50,"turns":9}],"seed_played":"-5794762917571278846","potions_obtained":[{"floor":7,"key":"Weak Potion"},{"floor":8,"key":"SteroidPotion"},{"floor":11,"key":"Block Potion"},{"floor":16,"key":"Strength Potion"},{"floor":27,"key":"Strength Potion"},{"floor":30,"key":"Energy Potion"},{"floor":31,"key":"GhostInAJar"},{"floor":31,"key":"Regen Potion"},{"floor":37,"key":"Explosive Potion"}],"is_trial":false,"path_per_floor":["M","?","M","$","?","R","M","E","T","?","M","M","M","?","R","B",null,"M","$","?","?","M","R","E","M","T","M","R","?","M","?","R","B",null,"M","$","M","M","M","R","?","R","T","R","M","?","M","M","R","B",null],"character_chosen":"THE_SILENT","items_purchased":["Footwork","Molten Egg 2","Matryoshka","Bane+1","Panache","Happy Flower"],"campfire_rested":5,"item_purchase_floors":[4,4,19,19,36,36],"current_hp_per_floor":[55,55,53,53,39,60,59,2,2,2,2,2,2,25,46,21,58,58,58,58,58,58,58,31,31,31,22,43,43,33,33,54,8,55,55,55,55,37,26,44,34,52,59,77,77,77,44,34,77,8],"gold":32,"neow_bonus":"TWO_FIFTY_GOLD","is_prod":false,"is_daily":false,"chose_seed":false,"campfire_upgraded":4,"win_rate":0,"timestamp":1548974384,"path_taken":["M","?","M","$","?","R","M","E","T","?","M","?","M","?","R","BOSS","M","$","?","?","?","R","E","M","T","M","R","?","M","?","R","BOSS","M","$","M","?","M","R","?","R","T","R","M","?","M","M","R","BOSS"],"build_version":"2019-01-23","purchased_purges":0,"victory":true,"max_hp_per_floor":[70,70,70,70,70,70,70,70,70,70,70,70,70,70,70,70,70,70,70,70,70,70,70,70,70,70,70,70,70,70,70,70,70,70,70,70,70,70,70,70,70,70,77,77,77,77,77,77,77,77],"card_choices":[{"not_picked":["Outmaneuver","Tactician"],"picked":"Underhanded Strike","floor":1},{"not_picked":["Quick Slash","All Out Attack"],"picked":"Poisoned Stab","floor":3},{"not_picked":["Dagger Spray+1","Outmaneuver"],"picked":"Poisoned Stab+1","floor":7},{"not_picked":["Underhanded Strike+1","Deadly Poison"],"picked":"Well Laid Plans","floor":8},{"not_picked":["PiercingWail","Doppelganger"],"picked":"Dagger Throw+1","floor":11},{"not_picked":["Acrobatics","Bouncing Flask"],"picked":"Flying Knee+1","floor":12},{"not_picked":["Expertise","Blade Dance"],"picked":"Dagger Throw+1","floor":13},{"not_picked":["Glass Knife+1","Burst"],"picked":"Corpse Explosion","floor":16},{"not_picked":["Blur","Deflect+1"],"picked":"Leg Sweep","floor":18},{"not_picked":["Outmaneuver+1","Acrobatics"],"picked":"Distraction+1","floor":22},{"not_picked":["Prepared","Outmaneuver"],"picked":"Deflect","floor":24},{"not_picked":["Masterful Stab+1","Outmaneuver"],"picked":"Burst","floor":25},{"not_picked":["Deadly Poison","Prepared"],"picked":"Dodge and Roll","floor":27},{"not_picked":["Choke+1","Dagger Throw+1"],"picked":"PiercingWail","floor":30},{"not_picked":["Phantasmal Killer","Malaise"],"picked":"Glass Knife+1","floor":33},{"not_picked":["Quick Slash+1","Underhanded Strike+1","Prepared"],"picked":"SKIP","floor":35},{"not_picked":["Calculated Gamble+1","Deflect"],"picked":"Caltrops","floor":37},{"not_picked":["Setup","Blade Dance","Riddle With Holes+1"],"picked":"SKIP","floor":38},{"not_picked":["Slice+1","Flechettes+1"],"picked":"Crippling Poison+1","floor":39},{"not_picked":["Dodge and Roll","Concentrate"],"picked":"Caltrops+1","floor":41},{"not_picked":["Prepared","Flying Knee+1"],"picked":"PiercingWail+1","floor":45},{"not_picked":["Cloak And Dagger+1","Backflip"],"picked":"Dodge and Roll+1","floor":47},{"not_picked":["Poisoned Stab+1","Endless Agony+1","Grand Finale+1"],"picked":"SKIP","floor":48}],"player_experience":569327,"relics_obtained":[{"floor":8,"key":"Lantern"},{"floor":9,"key":"War Paint"},{"floor":24,"key":"Bag of Marbles"},{"floor":26,"key":"Anchor"},{"floor":26,"key":"Snake Skull"},{"floor":41,"key":"Ginger"},{"floor":43,"key":"Strawberry"},{"floor":43,"key":"Potion Belt"}],"event_choices":[{"cards_removed":["Regret"],"damage_healed":0,"gold_gain":0,"player_choice":"Card Removal","damage_taken":0,"max_hp_gain":0,"max_hp_loss":0,"event_name":"The Cleric","floor":2,"gold_loss":50},{"damage_healed":0,"gold_gain":0,"player_choice":"Entered Light","damage_taken":14,"max_hp_gain":0,"max_hp_loss":0,"event_name":"Shining Light","floor":5,"gold_loss":0,"cards_upgraded":["Survivor","Defend_G"]},{"cards_removed":["Strike_G"],"damage_healed":0,"gold_gain":0,"player_choice":"Purged","damage_taken":0,"max_hp_gain":0,"max_hp_loss":0,"event_name":"Purifier","floor":10,"gold_loss":0},{"damage_healed":23,"gold_gain":0,"player_choice":"Banana","damage_taken":0,"max_hp_gain":0,"max_hp_loss":0,"event_name":"Big Fish","floor":14,"gold_loss":0},{"damage_healed":0,"gold_gain":0,"player_choice":"Read","damage_taken":0,"max_hp_gain":0,"max_hp_loss":0,"event_name":"The Library","floor":20,"gold_loss":0,"cards_obtained":["Noxious Fumes"]},{"cards_removed":["Strike_G"],"damage_healed":0,"gold_gain":0,"player_choice":"Purged","damage_taken":0,"max_hp_gain":0,"max_hp_loss":0,"event_name":"Purifier","floor":21,"gold_loss":0},{"damage_healed":0,"gold_gain":99,"player_choice":"Stole From Cult","damage_taken":0,"max_hp_gain":0,"max_hp_loss":0,"event_name":"Nest","floor":29,"gold_loss":0},{"damage_healed":0,"gold_gain":0,"player_choice":"Got Potions","damage_taken":0,"max_hp_gain":0,"max_hp_loss":0,"event_name":"Lab","floor":31,"gold_loss":0},{"damage_healed":0,"gold_gain":0,"player_choice":"Fight","damage_taken":0,"max_hp_gain":0,"max_hp_loss":0,"event_name":"MindBloom","floor":41,"gold_loss":0},{"damage_healed":0,"gold_gain":0,"player_choice":"Paid","damage_taken":0,"relics_obtained":["Red Mask"],"max_hp_gain":0,"max_hp_loss":0,"event_name":"Tomb of Lord Red Mask","floor":46,"gold_loss":214}],"is_beta":true,"boss_relics":[{"not_picked":["White Beast Statue","HoveringKite"],"picked":"Philosopher\u0027s Stone"},{"not_picked":["Runic Pyramid","Snecko Eye"],"picked":"Eternal Feather"}],"items_purged_floors":[],"is_endless":false,"potions_floor_spawned":[7,8,11,16,18,27,30,37,39],"ascension_level":10}