{"gold_per_floor":[112,112,125,142,68,101,101,130,177,177,197,228,248,279,279,279],"floor_reached":16,"playtime":558,"items_purged":[],"score":271,"play_id":"34ef507a-542b-418b-8310-c69268031886","local_time":"20190103224754","is_ascension_mode":true,"campfire_choices":[{"data":"Predator","floor":7,"key":"SMITH"},{"floor":10,"key":"REST"},{"data":"All Out Attack","floor":15,"key":"SMITH"}],"neow_cost":"NONE","seed_source_timestamp":1159967345526529,"circlet_count":0,"master_deck":["AscendersBane","Defend_G","Defend_G","Defend_G+1","Defend_G","Defend_G+1","Strike_G","Strike_G","Strike_G","Strike_G","Strike_G","Survivor","Neutralize+1","Dodge and Roll","All Out Attack+1","Dagger Throw","Predator+1","PiercingWail","Backstab+1","Cloak And Dagger","Leg Sweep","Dagger Spray+1","Calculated Gamble"],"relics":["Ring of the Snake","NeowsBlessing","Molten Egg 2","Blood Vial","War Paint","Oddly Smooth Stone","Peace Pipe"],"potions_floor_usage":[8,12,14,16],"damage_taken":[{"damage":0,"enemies":"Jaw Worm","floor":1,"turns":1},{"damage":0,"enemies":"Cultist","floor":3,"turns":1},{"damage":0,"enemies":"2 Louse","floor":4,"turns":1},{"damage":28,"enemies":"Gremlin Nob","floor":6,"turns":4},{"damage":18,"enemies":"3 Sentries","floor":8,"turns":8},{"damage":0,"enemies":"2 Fungi Beasts","floor":11,"turns":2},{"damage":0,"enemies":"Gremlin Nob","floor":12,"turns":2},{"damage":0,"enemies":"Blue Slaver","floor":13,"turns":3},{"damage":4,"enemies":"3 Sentries","floor":14,"turns":7},{"damage":38,"enemies":"Slime Boss","floor":16,"turns":8}],"seed_played":"-5916219529079566671","potions_obtained":[{"floor":6,"key":"EssenceOfSteel"},{"floor":8,"key":"SpeedPotion"},{"floor":11,"key":"FearPotion"},{"floor":13,"key":"Energy Potion"}],"is_trial":false,"path_per_floor":["M","?","M","M","$","E","R","E","T","R","M","E","M","E","R","B"],"character_chosen":"THE_SILENT","items_purchased":["Predator"],"campfire_rested":1,"item_purchase_floors":[5],"current_hp_per_floor":[59,59,59,59,59,31,31,13,13,32,34,36,38,36,36,0],"gold":279,"neow_bonus":"THREE_ENEMY_KILL","is_prod":false,"is_daily":false,"chose_seed":false,"campfire_upgraded":2,"win_rate":0,"timestamp":1546552074,"path_taken":["M","?","M","?","$","E","R","E","T","R","?","E","M","E","R","BOSS"],"build_version":"2018-12-20","purchased_purges":0,"victory":false,"max_hp_per_floor":[66,66,66,66,66,66,66,66,66,66,66,66,66,66,66,66],"card_choices":[{"not_picked":["Sucker Punch","Finisher"],"picked":"Dodge and Roll","floor":1},{"not_picked":["Prepared","Calculated Gamble"],"picked":"All Out Attack","floor":3},{"not_picked":["Underhanded Strike","Finisher"],"picked":"Dagger Throw","floor":4},{"not_picked":["Bane","Endless Agony"],"picked":"PiercingWail","floor":6},{"not_picked":["Escape Plan","Slice+1"],"picked":"Backstab+1","floor":8},{"not_picked":["Deadly Poison","PiercingWail"],"picked":"Cloak And Dagger","floor":11},{"not_picked":["Malaise","Poisoned Stab+1"],"picked":"Leg Sweep","floor":12},{"not_picked":["Flechettes+1","Backflip"],"picked":"Dagger Spray+1","floor":13},{"not_picked":["Accuracy","Dagger Spray+1"],"picked":"Calculated Gamble","floor":14}],"player_experience":812648,"relics_obtained":[{"floor":6,"key":"Molten Egg 2"},{"floor":8,"key":"Blood Vial"},{"floor":9,"key":"War Paint"},{"floor":12,"key":"Oddly Smooth Stone"},{"floor":14,"key":"Peace Pipe"}],"event_choices":[{"damage_healed":0,"gold_gain":0,"player_choice":"Upgraded","damage_taken":0,"max_hp_gain":0,"max_hp_loss":0,"event_name":"Upgrade Shrine","floor":2,"gold_loss":0,"cards_upgraded":["Neutralize"]}],"is_beta":false,"boss_relics":[],"items_purged_floors":[],"is_endless":false,"potions_floor_spawned":[6,8,11,13],"killed_by":"Slime Boss","ascension_level":15}