{"gold_per_floor":[113,113,127,52,8,8,27,47,94,108,108,141,153,153,153,226,226,244,26,26,38,38,38,38,38],"floor_reached":25,"playtime":1140,"items_purged":[],"score":362,"play_id":"3455f0b3-75f2-4899-9f47-4713921246a9","local_time":"20190130214112","is_ascension_mode":true,"campfire_choices":[{"data":"Armaments","floor":6,"key":"SMITH"},{"floor":15,"key":"REST"},{"floor":23,"key":"REST"}],"neow_cost":"NONE","seed_source_timestamp":165093546359622,"circlet_count":0,"master_deck":["AscendersBane","Strike_R","Strike_R","Strike_R","Strike_R","Defend_R","Defend_R","Defend_R","Defend_R","Bash+1","Twin Strike","Armaments+1","Disarm","Clothesline","Rupture","Pommel Strike","Iron Wave","Warcry","Demon Form","Doubt","Doubt","Clumsy","Sever Soul","Power Through","Ghostly","Ghostly","Ghostly","Body Slam+1","Dual Wield","Metallicize"],"relics":["Burning Blood","Juzu Bracelet","Regal Pillow","Calling Bell","Boot","Mummified Hand","Prayer Wheel","Medical Kit"],"potions_floor_usage":[10,13,16,25,25],"damage_taken":[{"damage":10,"enemies":"Cultist","floor":1,"turns":5},{"damage":4,"enemies":"Small Slimes","floor":3,"turns":3},{"damage":2,"enemies":"Jaw Worm","floor":7,"turns":3},{"damage":23,"enemies":"2 Fungi Beasts","floor":8,"turns":5},{"damage":19,"enemies":"3 Louse","floor":10,"turns":4},{"damage":20,"enemies":"Gremlin Nob","floor":12,"turns":4},{"damage":25,"enemies":"Lots of Slimes","floor":13,"turns":7},{"damage":36,"enemies":"Hexaghost","floor":16,"turns":12},{"damage":42,"enemies":"Chosen","floor":18,"turns":8},{"damage":21,"enemies":"Shell Parasite","floor":21,"turns":8},{"damage":41,"enemies":"Book of Stabbing","floor":25,"turns":9}],"seed_played":"6717133905480514013","potions_obtained":[{"floor":7,"key":"SpeedPotion"},{"floor":8,"key":"PowerPotion"},{"floor":13,"key":"AttackPotion"},{"floor":16,"key":"Dexterity Potion"},{"floor":21,"key":"Ancient Potion"}],"is_trial":false,"path_per_floor":["M","?","M","?","$","R","M","M","T","M","?","E","M","?","R","B",null,"M","$","?","M","$","R","?","E"],"character_chosen":"IRONCLAD","items_purchased":["Disarm","Medical Kit"],"campfire_rested":2,"item_purchase_floors":[5,19],"current_hp_per_floor":[71,71,73,73,73,73,77,60,60,47,47,33,14,14,53,23,67,31,31,31,16,16,41,41,0],"gold":38,"neow_bonus":"TEN_PERCENT_HP_BONUS","is_prod":false,"is_daily":false,"chose_seed":false,"campfire_upgraded":1,"win_rate":0,"timestamp":1548913272,"path_taken":["M","?","M","?","?","R","M","M","T","M","?","E","M","?","R","BOSS","M","?","?","M","$","R","?","E"],"build_version":"2019-01-23","purchased_purges":0,"victory":false,"max_hp_per_floor":[82,82,82,82,82,82,82,82,82,82,82,82,82,82,82,82,82,82,82,41,41,41,41,41,41],"card_choices":[{"not_picked":["Wild Strike","Reckless Charge"],"picked":"Twin Strike","floor":1},{"not_picked":["True Grit","Hemokinesis"],"picked":"Armaments","floor":3},{"not_picked":["Body Slam","Seeing Red"],"picked":"Clothesline","floor":7},{"not_picked":["Pommel Strike","Carnage"],"picked":"Rupture","floor":8},{"not_picked":["Body Slam","Rampage"],"picked":"Pommel Strike","floor":10},{"not_picked":["Corruption","Clothesline"],"picked":"Iron Wave","floor":12},{"not_picked":["Perfected Strike","Armaments"],"picked":"Warcry","floor":13},{"not_picked":["Feed","Impervious"],"picked":"Demon Form","floor":16},{"not_picked":["Clothesline","True Grit"],"picked":"Sever Soul","floor":18},{"not_picked":["Thunderclap","Perfected Strike"],"picked":"Power Through","floor":18},{"not_picked":["Uppercut","Ghostly Armor"],"picked":"Body Slam+1","floor":21},{"not_picked":["Pommel Strike","Offering"],"picked":"Dual Wield","floor":21}],"player_experience":507956,"relics_obtained":[{"floor":9,"key":"Juzu Bracelet"},{"floor":12,"key":"Regal Pillow"},{"floor":17,"key":"Boot"},{"floor":17,"key":"Mummified Hand"},{"floor":17,"key":"Prayer Wheel"}],"event_choices":[{"damage_healed":0,"gold_gain":0,"player_choice":"Grow","damage_taken":0,"max_hp_gain":0,"max_hp_loss":0,"event_name":"Living Wall","floor":2,"gold_loss":0,"cards_upgraded":["Bash"]},{"cards_removed":["Strike_R"],"damage_healed":0,"gold_gain":0,"player_choice":"Card Removal","damage_taken":0,"max_hp_gain":0,"max_hp_loss":0,"event_name":"The Cleric","floor":4,"gold_loss":75},{"damage_healed":0,"gold_gain":0,"player_choice":"Ignored","damage_taken":0,"max_hp_gain":0,"max_hp_loss":0,"event_name":"Shining Light","floor":11,"gold_loss":0},{"damage_healed":0,"gold_gain":0,"player_choice":"0 cards matched","damage_taken":0,"max_hp_gain":0,"max_hp_loss":0,"event_name":"Match and Keep!","floor":14,"gold_loss":0,"cards_obtained":[]},{"damage_healed":0,"gold_gain":0,"player_choice":"Became a Ghost","damage_taken":0,"max_hp_gain":0,"max_hp_loss":41,"event_name":"Ghosts","floor":20,"gold_loss":0,"cards_obtained":["Ghostly","Ghostly","Ghostly"]},{"damage_healed":0,"gold_gain":0,"player_choice":"Read","damage_taken":0,"max_hp_gain":0,"max_hp_loss":0,"event_name":"The Library","floor":24,"gold_loss":0,"cards_obtained":["Metallicize"]}],"is_beta":false,"boss_relics":[{"not_picked":["Empty Cage","Lizard Tail"],"picked":"Calling Bell"}],"items_purged_floors":[],"is_endless":false,"potions_floor_spawned":[7,8,13,16,21],"killed_by":"Book of Stabbing","ascension_level":16}