{"gold_per_floor":[116,116,127,137,155,155,80,80,80,115,145,165,165,198,198,271,271,287,177,187,27,27,27,43,59,86,98,125,163,175,203,215,300,312,339,275,375,375,394,423,110,110,156,171,171,200,200,0,0,0],"floor_reached":51,"playtime":3238,"items_purged":["Strike_G","Strike_G"],"score":1370,"play_id":"c75cb39c-85bf-49b9-89b7-fefec2feb8f1","local_time":"20190226224901","is_ascension_mode":true,"campfire_choices":[{"data":"Neutralize","floor":6,"key":"SMITH"},{"data":"Poisoned Stab","floor":8,"key":"SMITH"},{"floor":13,"key":"REST"},{"data":"Backflip","floor":15,"key":"SMITH"},{"floor":23,"key":"REST"},{"floor":27,"key":"REST"},{"floor":30,"key":"REST"},{"data":"Catalyst","floor":32,"key":"SMITH"},{"floor":42,"key":"REST"},{"floor":45,"key":"REST"},{"data":"Calculated Gamble","floor":47,"key":"SMITH"},{"data":"Deadly Poison","floor":49,"key":"SMITH"}],"neow_cost":"NONE","seed_source_timestamp":195917513593254,"circlet_count":0,"master_deck":["AscendersBane","Defend_G","Defend_G","Defend_G","Defend_G","Defend_G+1","Survivor","Neutralize+1","Well Laid Plans","Poisoned Stab+1","Quick Slash","Deadly Poison+1","Cloak And Dagger","Backflip+1","Dodge and Roll","Envenom+1","PiercingWail","Dagger Spray","After Image+1","Leg Sweep+1","PiercingWail+1","Wraith Form v2+1","Acrobatics","Catalyst+1","Tools of the Trade+1","Footwork+1","Calculated Gamble+1","Poisoned Stab+1","Blur","Wraith Form v2+1","Footwork+1","Well Laid Plans+1"],"relics":["Ring of the Snake","Centennial Puzzle","Mercury Hourglass","Tough Bandages","Frozen Egg 2","Sozu","Letter Opener","MawBank","Matryoshka","Empty Cage","The Specimen","PreservedInsect","Omamori","Art of War","Red Mask"],"potions_floor_usage":[5,10,16],"damage_taken":[{"damage":4,"enemies":"Jaw Worm","floor":1,"turns":6},{"damage":4,"enemies":"Small Slimes","floor":3,"turns":3},{"damage":1,"enemies":"Cultist","floor":4,"turns":3},{"damage":9,"enemies":"Lots of Slimes","floor":5,"turns":5},{"damage":4,"enemies":"3 Sentries","floor":10,"turns":3},{"damage":2,"enemies":"3 Louse","floor":12,"turns":2},{"damage":2,"enemies":"Gremlin Nob","floor":14,"turns":3},{"damage":24,"enemies":"The Guardian","floor":16,"turns":11},{"damage":27,"enemies":"3 Byrds","floor":18,"turns":5},{"damage":9,"enemies":"2 Thieves","floor":20,"turns":5},{"damage":12,"enemies":"Snake Plant","floor":24,"turns":4},{"damage":5,"enemies":"Snecko","floor":25,"turns":6},{"damage":2,"enemies":"Centurion and Healer","floor":28,"turns":7},{"damage":11,"enemies":"Book of Stabbing","floor":29,"turns":9},{"damage":5,"enemies":"Snake Plant","floor":31,"turns":5},{"damage":29,"enemies":"Champ","floor":33,"turns":15},{"damage":0,"enemies":"3 Shapes","floor":35,"turns":6},{"damage":0,"enemies":"Mind Bloom Boss Battle","floor":37,"turns":9},{"damage":2,"enemies":"Orb Walker","floor":39,"turns":5},{"damage":22,"enemies":"Giant Head","floor":40,"turns":10},{"damage":2,"enemies":"Transient","floor":44,"turns":6},{"damage":0,"enemies":"Nemesis","floor":46,"turns":9},{"damage":35,"enemies":"Time Eater","floor":50,"turns":16}],"seed_played":"-5915377694570482228","potions_obtained":[{"floor":1,"key":"LiquidBronze"},{"floor":5,"key":"SkillPotion"},{"floor":10,"key":"SpeedPotion"}],"is_trial":false,"path_per_floor":["M","?","M","M","M","R","$","R","T","E","?","M","R","E","R","B",null,"M","?","M","$","T","R","M","M","T","R","M","E","R","M","R","B",null,"M","$","?","?","M","E","$","R","T","M","R","E","R","?","R","B",null],"character_chosen":"THE_SILENT","items_purchased":["After Image+1","Footwork+1","Blur","Wraith Form v2+1"],"campfire_rested":6,"item_purchase_floors":[21,36,41,41],"current_hp_per_floor":[55,55,51,50,41,41,41,41,41,37,37,35,54,52,52,28,57,30,30,21,21,21,40,28,23,23,42,40,29,48,43,43,14,53,53,53,53,53,51,29,29,48,48,46,65,65,65,65,65,30],"gold":0,"neow_bonus":"RANDOM_COMMON_RELIC","is_prod":false,"is_daily":false,"chose_seed":false,"campfire_upgraded":6,"win_rate":0,"timestamp":1551250141,"path_taken":["M","?","M","M","M","R","$","R","T","E","?","M","R","E","R","BOSS","M","?","M","$","?","R","M","?","T","R","M","E","R","M","R","BOSS","M","$","?","?","M","E","$","R","T","M","R","E","R","?","R","BOSS"],"build_version":"2019-01-23","purchased_purges":2,"victory":true,"max_hp_per_floor":[66,66,66,66,66,66,66,66,66,66,66,66,66,66,66,66,66,66,66,66,66,66,66,66,66,66,66,66,66,66,66,66,66,66,66,66,66,66,66,66,66,66,66,66,66,66,66,66,66,66],"card_choices":[{"not_picked":["Leg Sweep","Bane"],"picked":"Well Laid Plans","floor":1},{"not_picked":["PiercingWail","Blade Dance"],"picked":"Poisoned Stab","floor":3},{"not_picked":["Slice","Flechettes"],"picked":"Quick Slash","floor":4},{"not_picked":["Quick Slash","Endless Agony"],"picked":"Deadly Poison","floor":5},{"not_picked":["Outmaneuver","Backflip"],"picked":"Cloak And Dagger","floor":10},{"not_picked":["Infinite Blades","Escape Plan"],"picked":"Backflip","floor":12},{"not_picked":["Sucker Punch","Dagger Throw"],"picked":"Dodge and Roll","floor":14},{"not_picked":["Glass Knife","Phantasmal Killer"],"picked":"Envenom+1","floor":16},{"not_picked":["Quick Slash","Bouncing Flask"],"picked":"PiercingWail","floor":18},{"not_picked":["Deadly Poison+1","Poisoned Stab"],"picked":"Dagger Spray","floor":20},{"not_picked":["Poisoned Stab","Dash"],"picked":"Leg Sweep+1","floor":24},{"not_picked":["Flechettes","Prepared"],"picked":"PiercingWail+1","floor":25},{"not_picked":["Outmaneuver","Endless Agony"],"picked":"Wraith Form v2+1","floor":28},{"not_picked":["Tactician","Dagger Throw"],"picked":"Acrobatics","floor":29},{"not_picked":["Deflect","Reflex"],"picked":"Catalyst","floor":31},{"not_picked":["Grand Finale","Venomology"],"picked":"Tools of the Trade+1","floor":33},{"not_picked":["Flying Knee","Dash+1","Distraction"],"picked":"SKIP","floor":35},{"not_picked":["Dodge and Roll","Flying Knee"],"picked":"Calculated Gamble","floor":37},{"not_picked":["Deadly Poison","Sucker Punch"],"picked":"Poisoned Stab+1","floor":39},{"not_picked":["Flying Knee","Backstab","Escape Plan"],"picked":"SKIP","floor":40},{"not_picked":["Flying Knee","Dagger Throw+1"],"picked":"Footwork+1","floor":44},{"not_picked":["Dash","All Out Attack"],"picked":"Well Laid Plans+1","floor":46}],"player_experience":264965,"relics_obtained":[{"floor":9,"key":"Mercury Hourglass"},{"floor":10,"key":"Tough Bandages"},{"floor":14,"key":"Frozen Egg 2"},{"floor":22,"key":"Letter Opener"},{"floor":26,"key":"MawBank"},{"floor":29,"key":"Matryoshka"},{"floor":37,"key":"The Specimen"},{"floor":40,"key":"PreservedInsect"},{"floor":43,"key":"Omamori"},{"floor":46,"key":"Art of War"}],"event_choices":[{"damage_healed":0,"gold_gain":0,"player_choice":"Ignored","damage_taken":0,"max_hp_gain":0,"max_hp_loss":0,"event_name":"Liars Game","floor":2,"gold_loss":0},{"damage_healed":0,"gold_gain":30,"player_choice":"Searched \u00271\u0027 times","damage_taken":0,"max_hp_gain":0,"max_hp_loss":0,"event_name":"Dead Adventurer","floor":11,"gold_loss":0},{"cards_removed":["Strike_G"],"damage_healed":0,"gold_gain":0,"player_choice":"Upgrade and Remove","damage_taken":0,"max_hp_gain":0,"max_hp_loss":0,"event_name":"Designer","floor":19,"gold_loss":110,"cards_upgraded":["Defend_G"]},{"damage_healed":0,"gold_gain":0,"player_choice":"Fight","damage_taken":0,"max_hp_gain":0,"max_hp_loss":0,"event_name":"MindBloom","floor":37,"gold_loss":0},{"damage_healed":0,"gold_gain":0,"player_choice":"Memory 1","damage_taken":0,"max_hp_gain":0,"max_hp_loss":0,"event_name":"SensoryStone","floor":38,"gold_loss":0},{"damage_healed":0,"gold_gain":0,"player_choice":"Paid","damage_taken":0,"relics_obtained":["Red Mask"],"max_hp_gain":0,"max_hp_loss":0,"event_name":"Tomb of Lord Red Mask","floor":48,"gold_loss":200}],"is_beta":false,"boss_relics":[{"not_picked":["Cursed Key","Lizard Tail"],"picked":"Sozu"},{"not_picked":["Philosopher\u0027s Stone","Runic Dome"],"picked":"Empty Cage"}],"items_purged_floors":[7,41],"is_endless":false,"potions_floor_spawned":[1,5,10,20,28,35,39,46],"ascension_level":18}