{"gold_per_floor":[215,230,73,73,73,100,100,130,156,121,151,171,189,207,207,207],"floor_reached":16,"playtime":951,"items_purged":[],"score":187,"play_id":"b879e244-5b70-4add-b171-f04ab22a0657","local_time":"20190226134310","is_ascension_mode":true,"campfire_choices":[{"floor":7,"key":"REST"},{"data":"Hologram","floor":15,"key":"SMITH"}],"neow_cost":"NONE","seed_source_timestamp":929266548772596,"circlet_count":0,"master_deck":["AscendersBane","Strike_B","Strike_B","Strike_B","Strike_B","Defend_B","Defend_B","Defend_B","Zap","Dualcast","Steam","Auto Shields","Leap","Hologram+1","Genetic Algorithm","Coolheaded","Glacier"],"relics":["Cracked Core","Bag of Marbles","Ancient Tea Set","Ice Cream","Bird Faced Urn","Bag of Preparation","Odd Mushroom"],"potions_floor_usage":[6,8,16],"damage_taken":[{"damage":0,"enemies":"2 Louse","floor":1,"turns":3},{"damage":1,"enemies":"Jaw Worm","floor":2,"turns":4},{"damage":23,"enemies":"3 Sentries","floor":6,"turns":9},{"damage":13,"enemies":"Gremlin Nob","floor":8,"turns":4},{"damage":10,"enemies":"The Mushroom Lair","floor":11,"turns":6},{"damage":0,"enemies":"Small Slimes","floor":12,"turns":4},{"damage":5,"enemies":"2 Fungi Beasts","floor":13,"turns":5},{"damage":0,"enemies":"Red Slaver","floor":14,"turns":4},{"damage":37,"enemies":"Hexaghost","floor":16,"turns":16}],"seed_played":"3155016745660101757","potions_obtained":[{"floor":2,"key":"LiquidBronze"},{"floor":6,"key":"PowerPotion"},{"floor":8,"key":"GamblersBrew"},{"floor":12,"key":"Strength Potion"}],"is_trial":false,"path_per_floor":["M","M","$","?","?","E","R","E","T","?","?","M","M","M","R","B"],"character_chosen":"DEFECT","items_purchased":["Bag of Marbles"],"campfire_rested":1,"item_purchase_floors":[3],"current_hp_per_floor":[64,63,63,45,45,22,43,30,30,47,37,37,32,32,32,0],"gold":207,"neow_bonus":"HUNDRED_GOLD","is_prod":false,"is_daily":false,"chose_seed":false,"campfire_upgraded":1,"win_rate":0,"timestamp":1551166990,"path_taken":["M","M","$","?","?","E","R","E","T","?","?","M","?","M","R","BOSS"],"build_version":"2019-01-23","purchased_purges":0,"victory":false,"max_hp_per_floor":[71,71,71,71,71,71,71,71,71,71,71,71,71,71,71,71],"card_choices":[{"not_picked":["Beam Cell","Steam Power"],"picked":"Steam","floor":1},{"not_picked":["Rebound","Tempest"],"picked":"Auto Shields","floor":2},{"not_picked":["Redo","Go for the Eyes"],"picked":"Hologram","floor":6},{"not_picked":["Seek","Sweeping Beam"],"picked":"Genetic Algorithm","floor":8},{"not_picked":["Beam Cell","Gash"],"picked":"Coolheaded","floor":11},{"not_picked":["Redo","Compile Driver","Loop"],"picked":"SKIP","floor":12},{"not_picked":["Ball Lightning","Steam","Stack"],"picked":"SKIP","floor":13},{"not_picked":["Barrage","Turbo"],"picked":"Glacier","floor":14}],"player_experience":887852,"relics_obtained":[{"floor":6,"key":"Ice Cream"},{"floor":8,"key":"Bird Faced Urn"},{"floor":9,"key":"Bag of Preparation"},{"floor":11,"key":"Odd Mushroom"}],"event_choices":[{"damage_healed":0,"gold_gain":0,"player_choice":"Success","damage_taken":18,"relics_obtained":["Ancient Tea Set"],"max_hp_gain":0,"max_hp_loss":0,"event_name":"Scrap Ooze","floor":4,"gold_loss":0},{"damage_healed":0,"gold_gain":0,"cards_transformed":["Defend_B"],"player_choice":"Change","damage_taken":0,"max_hp_gain":0,"max_hp_loss":0,"event_name":"Living Wall","floor":5,"gold_loss":0,"cards_obtained":["Leap"]},{"damage_healed":17,"gold_gain":0,"player_choice":"Healed","damage_taken":0,"max_hp_gain":0,"max_hp_loss":0,"event_name":"The Cleric","floor":10,"gold_loss":35},{"damage_healed":0,"gold_gain":0,"player_choice":"Fought Mushrooms","damage_taken":0,"max_hp_gain":0,"max_hp_loss":0,"event_name":"Mushrooms","floor":11,"gold_loss":0}],"is_beta":false,"boss_relics":[],"items_purged_floors":[],"is_endless":false,"potions_floor_spawned":[2,6,8,12],"killed_by":"Hexaghost","ascension_level":14}