{"gold_per_floor":[118,118,130,148,148,183,202,202],"floor_reached":8,"playtime":388,"items_purged":[],"score":96,"play_id":"dbb7e0c4-a377-45c1-b27f-01841a6e5069","local_time":"20181229103627","is_ascension_mode":true,"campfire_choices":[],"neow_cost":"NONE","seed_source_timestamp":479858794724201,"circlet_count":0,"master_deck":["AscendersBane","Strike_R","Strike_R","Strike_R","Strike_R","Strike_R","Defend_R","Defend_R","Defend_R","Defend_R","Bash","Rampage+1","Body Slam","Whirlwind","Burning Pact"],"relics":["Burning Blood","Strawberry","Golden Idol","Blood Vial"],"potions_floor_usage":[6,8],"damage_taken":[{"damage":7,"enemies":"2 Louse","floor":1,"turns":2},{"damage":1,"enemies":"Cultist","floor":3,"turns":3},{"damage":4,"enemies":"Jaw Worm","floor":4,"turns":5},{"damage":24,"enemies":"3 Sentries","floor":6,"turns":7},{"damage":14,"enemies":"Blue Slaver","floor":7,"turns":4},{"damage":50,"enemies":"Lagavulin","floor":8,"turns":7}],"seed_played":"-1976589546286502858","potions_obtained":[{"floor":4,"key":"EssenceOfSteel"},{"floor":6,"key":"SteroidPotion"}],"is_trial":false,"path_per_floor":["M","?","M","M","?","E","M","E"],"character_chosen":"IRONCLAD","items_purchased":[],"campfire_rested":0,"item_purchase_floors":[],"current_hp_per_floor":[78,78,83,85,64,46,40,0],"gold":202,"neow_bonus":"RANDOM_COMMON_RELIC","is_prod":false,"is_daily":false,"chose_seed":false,"campfire_upgraded":0,"win_rate":0,"timestamp":1546108587,"path_taken":["M","?","M","?","?","E","M","E"],"build_version":"2018-12-20","purchased_purges":0,"victory":false,"max_hp_per_floor":[87,87,87,87,87,87,87,87],"card_choices":[{"not_picked":["Wild Strike","Sentinel"],"picked":"Rampage","floor":1},{"not_picked":["Twin Strike","Warcry"],"picked":"Body Slam","floor":3},{"not_picked":["Second Wind","True Grit"],"picked":"Whirlwind","floor":4},{"not_picked":["Hemokinesis","Thunderclap"],"picked":"Burning Pact","floor":6},{"not_picked":["Clash","Body Slam","Warcry"],"picked":"SKIP","floor":7}],"player_experience":441551,"relics_obtained":[{"floor":6,"key":"Blood Vial"}],"event_choices":[{"damage_healed":0,"gold_gain":0,"player_choice":"Forge","damage_taken":0,"max_hp_gain":0,"max_hp_loss":0,"event_name":"Accursed Blacksmith","floor":2,"gold_loss":0,"cards_upgraded":["Rampage"]},{"damage_healed":0,"gold_gain":0,"player_choice":"Take Damage","damage_taken":21,"relics_obtained":["Golden Idol"],"max_hp_gain":0,"max_hp_loss":0,"event_name":"Golden Idol","floor":5,"gold_loss":0}],"is_beta":false,"boss_relics":[],"items_purged_floors":[],"is_endless":false,"potions_floor_spawned":[4,6],"killed_by":"Lagavulin","ascension_level":13}