{"gold_per_floor":[12,12,30,46,46,46,77,77,77,91,16,48,48,58,58,134,134,153,153,170,170,182,182,182,192,192,192,205,205,205,219,219,219],"floor_reached":33,"playtime":862,"items_purged":["Strike_R"],"score":463,"play_id":"4b081b9e-1782-485d-9915-cc1801e094d1","local_time":"20181018201521","is_ascension_mode":true,"campfire_choices":[{"data":"Bash","floor":6,"key":"SMITH"},{"data":"Rampage","floor":8,"key":"SMITH"},{"data":"Shrug It Off","floor":13,"key":"SMITH"},{"data":"Wild Strike","floor":15,"key":"SMITH"},{"data":"Armaments","floor":23,"key":"SMITH"},{"floor":27,"key":"REST"},{"floor":32,"key":"REST"}],"neow_cost":"NO_GOLD","seed_source_timestamp":720730260180517,"circlet_count":0,"master_deck":["Strike_R+1","Strike_R","Defend_R","Defend_R","Defend_R","Defend_R+1","Bash+1","AscendersBane","Immolate+1","Shrug It Off","Shrug It Off+1","Rampage+1","Headbutt","Wild Strike+1","Demon Form","Armaments+1","Shrug It Off+1","Ghostly Armor+1","Offering","Ghostly Armor","Forethought"],"relics":["Burning Blood","Incense Burner","Blue Candle","Orichalcum","Mark of Pain","Enchiridion","War Paint"],"potions_floor_usage":[12,16,16,20,22,33],"damage_taken":[{"damage":0,"enemies":"Small Slimes","floor":1,"turns":2},{"damage":0,"enemies":"Jaw Worm","floor":3,"turns":4},{"damage":0,"enemies":"Cultist","floor":4,"turns":3},{"damage":28,"enemies":"Gremlin Nob","floor":7,"turns":5},{"damage":0,"enemies":"2 Fungi Beasts","floor":10,"turns":2},{"damage":5,"enemies":"3 Sentries","floor":12,"turns":4},{"damage":0,"enemies":"Gremlin Gang","floor":14,"turns":3},{"damage":43,"enemies":"Hexaghost","floor":16,"turns":8},{"damage":5,"enemies":"Spheric Guardian","floor":18,"turns":3},{"damage":12,"enemies":"2 Thieves","floor":20,"turns":4},{"damage":5,"enemies":"Snake Plant","floor":22,"turns":4},{"damage":10,"enemies":"Chosen and Byrds","floor":25,"turns":5},{"damage":0,"enemies":"Centurion and Healer","floor":28,"turns":5},{"damage":12,"enemies":"Cultist and Chosen","floor":31,"turns":5},{"damage":91,"enemies":"Champ","floor":33,"turns":8}],"seed_played":"-7491504003846444999","potions_obtained":[{"floor":4,"key":"Fire Potion"},{"floor":7,"key":"GamblersBrew"},{"floor":14,"key":"Strength Potion"},{"floor":18,"key":"Fruit Juice"},{"floor":20,"key":"SpeedPotion"},{"floor":25,"key":"SteroidPotion"}],"is_trial":false,"path_per_floor":["M","?","M","M","?","R","E","R","T","M","$","E","R","M","R","B",null,"M","?","M","?","M","R","?","M","T","R","M","?","?","M","R"],"character_chosen":"IRONCLAD","items_purchased":[],"campfire_rested":2,"item_purchase_floors":[],"current_hp_per_floor":[74,51,57,63,63,63,41,41,41,47,47,48,48,54,54,17,61,62,62,61,40,41,41,41,37,37,61,67,67,51,45,69,0],"gold":219,"neow_bonus":"THREE_RARE_CARDS","is_prod":false,"is_daily":false,"chose_seed":false,"campfire_upgraded":5,"win_rate":0,"timestamp":1539886521,"path_taken":["M","?","M","?","?","R","E","R","T","M","$","E","R","M","R","BOSS","M","?","M","?","?","R","?","M","T","R","M","?","?","M","R","BOSS"],"build_version":"2018-10-11","purchased_purges":1,"victory":false,"max_hp_per_floor":[75,75,75,75,75,75,75,75,75,75,75,75,75,75,75,75,75,75,75,80,80,80,80,80,80,80,80,80,80,80,80,80,80],"card_choices":[{"not_picked":["Offering","Dark Embrace"],"picked":"Immolate","floor":0},{"not_picked":["Pommel Strike","Sentinel"],"picked":"Shrug It Off","floor":1},{"not_picked":["Clash","Anger"],"picked":"Shrug It Off","floor":3},{"not_picked":["Clash","Iron Wave","Havoc"],"picked":"SKIP","floor":4},{"not_picked":["Ghostly Armor","Clash"],"picked":"Rampage","floor":7},{"not_picked":["Flex","Immolate","Searing Blow"],"picked":"SKIP","floor":10},{"not_picked":["Clothesline","Twin Strike"],"picked":"Headbutt","floor":12},{"not_picked":["Perfected Strike","Blood for Blood"],"picked":"Wild Strike","floor":14},{"not_picked":["Reaper","Brutality"],"picked":"Demon Form","floor":16},{"not_picked":["Thunderclap","Rampage+1"],"picked":"Armaments","floor":18},{"not_picked":["Wild Strike","Corruption"],"picked":"Shrug It Off","floor":20},{"not_picked":["Dual Wield","Anger+1","Wild Strike"],"picked":"SKIP","floor":22},{"not_picked":["Inflame","Iron Wave"],"picked":"Ghostly Armor","floor":25},{"not_picked":["Heavy Blade","Twin Strike","Inflame"],"picked":"SKIP","floor":28},{"not_picked":["Carnage","Clothesline","Iron Wave"],"picked":"SKIP","floor":31}],"player_experience":534705,"relics_obtained":[{"floor":7,"key":"Incense Burner"},{"floor":9,"key":"Blue Candle"},{"floor":12,"key":"Orichalcum"},{"floor":21,"key":"Enchiridion"},{"floor":26,"key":"War Paint"}],"event_choices":[{"event_name":"Shining Light","player_choice":"Entered Light","floor":2,"damage_taken":0},{"event_name":"Upgrade Shrine","player_choice":"Upgraded","floor":5,"damage_taken":0},{"event_name":"Ghosts","player_choice":"Ignored","floor":19,"damage_taken":0},{"event_name":"Cursed Tome","player_choice":"Obtained Book","floor":21,"damage_taken":0},{"event_name":"Drug Dealer","player_choice":"Became Test Subject","floor":24,"damage_taken":0},{"event_name":"The Mausoleum","player_choice":"No","floor":29,"damage_taken":0},{"event_name":"Knowing Skull","player_choice":"CARD ","floor":30,"damage_taken":0}],"is_beta":false,"boss_relics":[{"not_picked":["Black Blood","Eternal Feather"],"picked":"Mark of Pain"}],"items_purged_floors":[11],"is_endless":false,"potions_floor_spawned":[4,7,14,18,20,25],"killed_by":"Champ","ascension_level":16}