{"gold_per_floor":[119,119,137,137,62,62,92,92,92,104,104,104,117,152,152,152],"floor_reached":16,"playtime":811,"items_purged":["Regret"],"score":162,"play_id":"acc78d68-20b2-4445-a6dd-011d117115f5","local_time":"20190226234756","is_ascension_mode":true,"campfire_choices":[{"data":"Storm of Steel","floor":6,"key":"SMITH"},{"data":"Adrenaline","floor":8,"key":"SMITH"},{"floor":11,"key":"REST"},{"data":"Neutralize","floor":15,"key":"SMITH"}],"neow_cost":"TEN_PERCENT_HP_LOSS","seed_source_timestamp":898868075158143,"circlet_count":0,"master_deck":["AscendersBane","Defend_G","Defend_G+1","Defend_G","Defend_G","Defend_G","Strike_G+1","Strike_G","Strike_G","Strike_G","Survivor","Neutralize+1","Storm of Steel+1","Footwork","Adrenaline+1","Backflip","PiercingWail"],"relics":["Ring of the Snake","Du-Vu Doll","Ancient Tea Set","Nunchaku","Kunai"],"potions_floor_usage":[7,16,16],"damage_taken":[{"damage":0,"enemies":"Cultist","floor":1,"turns":3},{"damage":1,"enemies":"Small Slimes","floor":3,"turns":4},{"damage":17,"enemies":"Lagavulin","floor":7,"turns":4},{"damage":0,"enemies":"Jaw Worm","floor":10,"turns":3},{"damage":0,"enemies":"Exordium Wildlife","floor":13,"turns":5},{"damage":16,"enemies":"3 Sentries","floor":14,"turns":15},{"damage":29,"enemies":"Hexaghost","floor":16,"turns":16}],"seed_played":"-8029860988565541904","potions_obtained":[{"floor":1,"key":"Poison Potion"},{"floor":10,"key":"Block Potion"},{"floor":14,"key":"SpeedPotion"}],"is_trial":false,"path_per_floor":["M","?","M","?","$","R","E","R","T","M","R","?","M","E","R","B"],"character_chosen":"THE_SILENT","items_purchased":[],"campfire_rested":1,"item_purchase_floors":[],"current_hp_per_floor":[63,50,49,49,49,49,32,32,32,32,50,43,43,27,27,0],"gold":152,"neow_bonus":"THREE_RARE_CARDS","is_prod":false,"is_daily":false,"chose_seed":false,"campfire_upgraded":3,"win_rate":0,"timestamp":1551221276,"path_taken":["M","?","M","?","$","R","E","R","T","M","R","?","?","E","R","BOSS"],"build_version":"2019-01-23","purchased_purges":1,"victory":false,"max_hp_per_floor":[63,63,63,63,63,63,63,63,63,63,63,63,63,63,63,63],"card_choices":[{"not_picked":["Phantasmal Killer","Venomology"],"picked":"Storm of Steel","floor":0},{"not_picked":["Setup","Deadly Poison","Dagger Spray"],"picked":"SKIP","floor":1},{"not_picked":["Catalyst","Heel Hook"],"picked":"Footwork","floor":3},{"not_picked":["Noxious Fumes","Well Laid Plans"],"picked":"Adrenaline","floor":7},{"not_picked":["Blade Dance","Catalyst"],"picked":"Backflip","floor":10},{"not_picked":["Dodge and Roll","Quick Slash"],"picked":"PiercingWail","floor":13},{"not_picked":["Eviscerate","Noxious Fumes","Reflex"],"picked":"SKIP","floor":14}],"player_experience":477185,"relics_obtained":[{"floor":7,"key":"Ancient Tea Set"},{"floor":9,"key":"Nunchaku"},{"floor":14,"key":"Kunai"}],"event_choices":[{"damage_healed":0,"gold_gain":0,"player_choice":"Entered Light","damage_taken":13,"max_hp_gain":0,"max_hp_loss":0,"event_name":"Shining Light","floor":2,"gold_loss":0,"cards_upgraded":["Strike_G","Defend_G"]},{"damage_healed":0,"gold_gain":0,"player_choice":"Box","damage_taken":0,"relics_obtained":["Du-Vu Doll"],"max_hp_gain":0,"max_hp_loss":0,"event_name":"Big Fish","floor":4,"gold_loss":0,"cards_obtained":["Regret"]},{"cards_removed":["Strike_G"],"damage_healed":0,"gold_gain":0,"player_choice":"Card Removal","damage_taken":7,"max_hp_gain":0,"max_hp_loss":0,"event_name":"Golden Wing","floor":12,"gold_loss":0}],"is_beta":false,"boss_relics":[],"items_purged_floors":[5],"is_endless":false,"potions_floor_spawned":[1,10,14],"killed_by":"Hexaghost","ascension_level":10}