{"gold_per_floor":[18,36,51,71,90,108,108,108,108,118,143,162,162,37,37,142,142,155,18,32,46,62,62,62,78,378,378,451,451,451,220,220,321,321,333,27,40,140,152,211,211,244,244,244,244,254,272,286,286,286],"floor_reached":51,"playtime":3313,"items_purged":["Strike_G","Strike_G","Strike_G"],"score":991,"play_id":"f2f22d66-d4e7-4855-94aa-dfe0386f85ef","local_time":"20190222105915","is_ascension_mode":true,"campfire_choices":[{"data":"Catalyst","floor":7,"key":"SMITH"},{"data":"Crippling Poison","floor":13,"key":"SMITH"},{"data":"Acrobatics","floor":15,"key":"SMITH"},{"data":"Footwork","floor":23,"key":"SMITH"},{"data":"Neutralize","floor":27,"key":"SMITH"},{"data":"Dodge and Roll","floor":29,"key":"SMITH"},{"floor":32,"key":"REST"},{"data":"Footwork","floor":41,"key":"SMITH"},{"data":"Well Laid Plans","floor":44,"key":"SMITH"},{"floor":49,"key":"REST"}],"neow_cost":"NO_GOLD","seed_source_timestamp":489033650777113,"circlet_count":0,"master_deck":["Defend_G","Defend_G","Defend_G","Defend_G","Defend_G","Strike_G","Strike_G","Survivor","Neutralize+1","Corpse Explosion","Catalyst+1","Acrobatics+1","Backflip","Crippling Poison+1","Dodge and Roll+1","PiercingWail","Deadly Poison","Escape Plan","PiercingWail","After Image","Footwork+1","Catalyst+1","Escape Plan","Poisoned Stab+1","Poisoned Stab+1","Well Laid Plans+1","Finesse","After Image","Deadly Poison+1","Footwork+1","PiercingWail+1","Leg Sweep+1","Tools of the Trade","Doubt","Injury","Blur+1"],"relics":["Ring of the Snake","The Courier","Regal Pillow","Runic Dome","Gambling Chip","Old Coin","Molten Egg 2","Cursed Key","FossilizedHelix","Tough Bandages","Tiny Chest","Tingsha","Mercury Hourglass","Paper Crane"],"potions_floor_usage":[10,16,50,50],"damage_taken":[{"damage":1,"enemies":"Cultist","floor":1,"turns":4},{"damage":0,"enemies":"Small Slimes","floor":2,"turns":3},{"damage":8,"enemies":"Jaw Worm","floor":3,"turns":5},{"damage":0,"enemies":"Exordium Wildlife","floor":4,"turns":4},{"damage":4,"enemies":"Blue Slaver","floor":5,"turns":6},{"damage":6,"enemies":"Red Slaver","floor":6,"turns":7},{"damage":0,"enemies":"Large Slime","floor":10,"turns":7},{"damage":22,"enemies":"3 Sentries","floor":11,"turns":3},{"damage":0,"enemies":"3 Louse","floor":12,"turns":2},{"damage":8,"enemies":"Hexaghost","floor":16,"turns":9},{"damage":2,"enemies":"Spheric Guardian","floor":18,"turns":3},{"damage":10,"enemies":"3 Byrds","floor":20,"turns":4},{"damage":11,"enemies":"Snake Plant","floor":21,"turns":4},{"damage":6,"enemies":"Shelled Parasite and Fungi","floor":22,"turns":7},{"damage":13,"enemies":"Chosen and Byrds","floor":25,"turns":6},{"damage":46,"enemies":"Collector","floor":33,"turns":6},{"damage":11,"enemies":"3 Darklings","floor":35,"turns":3},{"damage":0,"enemies":"3 Shapes","floor":37,"turns":2},{"damage":0,"enemies":"Mind Bloom Boss Battle","floor":38,"turns":5},{"damage":0,"enemies":"Writhing Mass","floor":39,"turns":6},{"damage":24,"enemies":"Nemesis","floor":40,"turns":5},{"damage":0,"enemies":"Giant Head","floor":42,"turns":6},{"damage":0,"enemies":"Jaw Worm Horde","floor":46,"turns":5},{"damage":0,"enemies":"3 Darklings","floor":47,"turns":4},{"damage":0,"enemies":"Maw","floor":48,"turns":5},{"damage":0,"enemies":"Time Eater","floor":50,"turns":8}],"seed_played":"8667918896753851609","potions_obtained":[{"floor":1,"key":"SmokeBomb"},{"floor":3,"key":"Explosive Potion"},{"floor":6,"key":"SteroidPotion"},{"floor":8,"key":"Block Potion"},{"floor":8,"key":"FairyPotion"},{"floor":12,"key":"EssenceOfSteel"},{"floor":20,"key":"EssenceOfSteel"},{"floor":33,"key":"Ancient Potion"},{"floor":40,"key":"Dexterity Potion"}],"is_trial":false,"path_per_floor":["M","M","M","M","M","M","R","?","T","M","E","M","R","$","R","B",null,"M","$","M","M","M","R","T","M","T","R","T","R","?","$","R","B",null,"M","$","M","?","M","E","R","E","T","R","T","M","M","M","R","B",null],"character_chosen":"THE_SILENT","items_purchased":["Escape Plan","PiercingWail","Footwork","Well Laid Plans","Finesse","Footwork","FossilizedHelix"],"campfire_rested":2,"item_purchase_floors":[14,14,19,31,31,36,36],"current_hp_per_floor":[69,69,61,61,57,51,51,51,51,51,29,29,29,29,29,21,70,68,68,58,47,41,41,41,28,28,28,28,28,15,15,52,6,75,64,64,64,64,64,40,40,40,40,40,40,40,40,40,75,75],"gold":286,"neow_bonus":"THREE_RARE_CARDS","is_prod":false,"is_daily":false,"chose_seed":false,"campfire_upgraded":8,"win_rate":1,"timestamp":1550829555,"path_taken":["M","M","M","M","M","M","R","?","T","M","E","M","R","?","R","BOSS","M","?","M","M","M","R","?","?","T","R","?","R","?","$","R","BOSS","M","$","M","?","M","E","R","E","T","R","?","M","M","M","R","BOSS"],"build_version":"2019-02-06","purchased_purges":3,"victory":true,"max_hp_per_floor":[70,70,70,70,70,70,70,70,70,70,70,70,70,70,70,70,70,70,70,70,70,70,70,70,70,70,70,70,70,75,75,75,75,75,75,75,75,75,75,75,75,75,75,75,75,75,75,75,75,75],"card_choices":[{"not_picked":["Wraith Form v2","Doppelganger"],"picked":"Corpse Explosion","floor":0},{"not_picked":["Dagger Spray","Masterful Stab"],"picked":"Catalyst","floor":1},{"not_picked":["Expertise","Terror"],"picked":"Acrobatics","floor":2},{"not_picked":["Dagger Spray","Bane"],"picked":"Backflip","floor":3},{"not_picked":["Skewer","Blade Dance","Flying Knee"],"picked":"SKIP","floor":4},{"not_picked":["Finisher","Dash"],"picked":"Crippling Poison","floor":5},{"not_picked":["Dagger Throw","Cloak And Dagger"],"picked":"Dodge and Roll","floor":6},{"not_picked":["Blur","Cloak And Dagger"],"picked":"PiercingWail","floor":10},{"not_picked":["Phantasmal Killer","Caltrops","Reflex"],"picked":"SKIP","floor":11},{"not_picked":["Dodge and Roll","Masterful Stab"],"picked":"Deadly Poison","floor":12},{"not_picked":["Unload","Envenom"],"picked":"After Image","floor":16},{"not_picked":["Backstab","Choke+1","Prepared"],"picked":"SKIP","floor":18},{"not_picked":["Slice","Prepared"],"picked":"Catalyst+1","floor":20},{"not_picked":["Endless Agony","Terror"],"picked":"Escape Plan","floor":21},{"not_picked":["Infinite Blades","Calculated Gamble+1"],"picked":"Poisoned Stab+1","floor":22},{"not_picked":["Prepared","Slice"],"picked":"Poisoned Stab+1","floor":25},{"not_picked":["Night Terror","Die Die Die+1"],"picked":"After Image","floor":33},{"not_picked":["Sucker Punch+1","Skewer+1"],"picked":"Deadly Poison+1","floor":35},{"not_picked":["Prepared+1","Distraction+1"],"picked":"PiercingWail+1","floor":37},{"not_picked":["Slice+1","Masterful Stab+1"],"picked":"Leg Sweep+1","floor":38},{"not_picked":["Cloak And Dagger+1","Deadly Poison+1","Choke+1"],"picked":"SKIP","floor":39},{"not_picked":["Masterful Stab+1","Poisoned Stab+1","Eviscerate+1"],"picked":"SKIP","floor":40},{"not_picked":["Sucker Punch+1","Bouncing Flask+1"],"picked":"Tools of the Trade","floor":42},{"not_picked":["Flechettes+1","PiercingWail","Expertise"],"picked":"SKIP","floor":46},{"not_picked":["Heel Hook+1","Acrobatics"],"picked":"Blur+1","floor":47},{"not_picked":["Dagger Throw+1","Masterful Stab+1","Poisoned Stab+1"],"picked":"SKIP","floor":48}],"player_experience":59974,"relics_obtained":[{"floor":9,"key":"The Courier"},{"floor":11,"key":"Regal Pillow"},{"floor":24,"key":"Gambling Chip"},{"floor":26,"key":"Old Coin"},{"floor":28,"key":"Molten Egg 2"},{"floor":38,"key":"Tough Bandages"},{"floor":40,"key":"Tiny Chest"},{"floor":42,"key":"Tingsha"},{"floor":43,"key":"Mercury Hourglass"},{"floor":45,"key":"Paper Crane"}],"event_choices":[{"damage_healed":0,"gold_gain":0,"player_choice":"Got Potions","damage_taken":0,"max_hp_gain":0,"max_hp_loss":0,"event_name":"Lab","floor":8,"gold_loss":0},{"damage_healed":0,"gold_gain":0,"player_choice":"Shed Blood","damage_taken":18,"max_hp_gain":5,"max_hp_loss":0,"event_name":"Forgotten Altar","floor":30,"gold_loss":0},{"damage_healed":0,"gold_gain":0,"player_choice":"Fight","damage_taken":0,"max_hp_gain":0,"max_hp_loss":0,"event_name":"MindBloom","floor":38,"gold_loss":0}],"is_beta":true,"boss_relics":[{"not_picked":["Orrery","Astrolabe"],"picked":"Runic Dome"},{"not_picked":["Calling Bell","White Beast Statue"],"picked":"Cursed Key"}],"items_purged_floors":[14,19,31],"is_endless":false,"potions_floor_spawned":[1,3,6,12,20,33,38,39,40,42,46,47],"ascension_level":4}