{"gold_per_floor":[117,132,16,16,33,33,64,64,87,87,87,106,120,139,139,241,241,252,252,49,69,101,101,101,48,48,76,76,76,76,94,94,197,197,212,263,263,279,296,296,47,47,129,142,142,176,176,188,188,188],"floor_reached":51,"playtime":1877,"items_purged":["Strike_R"],"score":1190,"play_id":"15d47e62-3fc1-4011-b4db-b3a68c86efdb","local_time":"20190226022306","is_ascension_mode":true,"campfire_choices":[{"data":"Bash","floor":6.0,"key":"SMITH"},{"data":"Whirlwind","floor":8.0,"key":"SMITH"},{"floor":10.0,"key":"RECALL"},{"data":"Entrench","floor":15.0,"key":"SMITH"},{"data":"Exhume","floor":23.0,"key":"SMITH"},{"data":"Offering","floor":28.0,"key":"SMITH"},{"data":"Pommel Strike","floor":30.0,"key":"SMITH"},{"data":"Spot Weakness","floor":32.0,"key":"SMITH"},{"floor":40.0,"key":"REST"},{"data":"True Grit","floor":42.0,"key":"SMITH"},{"data":"Flame Barrier","floor":47.0,"key":"SMITH"},{"floor":49.0,"key":"REST"}],"neow_cost":"PERCENT_DAMAGE","seed_source_timestamp":0,"circlet_count":0,"master_deck":["Strike_R","Strike_R","Defend_R","Defend_R","Bash+1","Whirlwind+1","Iron Wave","Ghostly Armor","Entrench+1","Offering+1","Exhume+1","Shrug It Off","Warcry+1","Intimidate+1","Pommel Strike+1","Spot Weakness+1","Flame Barrier+1","True Grit+1","Metallicize+1","Heavy Blade+1","Reaper","Sword Boomerang+1","Twin Strike","Battle Trance"],"special_seed":0,"relics":["Burning Blood","Juzu Bracelet","Dream Catcher","Sozu","Omamori","Red Mask","Centennial Puzzle","Strawberry","Kunai","Charon\u0027s Ashes","Lizard Tail","Torii","Shuriken","Singing Bowl","Bronze Scales"],"potions_floor_usage":[50,50],"damage_taken":[{"damage":5.0,"enemies":"Small Slimes","floor":1.0,"turns":3.0},{"damage":1.0,"enemies":"Cultist","floor":2.0,"turns":3.0},{"damage":2.0,"enemies":"2 Louse","floor":5.0,"turns":2.0},{"damage":0.0,"enemies":"Gremlin Nob","floor":7.0,"turns":2.0},{"damage":0.0,"enemies":"2 Fungi Beasts","floor":12.0,"turns":3.0},{"damage":4.0,"enemies":"Red Slaver","floor":13.0,"turns":4.0},{"damage":2.0,"enemies":"Looter","floor":14.0,"turns":3.0},{"damage":6.0,"enemies":"Slime Boss","floor":16.0,"turns":5.0},{"damage":29.0,"enemies":"2 Thieves","floor":18.0,"turns":3.0},{"damage":0.0,"enemies":"3 Byrds","floor":21.0,"turns":3.0},{"damage":0.0,"enemies":"Masked Bandits","floor":22.0,"turns":1.0},{"damage":17.0,"enemies":"Slavers","floor":27.0,"turns":3.0},{"damage":6.0,"enemies":"Snake Plant","floor":31.0,"turns":2.0},{"damage":60.0,"enemies":"Champ","floor":33.0,"turns":7.0},{"damage":6.0,"enemies":"3 Darklings","floor":35.0,"turns":2.0},{"damage":42.0,"enemies":"2 Orb Walkers","floor":36.0,"turns":4.0},{"damage":13.0,"enemies":"3 Shapes","floor":38.0,"turns":5.0},{"damage":18.0,"enemies":"3 Darklings","floor":39.0,"turns":4.0},{"damage":8.0,"enemies":"Transient","floor":44.0,"turns":5.0},{"damage":34.0,"enemies":"Giant Head","floor":46.0,"turns":7.0},{"damage":13.0,"enemies":"Maw","floor":48.0,"turns":6.0},{"damage":139,"enemies":"Donu and Deca","floor":50,"turns":11}],"seed_played":"7616604777216519445","potions_obtained":[{"floor":2.0,"key":"EntropicBrew"},{"floor":12.0,"key":"Ancient Potion"},{"floor":13.0,"key":"Energy Potion"}],"is_trial":false,"path_per_floor":["M","M","$","?","M","R","E","R","T","R","?","M","M","M","R","B",null,"M","?","$","M","?","R","?","?","T","E","R","$","R","M","R","B",null,"M","?","?","M","M","R","$","R","T","M","?","E","R","M","R","B",null],"character_chosen":"IRONCLAD","items_purchased":["Whirlwind","Shrug It Off","Omamori","Shuriken"],"campfire_rested":2,"item_purchase_floors":[3,20,20,41],"current_hp_per_floor":[52,57,57,57,61,61,67,67,67,67,67,73,75,79,79,79,80,57,57,57,63,69,69,69,76,76,65,65,65,65,65,65,11,68,68,32,32,25,13,39,39,39,39,37,87,74,74,67,89,50],"gold":188,"neow_bonus":"REMOVE_TWO","is_prod":false,"is_daily":false,"chose_seed":false,"campfire_upgraded":9,"win_rate":0,"timestamp":1551144186,"path_taken":["M","M","$","?","M","R","E","R","T","R","?","M","M","M","R","BOSS","M","?","$","M","?","R","?","?","T","E","R","$","R","M","R","BOSS","M","?","?","M","M","R","$","R","T","M","?","E","R","M","R","BOSS"],"build_version":"2019-01-23","purchased_purges":1,"victory":true,"max_hp_per_floor":[80,80,80,80,80,80,80,80,80,80,80,80,80,80,80,80,80,80,80,80,80,80,80,80,87,87,87,87,87,87,87,87,87,87,87,87,87,87,87,87,87,87,87,87,87,89,89,89,89,89],"card_choices":[{"not_picked":["Thunderclap","Sword Boomerang","Disarm"],"picked":"SKIP","floor":1.0},{"not_picked":["Armaments","Pummel","Perfected Strike"],"picked":"SKIP","floor":2.0},{"not_picked":["Armaments","Feel No Pain"],"picked":"Iron Wave","floor":5.0},{"not_picked":["Disarm","Burning Pact"],"picked":"Ghostly Armor","floor":7.0},{"not_picked":["Flex","Wild Strike"],"picked":"Entrench","floor":12.0},{"not_picked":["Perfected Strike","Havoc","Sword Boomerang"],"picked":"SKIP","floor":13.0},{"not_picked":["Inflame","Dropkick"],"picked":"Offering","floor":14.0},{"not_picked":["Fiend Fire","Immolate"],"picked":"Exhume","floor":16.0},{"not_picked":["Anger","Corruption","Blood for Blood"],"picked":"SKIP","floor":18.0},{"not_picked":["Cleave","Sentinel"],"picked":"Warcry+1","floor":21.0},{"not_picked":["Flex","Sword Boomerang"],"picked":"Intimidate+1","floor":22.0},{"not_picked":["Entrench","Bludgeon"],"picked":"Pommel Strike","floor":27.0},{"not_picked":["Dropkick","Sever Soul+1"],"picked":"Spot Weakness","floor":31.0},{"not_picked":["Iron Wave","Second Wind+1"],"picked":"Flame Barrier","floor":35.0},{"not_picked":["Bloodletting+1","Ghostly Armor"],"picked":"True Grit","floor":36.0},{"not_picked":["Body Slam+1","Armaments"],"picked":"Metallicize+1","floor":38.0},{"not_picked":["Anger","True Grit"],"picked":"Heavy Blade+1","floor":39.0},{"not_picked":["Anger","Seeing Red+1"],"picked":"Reaper","floor":40.0},{"not_picked":["Whirlwind+1","Cleave+1"],"picked":"Sword Boomerang+1","floor":44.0},{"not_picked":["Dark Embrace","Flex","Clash"],"picked":"Singing Bowl","floor":46.0},{"not_picked":["Thunderclap+1","Evolve"],"picked":"Twin Strike","floor":48.0},{"not_picked":["Pummel+1","Cleave+1"],"picked":"Battle Trance","floor":49.0}],"player_experience":462234,"relics_obtained":[{"floor":7.0,"key":"Juzu Bracelet"},{"floor":9.0,"key":"Dream Catcher"},{"floor":22.0,"key":"Red Mask"},{"floor":26.0,"key":"Kunai"},{"floor":27.0,"key":"Charon\u0027s Ashes"},{"floor":36.0,"key":"Torii"},{"floor":43.0,"key":"Singing Bowl"},{"floor":46.0,"key":"Bronze Scales"}],"event_choices":[{"damage_healed":0.0,"max_hp_gain":0.0,"max_hp_loss":0.0,"gold_gain":0.0,"event_name":"The Cleric","player_choice":"Leave","floor":4.0,"gold_loss":0.0,"damage_taken":0.0},{"cards_removed":["Defend_R"],"damage_healed":0.0,"max_hp_gain":0.0,"max_hp_loss":0.0,"gold_gain":0.0,"event_name":"Bonfire Elementals","player_choice":"Offered Basic","floor":11.0,"gold_loss":0.0,"damage_taken":0.0},{"cards_removed":["Strike_R"],"damage_healed":0.0,"max_hp_gain":0.0,"max_hp_loss":0.0,"gold_gain":0.0,"event_name":"Back to Basics","player_choice":"Elegance","floor":19.0,"gold_loss":0.0,"damage_taken":0.0},{"damage_healed":0.0,"max_hp_gain":0.0,"max_hp_loss":0.0,"gold_gain":0.0,"event_name":"Masked Bandits","player_choice":"Fought Bandits","floor":22.0,"gold_loss":0.0,"damage_taken":0.0},{"damage_healed":0.0,"max_hp_gain":0.0,"max_hp_loss":0.0,"gold_gain":0.0,"event_name":"The Mausoleum","player_choice":"Opened","floor":24.0,"gold_loss":0.0,"damage_taken":0.0,"relics_obtained":["Centennial Puzzle"]},{"damage_healed":0.0,"max_hp_gain":0.0,"max_hp_loss":0.0,"gold_gain":0.0,"event_name":"WeMeetAgain","player_choice":"Paid Gold","floor":25.0,"gold_loss":53.0,"damage_taken":0.0,"relics_obtained":["Strawberry"]},{"damage_healed":0.0,"max_hp_gain":0.0,"max_hp_loss":0.0,"gold_gain":0.0,"event_name":"Mysterious Sphere","player_choice":"Fight","floor":36.0,"gold_loss":0.0,"damage_taken":0.0},{"damage_healed":0.0,"max_hp_gain":0.0,"max_hp_loss":0.0,"gold_gain":0.0,"event_name":"The Woman in Blue","player_choice":"Bought 0 Potions","floor":37.0,"gold_loss":0.0,"damage_taken":0.0},{"damage_healed":50.0,"max_hp_gain":0.0,"max_hp_loss":0.0,"gold_gain":0.0,"event_name":"Wheel of Change","player_choice":"Full Heal","floor":45.0,"gold_loss":0.0,"damage_taken":0.0}],"is_beta":false,"boss_relics":[{"not_picked":["Runic Pyramid","Snecko Eye"],"picked":"Sozu"},{"not_picked":["Black Star","White Beast Statue"],"picked":"Lizard Tail"}],"items_purged_floors":[3],"is_endless":false,"potions_floor_spawned":[2,12,13,14,22,27,39,44,48],"ascension_level":8}