{"gold_per_floor":[114,114,33,33,33,71,89,89,142,17,48,48,22,40,40,166,166,189,179,179,179,204,204,204],"floor_reached":24,"playtime":712,"items_purged":["Strike_G"],"score":326,"play_id":"c287492c-f46f-488d-bcc9-bc755a3842bf","local_time":"20181118231853","is_ascension_mode":true,"campfire_choices":[{"data":"Glass Knife","floor":8,"key":"SMITH"},{"floor":12,"key":"REST"},{"data":"Blade Dance","floor":15,"key":"SMITH"},{"floor":23,"key":"REST"}],"neow_cost":"CURSE","seed_source_timestamp":210819314678003,"circlet_count":0,"master_deck":["AscendersBane","Defend_G","Defend_G","Defend_G","Defend_G","Strike_G","Strike_G","Strike_G","Survivor","Neutralize","Clumsy","Wraith Form v2","Dagger Throw","Blade Dance+1","Terror","Glass Knife+1","Dagger Spray","After Image","Tactician+1","Riddle With Holes+1","Blur"],"relics":["Ring of the Snake","Nunchaku","Golden Idol","Darkstone Periapt","Lantern","Bird Faced Urn","Black Star"],"potions_floor_usage":[21],"damage_taken":[{"damage":3,"enemies":"Cultist","floor":1,"turns":5},{"damage":11,"enemies":"Gremlin Nob","floor":6,"turns":5},{"damage":1,"enemies":"Jaw Worm","floor":7,"turns":3},{"damage":22,"enemies":"Lagavulin","floor":11,"turns":9},{"damage":0,"enemies":"Small Slimes","floor":14,"turns":3},{"damage":25,"enemies":"Slime Boss","floor":16,"turns":9},{"damage":0,"enemies":"3 Byrds","floor":18,"turns":4},{"damage":20,"enemies":"2 Thieves","floor":19,"turns":4},{"damage":3,"enemies":"Centurion and Healer","floor":21,"turns":3},{"damage":21,"enemies":"3 Cultists","floor":22,"turns":6},{"damage":18,"enemies":"Snake Plant","floor":24,"turns":3}],"seed_played":"1571319068100687877","potions_obtained":[{"floor":1,"key":"SmokeBomb"},{"floor":14,"key":"Dexterity Potion"},{"floor":22,"key":"PowerPotion"}],"is_trial":false,"path_per_floor":["M","?","$","?","?","E","M","R","T","$","E","R","?","M","R","B",null,"M","M","?","M","M","R","M"],"character_chosen":"THE_SILENT","items_purchased":["Terror","Dagger Spray"],"campfire_rested":2,"item_purchase_floors":[3,10],"current_hp_per_floor":[60,48,48,48,48,37,36,36,36,36,14,33,33,33,33,8,51,53,35,29,30,11,30,14],"gold":204,"neow_bonus":"TRANSFORM_TWO_CARDS","is_prod":false,"is_daily":false,"chose_seed":false,"campfire_upgraded":2,"win_rate":0,"timestamp":1542579533,"path_taken":["M","?","$","?","?","E","?","R","T","$","E","R","?","M","R","BOSS","M","M","?","M","M","R","?"],"build_version":"2018-11-15","purchased_purges":1,"victory":false,"max_hp_per_floor":[70,70,70,65,65,65,65,65,65,65,65,65,65,65,65,65,65,65,65,65,65,65,65,65],"card_choices":[{"not_picked":["Dodge and Roll","Deadly Poison"],"picked":"Blade Dance","floor":1},{"not_picked":["Acrobatics","Bane"],"picked":"Glass Knife","floor":6},{"not_picked":["Outmaneuver","Bouncing Flask","Prepared"],"picked":"SKIP","floor":7},{"not_picked":["Bane","Reflex","Underhanded Strike"],"picked":"SKIP","floor":11},{"not_picked":["Catalyst","Outmaneuver","Dodge and Roll"],"picked":"SKIP","floor":14},{"not_picked":["Corpse Explosion","Glass Knife"],"picked":"After Image","floor":16},{"not_picked":["Sucker Punch","Riddle With Holes"],"picked":"Tactician+1","floor":18},{"not_picked":["Deadly Poison","Endless Agony"],"picked":"Riddle With Holes+1","floor":19},{"not_picked":["Quick Slash+1","Dagger Throw"],"picked":"Blur","floor":22}],"player_experience":668679,"relics_obtained":[{"floor":6,"key":"Darkstone Periapt"},{"floor":9,"key":"Lantern"},{"floor":11,"key":"Bird Faced Urn"}],"event_choices":[{"damage_healed":0,"gold_gain":0,"player_choice":"Success","damage_taken":12,"relics_obtained":["Nunchaku"],"max_hp_gain":0,"max_hp_loss":0,"event_name":"Scrap Ooze","floor":2,"gold_loss":0},{"damage_healed":0,"gold_gain":0,"player_choice":"Lose Max HP","damage_taken":0,"relics_obtained":["Golden Idol"],"max_hp_gain":0,"max_hp_loss":5,"event_name":"Golden Idol","floor":4,"gold_loss":0},{"damage_healed":0,"gold_gain":0,"player_choice":"Leave","damage_taken":0,"max_hp_gain":0,"max_hp_loss":0,"event_name":"The Cleric","floor":5,"gold_loss":0},{"damage_healed":0,"gold_gain":0,"player_choice":"Left Gold","damage_taken":0,"max_hp_gain":0,"max_hp_loss":0,"event_name":"World of Goop","floor":13,"gold_loss":26},{"damage_healed":0,"gold_gain":0,"player_choice":"","damage_taken":6,"max_hp_gain":0,"max_hp_loss":0,"event_name":"Knowing Skull","floor":20,"potions_obtained":[],"gold_loss":0,"cards_obtained":[]}],"is_beta":false,"boss_relics":[{"not_picked":["Runic Pyramid","Lizard Tail"],"picked":"Black Star"}],"items_purged_floors":[10],"is_endless":false,"potions_floor_spawned":[1,14,22],"killed_by":"Snake Plant","ascension_level":12}