{"gold_per_floor":[113,132,132,132,4,4,4,19,45,61,95,115,142,177,189,296,308,330,342,364,394,418,430,461,507,546,558,570,592,467,493,493,591,591,605,620,83,358,43,43,71,71,71,83,110,120,132,145,145,145],"floor_reached":51,"playtime":3914,"items_purged":["Strike_R","Decay","Strike_R","Regret"],"score":784,"play_id":"ca575813-bed5-4dfa-8a53-e84eb4470d97","local_time":"20190206111331","is_ascension_mode":false,"campfire_choices":[{"data":"Armaments","floor":6.0,"key":"SMITH"},{"data":"Armaments","floor":15.0,"key":"SMITH"},{"data":"Demon Form","floor":23.0,"key":"SMITH"},{"data":"Shrug It Off","floor":28,"key":"SMITH"},{"data":"Pommel Strike","floor":32,"key":"SMITH"},{"data":"Master of Strategy","floor":40,"key":"SMITH"},{"data":"Feel No Pain","floor":42,"key":"SMITH"},{"floor":49,"key":"REST"}],"neow_cost":"","seed_source_timestamp":0,"circlet_count":0,"master_deck":["Defend_R","Defend_R","Defend_R","Defend_R","Bash+1","Pommel Strike+1","Armaments+1","Burning Pact","Shrug It Off+1","Metallicize","Armaments+1","Inflame","True Grit","Whirlwind+1","Demon Form+1","Seeing Red","Uppercut","Uppercut","Flame Barrier+1","Shrug It Off+1","Feel No Pain+1","Shockwave+1","Feed","True Grit+1","Intimidate+1","Master of Strategy+1","Seeing Red+1","Pain","Whirlwind"],"special_seed":0,"relics":["Burning Blood","Vajra","Bronze Scales","MawBank","Regal Pillow","Cursed Key","Whetstone","Bag of Preparation","Pocketwatch","Mark of Pain","Bottled Lightning","Happy Flower","Calipers","Nunchaku","Pen Nib"],"potions_floor_usage":[25,50],"damage_taken":[{"damage":6.0,"enemies":"Cultist","floor":1.0,"turns":3.0},{"damage":0.0,"enemies":"Small Slimes","floor":2.0,"turns":3.0},{"damage":6.0,"enemies":"Jaw Worm","floor":8.0,"turns":3.0},{"damage":1.0,"enemies":"Large Slime","floor":10.0,"turns":8.0},{"damage":20.0,"enemies":"3 Sentries","floor":11.0,"turns":12.0},{"damage":3.0,"enemies":"2 Fungi Beasts","floor":12.0,"turns":4.0},{"damage":16.0,"enemies":"Gremlin Nob","floor":13.0,"turns":5.0},{"damage":26.0,"enemies":"The Guardian","floor":16.0,"turns":11.0},{"damage":8.0,"enemies":"Spheric Guardian","floor":18.0,"turns":7.0},{"damage":3.0,"enemies":"Chosen","floor":20.0,"turns":4.0},{"damage":0.0,"enemies":"Centurion and Healer","floor":21.0,"turns":7.0},{"damage":5.0,"enemies":"3 Cultists","floor":22.0,"turns":5.0},{"damage":0.0,"enemies":"Snecko","floor":24.0,"turns":4.0},{"damage":0,"enemies":"Book of Stabbing","floor":25,"turns":5},{"damage":1,"enemies":"Snake Plant","floor":29,"turns":3},{"damage":7,"enemies":"Gremlin Leader","floor":31,"turns":6},{"damage":17,"enemies":"Champ","floor":33,"turns":9},{"damage":0,"enemies":"Orb Walker","floor":35,"turns":3},{"damage":2,"enemies":"3 Shapes","floor":36,"turns":6},{"damage":6,"enemies":"Giant Head","floor":41,"turns":7},{"damage":1,"enemies":"Maw","floor":44,"turns":6},{"damage":68,"enemies":"Reptomancer","floor":45,"turns":8},{"damage":12,"enemies":"Writhing Mass","floor":46,"turns":6},{"damage":4,"enemies":"Spire Growth","floor":47,"turns":8},{"damage":2,"enemies":"Transient","floor":48,"turns":5},{"damage":32,"enemies":"Awakened One","floor":50,"turns":9}],"seed_played":"-7390884067499505975","potions_obtained":[{"floor":2.0,"key":"Energy Potion"},{"floor":7.0,"key":"SneckoOil"},{"floor":7.0,"key":"BloodPotion"},{"floor":7.0,"key":"FairyPotion"},{"floor":12.0,"key":"Strength Potion"},{"floor":16.0,"key":"Weak Potion"},{"floor":21.0,"key":"Energy Potion"},{"floor":31,"key":"SpeedPotion"}],"is_trial":false,"path_per_floor":["M","M","?","?","$","R","?","M","T","M","E","M","E","T","R","B",null,"M","?","M","M","M","R","M","E","T","?","R","M","$","E","R","B",null,"M","M","$","?","$","R","E","R","T","M","E","M","M","M","R","B",null],"character_chosen":"IRONCLAD","items_purchased":["Shrug It Off","Feel No Pain","Bottled Lightning","Happy Flower","Master of Strategy"],"campfire_rested":1,"item_purchase_floors":[5,30,37,37,39],"current_hp_per_floor":[80,80,80,85,85,85,85,85,85,85,71,74,64,64,64,44,85,83,83,85,85,85,85,85,85,85,69,69,74,74,73,73,62,90,90,93,93,93,93,93,93,93,93,93,31,29,31,35,79,53],"gold":145,"neow_bonus":"","is_prod":false,"is_daily":false,"chose_seed":false,"campfire_upgraded":7,"win_rate":0.0,"timestamp":1549448011,"path_taken":["M","M","?","?","$","R","?","M","T","?","E","M","E","?","R","BOSS","M","?","M","M","M","R","M","E","T","?","R","M","?","E","R","BOSS","M","M","$","?","$","R","E","R","T","M","E","M","M","M","R","BOSS"],"build_version":"2019-01-23","purchased_purges":4,"victory":true,"max_hp_per_floor":[80,80,80,85,85,85,85,85,85,85,85,85,85,85,85,85,85,85,85,85,85,85,85,85,85,85,90,90,90,90,90,90,90,90,90,93,93,93,93,93,93,93,93,93,93,97,97,97,97,97],"card_choices":[{"not_picked":["Sever Soul","Clash"],"picked":"Pommel Strike","floor":1.0},{"not_picked":["Clash","True Grit"],"picked":"Armaments","floor":2.0},{"not_picked":["Sever Soul","Armaments"],"picked":"Metallicize","floor":8.0},{"not_picked":["Pummel","Iron Wave"],"picked":"Armaments","floor":10.0},{"not_picked":["Brutality","Pummel"],"picked":"Inflame","floor":11.0},{"not_picked":["Thunderclap","Dropkick"],"picked":"True Grit","floor":12.0},{"not_picked":["Battle Trance","Body Slam"],"picked":"Whirlwind","floor":13.0},{"not_picked":["Offering","Bludgeon"],"picked":"Demon Form","floor":16.0},{"not_picked":["Entrench","Dual Wield"],"picked":"Seeing Red","floor":18.0},{"not_picked":["Pommel Strike","Dropkick","Sword Boomerang+1"],"picked":"SKIP","floor":20.0},{"not_picked":["Rage+1","Anger"],"picked":"Flame Barrier+1","floor":21.0},{"not_picked":["Clash","Pommel Strike","Hemokinesis"],"picked":"SKIP","floor":22.0},{"not_picked":["Berserk","Inflame"],"picked":"Shrug It Off+1","floor":24.0},{"not_picked":["Body Slam","Infernal Blade","Armaments+1"],"picked":"SKIP","floor":25},{"not_picked":["Blood for Blood","Twin Strike+1","Rage+1"],"picked":"SKIP","floor":29},{"not_picked":["Pommel Strike","Clash"],"picked":"Shockwave+1","floor":31},{"not_picked":["Dark Embrace","Berserk"],"picked":"Feed","floor":33},{"not_picked":["Fire Breathing","Armaments+1"],"picked":"True Grit+1","floor":35},{"not_picked":["Whirlwind","Warcry"],"picked":"Intimidate+1","floor":36},{"not_picked":["Whirlwind+1","Cleave+1"],"picked":"Seeing Red+1","floor":41},{"not_picked":["Carnage","Clothesline+1","Uppercut"],"picked":"SKIP","floor":44},{"not_picked":["Rage+1","Berserk","Twin Strike+1"],"picked":"SKIP","floor":45},{"not_picked":["Inflame","Anger","Twin Strike"],"picked":"SKIP","floor":46},{"not_picked":["Feel No Pain+1","Rage+1","Anger+1"],"picked":"SKIP","floor":47},{"not_picked":["Feel No Pain+1","Pommel Strike+1"],"picked":"Whirlwind","floor":48}],"player_experience":0,"relics_obtained":[{"floor":9.0,"key":"Vajra"},{"floor":11.0,"key":"Bronze Scales"},{"floor":13.0,"key":"MawBank"},{"floor":14.0,"key":"Regal Pillow"},{"floor":25,"key":"Whetstone"},{"floor":26,"key":"Bag of Preparation"},{"floor":31,"key":"Pocketwatch"},{"floor":41,"key":"Calipers"},{"floor":43,"key":"Nunchaku"},{"floor":45,"key":"Pen Nib"}],"event_choices":[{"damage_healed":0.0,"max_hp_gain":0.0,"max_hp_loss":0.0,"gold_gain":0.0,"cards_transformed":["Strike_R"],"event_name":"Living Wall","player_choice":"Change","floor":3.0,"gold_loss":0.0,"damage_taken":0.0,"cards_obtained":["Burning Pact"]},{"damage_healed":0.0,"max_hp_gain":5.0,"max_hp_loss":0.0,"gold_gain":0.0,"event_name":"Big Fish","player_choice":"Donut","floor":4.0,"gold_loss":0.0,"damage_taken":0.0},{"damage_healed":0.0,"max_hp_gain":0.0,"max_hp_loss":0.0,"gold_gain":0.0,"event_name":"Lab","player_choice":"Got Potions","floor":7.0,"gold_loss":0.0,"damage_taken":0.0},{"damage_healed":0.0,"max_hp_gain":0.0,"max_hp_loss":0.0,"gold_gain":0.0,"cards_transformed":["Strike_R","Strike_R"],"event_name":"Drug Dealer","player_choice":"Became Test Subject","floor":19.0,"gold_loss":0.0,"damage_taken":0.0,"cards_obtained":["Uppercut","Uppercut"]},{"damage_healed":0,"gold_gain":0,"player_choice":"Shed Blood","damage_taken":21,"max_hp_gain":5,"max_hp_loss":0,"event_name":"Forgotten Altar","floor":27,"gold_loss":0},{"damage_healed":0,"gold_gain":275,"player_choice":"Desecrate","damage_taken":0,"max_hp_gain":0,"max_hp_loss":0,"event_name":"Golden Shrine","floor":38,"gold_loss":0,"cards_obtained":["Regret"]}],"is_beta":true,"boss_relics":[{"not_picked":["Eternal Feather","Black Blood"],"picked":"Cursed Key"},{"not_picked":["Lizard Tail","Orrery"],"picked":"Mark of Pain"}],"items_purged_floors":[5,30,37,39],"is_endless":false,"potions_floor_spawned":[2,12,16,21,22,24,31,33,35,45,46,48],"ascension_level":0}