{"gold_per_floor":[115,128,142,154,104,136,152,152,175,175,450,450,470,500,500,600,600,616,629,0,0,0,15,51,67,121,211,211,273,288,320,320,419,419,437,437,397,412,427,427,132,145,168,16,16,16,29,29],"floor_reached":48,"playtime":5996,"items_purged":["Strike_R","Defend_R"],"score":498,"play_id":"f12b4de1-62f8-4e56-bc22-65f820800df4","local_time":"20190227045216","is_ascension_mode":false,"campfire_choices":[{"data":"Metallicize","floor":10,"key":"SMITH"},{"data":"Armaments","floor":12,"key":"SMITH"},{"data":"Double Tap","floor":15,"key":"SMITH"},{"floor":28,"key":"REST"},{"floor":32,"key":"REST"},{"floor":40,"key":"REST"},{"floor":45,"key":"REST"}],"neow_cost":"NONE","seed_source_timestamp":1244166633983048,"circlet_count":0,"master_deck":["Strike_R","Strike_R","Strike_R","Strike_R","Defend_R","Defend_R","Impervious","Metallicize+1","Armaments+1","Warcry","Pommel Strike","Twin Strike","Clothesline","Double Tap+1","Headbutt","Double Tap+1","Infernal Blade+1","Twin Strike+1","Finesse","Metallicize","HandOfGreed","Combust","Seeing Red","Warcry+1","Infernal Blade","Fire Breathing","Offering","Demon Form+1","Fire Breathing+1","Enlightenment","Flex+1","Seeing Red","Secret Weapon","Parasite","True Grit+1","Pain","Bludgeon","Swift Strike","Ghostly Armor+1"],"relics":["Burning Blood","Omamori","Centennial Puzzle","Red Skull","Anchor","Philosopher\u0027s Stone","Bottled Tornado","Bag of Preparation","Cursed Key","War Paint"],"potions_floor_usage":[6,14,14,33,39,47,48],"damage_taken":[{"damage":6,"enemies":"Jaw Worm","floor":1,"turns":5},{"damage":0,"enemies":"2 Louse","floor":2,"turns":4},{"damage":0,"enemies":"Small Slimes","floor":3,"turns":6},{"damage":5,"enemies":"Red Slaver","floor":4,"turns":6},{"damage":5,"enemies":"3 Sentries","floor":6,"turns":9},{"damage":7,"enemies":"2 Fungi Beasts","floor":7,"turns":4},{"damage":11,"enemies":"Lots of Slimes","floor":13,"turns":7},{"damage":6,"enemies":"Lagavulin","floor":14,"turns":8},{"damage":38,"enemies":"Hexaghost","floor":16,"turns":10},{"damage":1,"enemies":"Shell Parasite","floor":18,"turns":5},{"damage":20,"enemies":"Spheric Guardian","floor":19,"turns":4},{"damage":12,"enemies":"Snecko","floor":23,"turns":4},{"damage":7,"enemies":"Cultist and Chosen","floor":24,"turns":6},{"damage":12,"enemies":"Sentry and Sphere","floor":25,"turns":6},{"damage":22,"enemies":"3 Cultists","floor":29,"turns":5},{"damage":0,"enemies":"Snake Plant","floor":30,"turns":2},{"damage":11,"enemies":"Cultist and Chosen","floor":31,"turns":6},{"damage":38,"enemies":"Collector","floor":33,"turns":6},{"damage":12,"enemies":"3 Darklings","floor":35,"turns":4},{"damage":40,"enemies":"3 Shapes","floor":38,"turns":3},{"damage":38,"enemies":"Transient","floor":39,"turns":5},{"damage":18,"enemies":"Writhing Mass","floor":42,"turns":6},{"damage":32,"enemies":"3 Darklings","floor":47,"turns":4},{"damage":33,"enemies":"Spire Growth","floor":48,"turns":2}],"seed_played":"4239293875830767868","potions_obtained":[{"floor":3,"key":"Block Potion"},{"floor":4,"key":"Energy Potion"},{"floor":13,"key":"FearPotion"},{"floor":19,"key":"Swift Potion"},{"floor":23,"key":"Strength Potion"},{"floor":25,"key":"Block Potion"},{"floor":30,"key":"Energy Potion"},{"floor":42,"key":"PowerPotion"},{"floor":47,"key":"Fruit Juice"}],"is_trial":false,"path_per_floor":["M","M","M","M","?","E","M","?","T","R","?","R","M","E","R","B",null,"M","M","$","?","$","M","M","M","T","?","R","M","M","M","R","B",null,"M","?","?","M","M","R","$","M","T","$","R","$","M","M"],"character_chosen":"IRONCLAD","items_purchased":["Finesse","Metallicize","HandOfGreed","Bottled Tornado","Secret Weapon","Bludgeon","Swift Strike"],"campfire_rested":4,"item_purchase_floors":[20,20,20,20,41,44,44],"current_hp_per_floor":[80,80,80,80,80,80,79,61,61,61,61,61,56,56,56,24,80,80,66,66,66,66,60,59,53,53,37,61,45,51,46,70,38,80,74,74,74,40,8,32,32,20,20,20,44,44,23,0],"gold":29,"neow_bonus":"TRANSFORM_CARD","is_prod":false,"is_daily":false,"chose_seed":false,"campfire_upgraded":3,"win_rate":0.0,"timestamp":1551261136,"path_taken":["M","M","M","M","?","E","M","?","T","R","?","R","M","E","R","BOSS","M","M","$","?","$","M","M","M","T","?","R","M","M","?","R","BOSS","M","?","?","M","M","R","$","?","T","$","R","?","?","M"],"build_version":"2019-01-23","purchased_purges":2,"victory":false,"max_hp_per_floor":[80,80,80,80,80,80,80,80,80,80,80,80,80,80,80,80,80,80,80,80,80,80,80,80,80,80,80,80,80,80,80,80,80,80,80,80,80,80,80,80,80,80,80,80,80,80,85,85],"card_choices":[{"not_picked":["Body Slam","Rupture"],"picked":"Metallicize","floor":1},{"not_picked":["Corruption","Sever Soul"],"picked":"Armaments","floor":2},{"not_picked":["Corruption","Cleave"],"picked":"Warcry","floor":3},{"not_picked":["Carnage","Clash"],"picked":"Pommel Strike","floor":4},{"not_picked":["Thunderclap","Body Slam"],"picked":"Twin Strike","floor":6},{"not_picked":["Entrench","Corruption"],"picked":"Clothesline","floor":7},{"not_picked":["Warcry","Power Through"],"picked":"Double Tap","floor":13},{"not_picked":["Clothesline","Armaments"],"picked":"Headbutt","floor":14},{"not_picked":["Juggernaut","Berserk"],"picked":"Double Tap","floor":16},{"not_picked":["Searing Blow","Ghostly Armor"],"picked":"Infernal Blade","floor":18},{"not_picked":["Body Slam+1","Hemokinesis"],"picked":"Twin Strike+1","floor":19},{"not_picked":["Anger","Shrug It Off"],"picked":"Combust","floor":23},{"not_picked":["Flame Barrier","Cleave+1"],"picked":"Seeing Red","floor":24},{"not_picked":["Clothesline","Thunderclap"],"picked":"Warcry+1","floor":25},{"not_picked":["Second Wind","Sword Boomerang"],"picked":"Infernal Blade","floor":29},{"not_picked":["Uppercut","Twin Strike"],"picked":"Fire Breathing","floor":30},{"not_picked":["Twin Strike","Anger+1"],"picked":"Offering","floor":31},{"not_picked":["Bludgeon","Dark Embrace"],"picked":"Demon Form","floor":33},{"not_picked":["Uppercut","Flex"],"picked":"Fire Breathing+1","floor":35},{"not_picked":["Madness","Purity"],"picked":"Enlightenment","floor":36},{"not_picked":["Sword Boomerang","Hemokinesis"],"picked":"Flex+1","floor":38},{"not_picked":["Clothesline","Second Wind"],"picked":"Seeing Red","floor":39},{"not_picked":["Clash+1","Heavy Blade+1"],"picked":"True Grit+1","floor":42},{"not_picked":["Headbutt+1","Clash"],"picked":"Ghostly Armor+1","floor":47}],"player_experience":19841,"relics_obtained":[{"floor":6,"key":"Omamori"},{"floor":9,"key":"Red Skull"},{"floor":14,"key":"Anchor"},{"floor":26,"key":"Bag of Preparation"},{"floor":43,"key":"War Paint"}],"event_choices":[{"cards_removed":["Defend_R"],"damage_healed":0,"gold_gain":0,"player_choice":"Card Removal","damage_taken":0,"max_hp_gain":0,"max_hp_loss":0,"event_name":"The Cleric","floor":5,"gold_loss":50},{"damage_healed":0,"gold_gain":0,"player_choice":"Success","damage_taken":18,"relics_obtained":["Centennial Puzzle"],"max_hp_gain":0,"max_hp_loss":0,"event_name":"Scrap Ooze","floor":8,"gold_loss":0},{"damage_healed":0,"gold_gain":275,"player_choice":"Desecrate","damage_taken":0,"max_hp_gain":0,"max_hp_loss":0,"event_name":"Golden Shrine","floor":11,"gold_loss":0,"cards_obtained":["Regret"]},{"damage_healed":0,"gold_gain":0,"player_choice":"Smashed Altar","damage_taken":0,"max_hp_gain":0,"max_hp_loss":0,"event_name":"Forgotten Altar","floor":21,"gold_loss":0,"cards_obtained":["Decay"]},{"damage_healed":0,"gold_gain":90,"player_choice":"GOLD ","damage_taken":16,"max_hp_gain":0,"max_hp_loss":0,"event_name":"Knowing Skull","floor":27,"potions_obtained":[],"gold_loss":0,"cards_obtained":[]},{"damage_healed":0,"gold_gain":0,"player_choice":"Memory 1","damage_taken":0,"max_hp_gain":0,"max_hp_loss":0,"event_name":"SensoryStone","floor":36,"gold_loss":0},{"damage_healed":0,"gold_gain":0,"player_choice":"Upgrade","damage_taken":0,"max_hp_gain":0,"max_hp_loss":0,"event_name":"Designer","floor":37,"gold_loss":40,"cards_upgraded":["Demon Form"]}],"is_beta":false,"boss_relics":[{"not_picked":["Lizard Tail","Fusion Hammer"],"picked":"Philosopher\u0027s Stone"},{"not_picked":["Black Star","Mark of Pain"],"picked":"Cursed Key"}],"items_purged_floors":[20,41],"is_endless":false,"potions_floor_spawned":[3,4,13,19,23,25,30,42,47],"killed_by":"Spire Growth","ascension_level":0}