{"gold_per_floor":[110,129,129,146,158,191,27,55,109,141,141,15,31,44,44,168,168,184,184,184,209,71,71,104,104,150,2,337,337,405,429,429,552,552,571,571,591,50,70,70,101,101,101,135,135,35,69,82,82,82],"floor_reached":50,"playtime":5591,"items_purged":["Strike_R"],"score":803,"play_id":"84b04e3f-1557-466a-9553-9777e23b735f","local_time":"20180916175901","is_ascension_mode":true,"campfire_choices":[{"floor":15,"key":"REST"},{"data":"Mind Blast","floor":23,"key":"SMITH"},{"floor":29,"key":"REST"},{"data":"Seeing Red","floor":32,"key":"SMITH"},{"data":"Dark Embrace","floor":40,"key":"SMITH"},{"floor":42,"key":"REST"},{"data":"Exhume","floor":45,"key":"SMITH"},{"floor":49,"key":"REST"}],"neow_cost":"NONE","seed_source_timestamp":301449428301564,"circlet_count":0,"master_deck":["Strike_R","Strike_R","Defend_R","Defend_R","Defend_R","Defend_R","Bash","Reckless Charge","Dual Wield","Battle Trance","Feed","Flex","Intimidate","Uppercut","Injury","Headbutt","Sever Soul","Spot Weakness","Exhume+1","Inflame","Wild Strike+1","Mind Blast+1","Anger","Shockwave","Warcry+1","Shrug It Off","Seeing Red+1","Dark Embrace+1","Thunderclap","Sword Boomerang","Heavy Blade","Evolve+1","Clumsy","Disarm","Fire Breathing+1","Clothesline+1"],"relics":["Burning Blood","Orichalcum","Strawberry","Letter Opener","PreservedInsect","Dream Catcher","Ornamental Fan","Golden Idol","Empty Cage","Blood Vial","Bag of Preparation","Centennial Puzzle","Bird Faced Urn","Pen Nib","Bag of Marbles","Old Coin","Pantograph","Cursed Key","Singing Bowl","Lee\u0027s Waffle","Vajra","Unceasing Top","Mercury Hourglass","Darkstone Periapt"],"potions_floor_usage":[16,16,16,24,24,33,39,44,44,47,48,50],"damage_taken":[{"damage":2,"enemies":"2 Louse","floor":1,"turns":3},{"damage":0,"enemies":"Cultist","floor":2,"turns":3},{"damage":6,"enemies":"Small Slimes","floor":4,"turns":3},{"damage":6,"enemies":"Looter","floor":5,"turns":3},{"damage":22,"enemies":"Gremlin Nob","floor":6,"turns":4},{"damage":23,"enemies":"3 Sentries","floor":8,"turns":8},{"damage":24,"enemies":"Lagavulin","floor":10,"turns":4},{"damage":4,"enemies":"Exordium Wildlife","floor":13,"turns":3},{"damage":1,"enemies":"3 Louse","floor":14,"turns":3},{"damage":67,"enemies":"The Guardian","floor":16,"turns":9},{"damage":15,"enemies":"Shell Parasite","floor":18,"turns":6},{"damage":16,"enemies":"Chosen","floor":21,"turns":5},{"damage":15,"enemies":"Book of Stabbing","floor":24,"turns":3},{"damage":30,"enemies":"Gremlin Leader","floor":28,"turns":5},{"damage":3,"enemies":"Shelled Parasite and Fungi","floor":31,"turns":3},{"damage":79,"enemies":"Champ","floor":33,"turns":10},{"damage":5,"enemies":"3 Darklings","floor":35,"turns":5},{"damage":4,"enemies":"Orb Walker","floor":37,"turns":2},{"damage":20,"enemies":"Transient","floor":39,"turns":5},{"damage":20,"enemies":"Nemesis","floor":41,"turns":3},{"damage":19,"enemies":"Giant Head","floor":44,"turns":6},{"damage":30,"enemies":"Nemesis","floor":47,"turns":4},{"damage":33,"enemies":"Maw","floor":48,"turns":7},{"damage":142,"enemies":"Donu and Deca","floor":50,"turns":8}],"seed_played":"-4869492546186292066","potions_obtained":[{"floor":4,"key":"LiquidBronze"},{"floor":8,"key":"BloodPotion"},{"floor":16,"key":"GamblersBrew"},{"floor":18,"key":"FearPotion"},{"floor":28,"key":"FearPotion"},{"floor":35,"key":"Block Potion"},{"floor":41,"key":"Fire Potion"},{"floor":48,"key":"Dexterity Potion"}],"is_trial":false,"path_per_floor":["M","M","?","M","M","E","$","E","T","E","?","$","M","M","R","B",null,"M","?","T","M","$","R","E","?","T","$","E","R","T","M","R","B",null,"M","?","M","$","M","R","E","R","T","E","R","$","E","M","R"],"character_chosen":"IRONCLAD","items_purchased":["Feed","Flex","Strength Potion","Mind Blast","Anger","Bag of Marbles","Singing Bowl","Heavy Blade","Lee\u0027s Waffle","Explosive Potion","Block Potion","Dexterity Potion"],"campfire_rested":4,"item_purchase_floors":[7,7,12,22,22,27,38,38,38,38,46,46],"current_hp_per_floor":[80,80,87,87,87,71,71,57,57,39,39,39,41,49,76,24,93,84,84,84,76,76,76,72,72,72,72,50,78,78,86,86,26,99,99,99,99,106,94,94,85,113,113,102,102,102,84,72,107,0],"gold":82,"neow_bonus":"RANDOM_COMMON_RELIC","is_prod":false,"is_daily":false,"chose_seed":false,"campfire_upgraded":4,"win_rate":0,"timestamp":1537138741,"path_taken":["M","M","?","M","M","E","$","E","T","E","?","$","M","M","R","BOSS","M","?","?","M","?","R","E","?","T","$","E","R","?","M","R","BOSS","M","?","?","$","M","R","E","R","T","E","R","$","E","M","R","BOSS"],"build_version":"2018-09-06","purchased_purges":1,"victory":false,"max_hp_per_floor":[80,80,87,87,87,87,87,90,90,90,90,90,90,93,93,93,93,93,93,93,93,93,93,96,96,96,96,96,96,96,99,99,99,99,99,99,99,106,108,108,111,113,113,113,113,113,113,118,118,118],"card_choices":[{"not_picked":["Twin Strike","Shrug It Off"],"picked":"Wild Strike","floor":1},{"not_picked":["Flex","Shockwave"],"picked":"Reckless Charge","floor":2},{"not_picked":["Clothesline","Rupture"],"picked":"Dual Wield","floor":4},{"not_picked":["Shrug It Off","Searing Blow"],"picked":"Battle Trance","floor":5},{"not_picked":["Twin Strike","Metallicize","Anger"],"picked":"SKIP","floor":6},{"not_picked":["Hemokinesis","Cleave"],"picked":"Intimidate","floor":8},{"not_picked":["Thunderclap","Brutality"],"picked":"Uppercut","floor":10},{"not_picked":["Iron Wave","True Grit"],"picked":"Headbutt","floor":13},{"not_picked":["Body Slam","Pommel Strike"],"picked":"Sever Soul","floor":14},{"not_picked":["Infernal Blade","Warcry"],"picked":"Spot Weakness","floor":15},{"not_picked":["Fiend Fire","Bludgeon"],"picked":"Exhume","floor":16},{"not_picked":["Havoc","Pummel"],"picked":"Inflame","floor":18},{"not_picked":["Perfected Strike","Whirlwind"],"picked":"Wild Strike+1","floor":21},{"not_picked":["Thunderclap","Havoc+1"],"picked":"Shockwave","floor":24},{"not_picked":["Headbutt+1","Feed"],"picked":"Warcry+1","floor":28},{"not_picked":["Headbutt+1","Cleave"],"picked":"Shrug It Off","floor":29},{"not_picked":["Iron Wave","True Grit"],"picked":"Seeing Red","floor":31},{"not_picked":["Offering","Feed"],"picked":"Dark Embrace","floor":33},{"not_picked":["Warcry+1","Headbutt+1"],"picked":"Thunderclap","floor":35},{"not_picked":["Combust+1","Thunderclap+1"],"picked":"Sword Boomerang","floor":37},{"not_picked":["Reckless Charge","Spot Weakness","Heavy Blade+1"],"picked":"Singing Bowl","floor":39},{"not_picked":["Searing Blow","Thunderclap+1"],"picked":"Evolve+1","floor":41},{"not_picked":["Wild Strike+1","Shrug It Off","Intimidate"],"picked":"Singing Bowl","floor":42},{"not_picked":["Offering","Pummel+1"],"picked":"Disarm","floor":44},{"not_picked":["Sword Boomerang+1","Burning Pact+1"],"picked":"Fire Breathing+1","floor":47},{"not_picked":["Wild Strike","Heavy Blade","Warcry+1"],"picked":"Singing Bowl","floor":48},{"not_picked":["Evolve+1","Wild Strike+1"],"picked":"Clothesline+1","floor":49}],"player_experience":270617,"relics_obtained":[{"floor":6,"key":"Letter Opener"},{"floor":8,"key":"PreservedInsect"},{"floor":9,"key":"Dream Catcher"},{"floor":10,"key":"Ornamental Fan"},{"floor":20,"key":"Bag of Preparation"},{"floor":24,"key":"Centennial Puzzle"},{"floor":25,"key":"Bird Faced Urn"},{"floor":26,"key":"Pen Nib"},{"floor":28,"key":"Old Coin"},{"floor":30,"key":"Pantograph"},{"floor":41,"key":"Vajra"},{"floor":43,"key":"Unceasing Top"},{"floor":44,"key":"Mercury Hourglass"},{"floor":47,"key":"Darkstone Periapt"}],"event_choices":[{"event_name":"WeMeetAgain","player_choice":"Card","floor":3,"damage_taken":0},{"event_name":"Golden Idol","player_choice":"Take Wound","floor":11,"damage_taken":0},{"event_name":"The Mausoleum","player_choice":"Yes","floor":19,"damage_taken":0},{"event_name":"Wheel of Change","player_choice":"Relic","floor":25,"damage_taken":0},{"event_name":"Tomb of Lord Red Mask","player_choice":"Ignored","floor":36,"damage_taken":0}],"is_beta":false,"boss_relics":[{"not_picked":["Snecko Eye","Runic Pyramid"],"picked":"Empty Cage"},{"not_picked":["Calling Bell","Philosopher\u0027s Stone"],"picked":"Cursed Key"}],"items_purged_floors":[12],"is_endless":false,"potions_floor_spawned":[4,8,13,14,16,18,28,35,41,48],"killed_by":"Donu and Deca","ascension_level":4}