{"gold_per_floor":[110,110,122,137,137,137,175,7,7,7,48,66,106,130,130,228,228,248,173,173,197,215,215,255,305,328,346,360,360,360,395,395,395],"floor_reached":33,"playtime":1392,"items_purged":["Strike_R"],"score":580,"play_id":"a70b6eb6-e8c5-400b-8550-9836e69f246f","local_time":"20181221165047","is_ascension_mode":true,"campfire_choices":[{"data":"Rampage","floor":6.0,"key":"SMITH"},{"data":"Evolve","floor":15.0,"key":"SMITH"},{"data":"Feel No Pain","floor":23.0,"key":"SMITH"},{"floor":30,"key":"REST"},{"floor":32,"key":"REST"}],"neow_cost":"TEN_PERCENT_HP_LOSS","seed_source_timestamp":14448279197759,"circlet_count":0,"master_deck":["AscendersBane","Strike_R","Defend_R","Defend_R","Defend_R","Defend_R","Bash","Fiend Fire","Rampage+1","Burning Pact","Clothesline","Wild Strike","Evolve+1","Wild Strike","Exhume","Sentinel","Battle Trance","Spot Weakness","Impervious","Feel No Pain+1","Offering","Second Wind","Thunderclap","Feel No Pain"],"special_seed":0,"relics":["Burning Blood","Golden Idol","Happy Flower","Paper Frog","Matryoshka","Vajra","Pocketwatch","Runic Cube","Omamori","Regal Pillow","PreservedInsect","Toxic Egg 2"],"potions_floor_usage":[24,33],"damage_taken":[{"damage":0.0,"enemies":"Cultist","floor":1.0,"turns":2.0},{"damage":9.0,"enemies":"Jaw Worm","floor":3.0,"turns":4.0},{"damage":21.0,"enemies":"Small Slimes","floor":4.0,"turns":3.0},{"damage":20.0,"enemies":"Lagavulin","floor":7.0,"turns":5.0},{"damage":8.0,"enemies":"Gremlin Nob","floor":11.0,"turns":3.0},{"damage":7.0,"enemies":"2 Fungi Beasts","floor":12.0,"turns":3.0},{"damage":15.0,"enemies":"Lagavulin","floor":13.0,"turns":7.0},{"damage":1.0,"enemies":"Looter","floor":14.0,"turns":2.0},{"damage":28.0,"enemies":"Hexaghost","floor":16.0,"turns":9.0},{"damage":6.0,"enemies":"Shell Parasite","floor":18.0,"turns":4.0},{"damage":11.0,"enemies":"Spheric Guardian","floor":21.0,"turns":3.0},{"damage":0.0,"enemies":"Centurion and Healer","floor":22.0,"turns":5.0},{"damage":35,"enemies":"Gremlin Leader","floor":24,"turns":11},{"damage":6,"enemies":"Cultist and Chosen","floor":27,"turns":4},{"damage":6,"enemies":"Chosen and Byrds","floor":28,"turns":5},{"damage":38,"enemies":"Slavers","floor":31,"turns":9},{"damage":57,"enemies":"Collector","floor":33,"turns":6}],"seed_played":"9031884984240244375","potions_obtained":[{"floor":1.0,"key":"Fire Potion"},{"floor":4.0,"key":"Swift Potion"},{"floor":13.0,"key":"LiquidBronze"},{"floor":14.0,"key":"Strength Potion"},{"floor":18.0,"key":"BloodPotion"},{"floor":21.0,"key":"SpeedPotion"},{"floor":31,"key":"PowerPotion"}],"is_trial":false,"path_per_floor":["M","$","M","M","?","R","E","$","T","T","E","M","E","M","R","B",null,"M","?","?","M","M","R","E","?","T","M","M","?","R","E","R","B"],"character_chosen":"IRONCLAD","items_purchased":["Evolve","Wild Strike"],"campfire_rested":2,"item_purchase_floors":[8,8],"current_hp_per_floor":[68,68,65,50,50,50,36,36,36,36,34,33,24,29,29,7,48,48,48,48,43,49,49,20,20,20,20,20,20,53,21,54,0],"gold":395,"neow_bonus":"TRANSFORM_TWO_CARDS","is_prod":false,"is_daily":false,"chose_seed":false,"campfire_upgraded":3,"win_rate":0,"timestamp":1545407447,"path_taken":["M","$","?","M","?","R","E","$","T","?","E","?","E","M","R","BOSS","M","?","?","M","M","R","E","?","T","M","M","?","R","E","R","BOSS"],"build_version":"2018-12-20","purchased_purges":1,"victory":false,"max_hp_per_floor":[68,68,68,68,62,62,62,62,62,62,62,62,62,62,62,62,62,62,62,62,62,62,62,62,62,62,62,62,62,62,62,62,62],"card_choices":[{"not_picked":["Armaments","Perfected Strike"],"picked":"Burning Pact","floor":1.0},{"not_picked":["Blood for Blood","Armaments"],"picked":"Clothesline","floor":3.0},{"not_picked":["Fire Breathing","Havoc","Pommel Strike"],"picked":"SKIP","floor":4.0},{"not_picked":["Rage","Wild Strike","Fiend Fire"],"picked":"SKIP","floor":7.0},{"not_picked":["Rage","Fiend Fire"],"picked":"Wild Strike","floor":7.0},{"not_picked":["Flex","Clash"],"picked":"Exhume","floor":11.0},{"not_picked":["Rupture","Flex"],"picked":"Sentinel","floor":12.0},{"not_picked":["Thunderclap","Cleave"],"picked":"Battle Trance","floor":13.0},{"not_picked":["Fire Breathing","Clothesline"],"picked":"Spot Weakness","floor":14.0},{"not_picked":["Double Tap","Feed"],"picked":"Impervious","floor":16.0},{"not_picked":["Havoc","Perfected Strike+1","Iron Wave"],"picked":"SKIP","floor":18.0},{"not_picked":["Blood for Blood","Flex","Headbutt"],"picked":"SKIP","floor":21.0},{"not_picked":["Sever Soul","Rupture","Flex"],"picked":"SKIP","floor":22.0},{"not_picked":["Rupture","Ghostly Armor+1"],"picked":"Offering","floor":24},{"not_picked":["Carnage+1","Hemokinesis"],"picked":"Second Wind","floor":27},{"not_picked":["Cleave","Wild Strike"],"picked":"Thunderclap","floor":28},{"not_picked":["Flex","Anger"],"picked":"Feel No Pain","floor":31}],"player_experience":776690,"relics_obtained":[{"floor":7.0,"key":"Happy Flower"},{"floor":9.0,"key":"Paper Frog"},{"floor":10.0,"key":"Matryoshka"},{"floor":11.0,"key":"Vajra"},{"floor":13.0,"key":"Pocketwatch"},{"floor":24,"key":"Omamori"},{"floor":26,"key":"Regal Pillow"},{"floor":26,"key":"PreservedInsect"},{"floor":31,"key":"Toxic Egg 2"}],"event_choices":[{"damage_healed":0.0,"max_hp_gain":0.0,"max_hp_loss":6.0,"gold_gain":0.0,"event_name":"Golden Idol","player_choice":"Lose Max HP","floor":5.0,"gold_loss":0.0,"damage_taken":0.0,"relics_obtained":["Golden Idol"]},{"cards_removed":["Strike_R"],"damage_healed":0.0,"max_hp_gain":0.0,"max_hp_loss":0.0,"gold_gain":0.0,"event_name":"Beggar","player_choice":"Gave Gold","floor":19.0,"gold_loss":75.0,"damage_taken":0.0},{"damage_healed":0.0,"max_hp_gain":0.0,"max_hp_loss":0.0,"gold_gain":0.0,"event_name":"The Library","player_choice":"Read","floor":20.0,"gold_loss":0.0,"damage_taken":0.0,"cards_obtained":["Feel No Pain"]},{"damage_healed":0,"gold_gain":50,"player_choice":"Stole From Cult","damage_taken":0,"max_hp_gain":0,"max_hp_loss":0,"event_name":"Nest","floor":25,"gold_loss":0},{"damage_healed":0,"gold_gain":0,"player_choice":"Ignored","damage_taken":0,"max_hp_gain":0,"max_hp_loss":0,"event_name":"Vampires","floor":29,"gold_loss":0}],"is_beta":false,"boss_relics":[{"not_picked":["Eternal Feather","Empty Cage"],"picked":"Runic Cube"}],"items_purged_floors":[8],"is_endless":false,"potions_floor_spawned":[1,4,13,14,18,21,31],"killed_by":"Collector","ascension_level":18}