{"gold_per_floor":[115,115,115,134,151,151,183,183,208,241,241,267,3,15,15,120,120,137,150,150,65,65,65,77,103,103,115,146,146,158,35,35,135,135,150,0,0,17,33,33,66,83,129,139,139,0,100,119,119,119],"floor_reached":51,"playtime":3542,"items_purged":["Defend_R"],"score":1044,"play_id":"767bd2cc-fdc6-4363-84f0-94db15fa0259","local_time":"20190129120004","is_ascension_mode":true,"campfire_choices":[{"data":"Havoc","floor":6.0,"key":"SMITH"},{"data":"Uppercut","floor":8.0,"key":"SMITH"},{"data":"Cleave","floor":11.0,"key":"SMITH"},{"data":"Flex","floor":15,"key":"SMITH"},{"data":"Heavy Blade","floor":23,"key":"SMITH"},{"data":"Shockwave","floor":29,"key":"SMITH"},{"floor":32,"key":"REST"},{"floor":40,"key":"REST"},{"floor":49,"key":"REST"}],"neow_cost":"NONE","seed_source_timestamp":5131514050810,"circlet_count":0,"master_deck":["Defend_R","Defend_R","Defend_R","Bash+1","Impervious","Uppercut+1","Uppercut+1","Havoc+1","Cleave+1","Battle Trance","Spot Weakness","Flex+1","Spot Weakness+1","Headbutt+1","Feed+1","Heavy Blade+1","Thunderclap+1","Warcry","Pommel Strike+1","Twin Strike+1","Shockwave+1","Flex+1","Offering","Parasite","Warcry+1","Dropkick+1","Inflame+1","Swift Strike","Inflame+1"],"special_seed":0,"relics":["Burning Blood","Bronze Scales","Boot","Strawberry","Orichalcum","Lee\u0027s Waffle","Astrolabe","Frozen Egg 2","Vajra","Letter Opener","Whetstone","Sozu","Happy Flower","Meat on the Bone","Centennial Puzzle","Red Mask","Gambling Chip"],"potions_floor_usage":[28,28,41,41,50],"damage_taken":[{"damage":3.0,"enemies":"2 Louse","floor":1.0,"turns":4.0},{"damage":4.0,"enemies":"Jaw Worm","floor":4.0,"turns":4.0},{"damage":0.0,"enemies":"Cultist","floor":5.0,"turns":3.0},{"damage":35.0,"enemies":"3 Sentries","floor":7.0,"turns":8.0},{"damage":28.0,"enemies":"Gremlin Nob","floor":10.0,"turns":4.0},{"damage":25.0,"enemies":"Lagavulin","floor":12.0,"turns":5.0},{"damage":3,"enemies":"2 Fungi Beasts","floor":14,"turns":2},{"damage":18,"enemies":"Slime Boss","floor":16,"turns":10},{"damage":17,"enemies":"Shell Parasite","floor":18,"turns":4},{"damage":5,"enemies":"Spheric Guardian","floor":19,"turns":3},{"damage":3,"enemies":"Snecko","floor":24,"turns":5},{"damage":17,"enemies":"Book of Stabbing","floor":25,"turns":3},{"damage":12,"enemies":"Shelled Parasite and Fungi","floor":27,"turns":3},{"damage":35,"enemies":"Slavers","floor":28,"turns":6},{"damage":7,"enemies":"Centurion and Healer","floor":30,"turns":4},{"damage":9,"enemies":"Collector","floor":33,"turns":5},{"damage":13,"enemies":"Orb Walker","floor":35,"turns":2},{"damage":17,"enemies":"3 Darklings","floor":38,"turns":3},{"damage":29,"enemies":"Writhing Mass","floor":39,"turns":3},{"damage":41,"enemies":"Giant Head","floor":41,"turns":6},{"damage":6,"enemies":"Sphere and 2 Shapes","floor":42,"turns":3},{"damage":9,"enemies":"Jaw Worm Horde","floor":44,"turns":3},{"damage":24,"enemies":"Mind Bloom Boss Battle","floor":47,"turns":3},{"damage":16,"enemies":"4 Shapes","floor":48,"turns":2},{"damage":82,"enemies":"Time Eater","floor":50,"turns":6}],"seed_played":"-8545027249430992311","potions_obtained":[{"floor":1.0,"key":"Regen Potion"},{"floor":7.0,"key":"Energy Potion"},{"floor":18,"key":"Weak Potion"},{"floor":19,"key":"Regen Potion"},{"floor":30,"key":"LiquidBronze"},{"floor":33,"key":"Fruit Juice"}],"is_trial":false,"path_per_floor":["?","?","M","?","?","?","$","?","?","?","?"],"character_chosen":"IRONCLAD","items_purchased":["Lee\u0027s Waffle","Flex","Strength Potion","Happy Flower"],"campfire_rested":3,"item_purchase_floors":[13,13,31,36],"current_hp_per_floor":[75,80,80,82,85,85,56,56,56,50,50,31,99,99,99,87,96,85,86,86,86,86,86,89,78,78,76,62,62,61,61,91,88,99,92,92,92,81,58,87,57,69,69,66,66,66,64,66,98,34],"gold":119,"neow_bonus":"ONE_RANDOM_RARE_CARD","is_prod":false,"is_daily":false,"chose_seed":false,"campfire_upgraded":6,"win_rate":0,"timestamp":1548734404,"path_taken":["M","?","?","M","M","R","E","R","T","E","R","E","$","M","R","BOSS","M","?","?","?","?","R","M","E","T","M","E","R","M","?","R","BOSS","M","$","?","M","M","R","E","M","T","M","?","?","?","M","R","BOSS"],"build_version":"2019-01-23","purchased_purges":1,"victory":true,"max_hp_per_floor":[80,85,85,85,85,85,85,85,85,92,92,92,99,99,99,99,99,99,99,99,99,99,99,99,99,99,103,103,103,103,103,103,103,103,103,103,98,98,98,98,103,103,103,103,103,103,107,107,107,107],"card_choices":[{"not_picked":["Intimidate","Rampage"],"picked":"Uppercut","floor":1.0},{"not_picked":["Carnage","Armaments"],"picked":"Havoc","floor":4.0},{"not_picked":["Clash","Havoc"],"picked":"Cleave","floor":5.0},{"not_picked":["Wild Strike","Double Tap"],"picked":"Battle Trance","floor":7.0},{"not_picked":["Uppercut","Warcry","Evolve"],"picked":"SKIP","floor":10.0},{"not_picked":["Cleave","True Grit"],"picked":"Spot Weakness","floor":12.0},{"not_picked":["Perfected Strike","True Grit","Armaments"],"picked":"SKIP","floor":14},{"not_picked":["Wild Strike","Anger+1"],"picked":"Heavy Blade","floor":18},{"not_picked":["Headbutt","Power Through"],"picked":"Thunderclap+1","floor":19},{"not_picked":["Sever Soul","Entrench","Combust+1"],"picked":"SKIP","floor":24},{"not_picked":["Shrug It Off","Warcry"],"picked":"Pommel Strike+1","floor":25},{"not_picked":["Heavy Blade","Combust+1"],"picked":"Twin Strike+1","floor":27},{"not_picked":["Clash+1","Wild Strike"],"picked":"Shockwave","floor":28},{"not_picked":["Bloodletting","Shrug It Off"],"picked":"Flex+1","floor":30},{"not_picked":["Double Tap","Juggernaut+1"],"picked":"Offering","floor":33},{"not_picked":["Rampage+1","Anger+1","Body Slam+1"],"picked":"SKIP","floor":35},{"not_picked":["Armaments+1","Seeing Red","Iron Wave+1"],"picked":"SKIP","floor":38},{"not_picked":["Anger","True Grit"],"picked":"Warcry+1","floor":39},{"not_picked":["Thunderclap+1","Blood for Blood"],"picked":"Dropkick+1","floor":41},{"not_picked":["Iron Wave","Combust+1","Uppercut"],"picked":"SKIP","floor":42},{"not_picked":["Combust+1","Body Slam+1"],"picked":"Inflame+1","floor":44},{"not_picked":["Dramatic Entrance","Secret Technique"],"picked":"Swift Strike","floor":45},{"not_picked":["Sword Boomerang","Anger"],"picked":"Inflame+1","floor":48}],"player_experience":113491,"relics_obtained":[{"floor":7.0,"key":"Bronze Scales"},{"floor":9.0,"key":"Boot"},{"floor":10.0,"key":"Strawberry"},{"floor":12.0,"key":"Orichalcum"},{"floor":25,"key":"Vajra"},{"floor":26,"key":"Letter Opener"},{"floor":28,"key":"Whetstone"},{"floor":41,"key":"Meat on the Bone"},{"floor":43,"key":"Centennial Puzzle"},{"floor":47,"key":"Gambling Chip"}],"event_choices":[{"damage_healed":0.0,"max_hp_gain":5.0,"max_hp_loss":0.0,"gold_gain":0.0,"event_name":"Big Fish","player_choice":"Donut","floor":2.0,"gold_loss":0.0,"damage_taken":0.0},{"damage_healed":0.0,"max_hp_gain":0.0,"max_hp_loss":0.0,"gold_gain":0.0,"cards_transformed":["Strike_R"],"event_name":"Transmorgrifier","player_choice":"Transformed","floor":3.0,"gold_loss":0.0,"damage_taken":0.0,"cards_obtained":["Uppercut"]},{"cards_removed":["Strike_R"],"damage_healed":0,"gold_gain":0,"player_choice":"Elegance","damage_taken":0,"max_hp_gain":0,"max_hp_loss":0,"event_name":"Back to Basics","floor":20,"gold_loss":0},{"damage_healed":0,"gold_gain":0,"player_choice":"Obtained Relic","damage_taken":0,"relics_obtained":["Frozen Egg 2"],"max_hp_gain":0,"max_hp_loss":0,"event_name":"Addict","floor":21,"gold_loss":85},{"damage_healed":0,"gold_gain":0,"player_choice":"Read","damage_taken":0,"max_hp_gain":0,"max_hp_loss":0,"event_name":"The Library","floor":22,"gold_loss":0,"cards_obtained":["Warcry"]},{"damage_healed":0,"gold_gain":0,"player_choice":"Max HP","damage_taken":0,"max_hp_gain":0,"max_hp_loss":5,"event_name":"Winding Halls","floor":37,"gold_loss":0},{"damage_healed":0,"gold_gain":0,"player_choice":"Memory 1","damage_taken":0,"max_hp_gain":0,"max_hp_loss":0,"event_name":"SensoryStone","floor":45,"gold_loss":0},{"damage_healed":0,"gold_gain":0,"player_choice":"Paid","damage_taken":0,"relics_obtained":["Red Mask"],"max_hp_gain":0,"max_hp_loss":0,"event_name":"Tomb of Lord Red Mask","floor":46,"gold_loss":139},{"damage_healed":0,"gold_gain":0,"player_choice":"Fight","damage_taken":0,"max_hp_gain":0,"max_hp_loss":0,"event_name":"MindBloom","floor":47,"gold_loss":0}],"is_beta":false,"boss_relics":[{"not_picked":["Cursed Key","Lizard Tail"],"picked":"Astrolabe"},{"not_picked":["Runic Dome","Fusion Hammer"],"picked":"Sozu"}],"items_purged_floors":[31],"is_endless":false,"potions_floor_spawned":[1,7,18,19,27,30,33,35,38,47,48],"ascension_level":8}