{"gold_per_floor":[115,127,92,92,102,128,128,138,161,161,191,203,248,276,288,300],"floor_reached":16,"playtime":1098,"items_purged":[],"score":168,"play_id":"db20b4da-386a-4bae-9ce9-735cba18f992","local_time":"20190221195701","is_ascension_mode":true,"campfire_choices":[{"floor":7,"key":"REST"},{"floor":10,"key":"REST"},{"data":"True Grit","floor":15,"key":"SMITH"}],"neow_cost":"PERCENT_DAMAGE","seed_source_timestamp":452711666194932,"circlet_count":0,"master_deck":["Strike_R","Strike_R","Strike_R","Strike_R","Strike_R","Defend_R","Defend_R","Defend_R","Defend_R","Bash","Limit Break","Pommel Strike","True Grit+1","Pommel Strike","Double Tap","Battle Trance","Clothesline","Perfected Strike","Reaper","Reaper"],"relics":["Burning Blood","Bag of Marbles","Dream Catcher","Oddly Smooth Stone","MawBank","Bag of Preparation"],"potions_floor_usage":[11,11,13],"damage_taken":[{"damage":16,"enemies":"Cultist","floor":1,"turns":4},{"damage":0,"enemies":"Small Slimes","floor":2,"turns":3},{"damage":0,"enemies":"Jaw Worm","floor":5,"turns":4},{"damage":48,"enemies":"Lagavulin","floor":6,"turns":6},{"damage":5,"enemies":"2 Fungi Beasts","floor":8,"turns":5},{"damage":28,"enemies":"3 Sentries","floor":11,"turns":9},{"damage":29,"enemies":"Lagavulin","floor":13,"turns":4},{"damage":12,"enemies":"Lots of Slimes","floor":14,"turns":2},{"damage":97,"enemies":"Hexaghost","floor":16,"turns":14}],"seed_played":"-5187885020687270302","potions_obtained":[{"floor":5,"key":"LiquidBronze"},{"floor":6,"key":"Block Potion"},{"floor":8,"key":"LiquidBronze"},{"floor":13,"key":"Strength Potion"}],"is_trial":false,"path_per_floor":["M","M","?","?","M","E","R","M","T","R","E","?","E","M","R","B"],"character_chosen":"IRONCLAD","items_purchased":[],"campfire_rested":2,"item_purchase_floors":[],"current_hp_per_floor":[41,47,67,55,61,19,43,44,44,68,46,46,23,79,79,0],"gold":300,"neow_bonus":"THREE_RARE_CARDS","is_prod":false,"is_daily":false,"chose_seed":false,"campfire_upgraded":1,"win_rate":0,"timestamp":1550775421,"path_taken":["M","M","?","?","?","E","R","M","T","R","E","?","E","M","R","BOSS"],"build_version":"2019-01-23","purchased_purges":0,"victory":false,"max_hp_per_floor":[80,80,80,80,80,80,80,80,80,80,80,80,80,80,80,80],"card_choices":[{"not_picked":["Bludgeon","Dark Embrace"],"picked":"Limit Break","floor":0},{"not_picked":["Body Slam","Sentinel"],"picked":"Pommel Strike","floor":1},{"not_picked":["Evolve","Body Slam"],"picked":"True Grit","floor":2},{"not_picked":["Heavy Blade","Hemokinesis","Fire Breathing"],"picked":"SKIP","floor":5},{"not_picked":["Evolve","Sword Boomerang"],"picked":"Pommel Strike","floor":6},{"not_picked":["Thunderclap","Clash"],"picked":"Double Tap","floor":7},{"not_picked":["Anger","Sentinel"],"picked":"Battle Trance","floor":8},{"not_picked":["Sever Soul","Anger"],"picked":"Clothesline","floor":10},{"not_picked":["Warcry","Anger"],"picked":"Perfected Strike","floor":11},{"not_picked":["Shrug It Off","Armaments"],"picked":"Reaper","floor":13},{"not_picked":["Burning Pact","Heavy Blade","Thunderclap"],"picked":"SKIP","floor":14}],"player_experience":439536,"relics_obtained":[{"floor":6,"key":"Dream Catcher"},{"floor":9,"key":"Oddly Smooth Stone"},{"floor":11,"key":"MawBank"},{"floor":13,"key":"Bag of Preparation"}],"event_choices":[{"damage_healed":20,"gold_gain":0,"player_choice":"Healed","damage_taken":0,"max_hp_gain":0,"max_hp_loss":0,"event_name":"The Cleric","floor":3,"gold_loss":35},{"damage_healed":0,"gold_gain":0,"player_choice":"Success","damage_taken":12,"relics_obtained":["Bag of Marbles"],"max_hp_gain":0,"max_hp_loss":0,"event_name":"Scrap Ooze","floor":4,"gold_loss":0},{"damage_healed":0,"gold_gain":0,"player_choice":"1 cards matched","damage_taken":0,"max_hp_gain":0,"max_hp_loss":0,"event_name":"Match and Keep!","floor":12,"gold_loss":0,"cards_obtained":["Reaper"]}],"is_beta":false,"boss_relics":[],"items_purged_floors":[],"is_endless":false,"potions_floor_spawned":[5,6,8,13],"killed_by":"Hexaghost","ascension_level":8}