{"gold_per_floor":[109,70,145,162,162,162,181,207,207,207,221,221,235,185,185,290,290,307,322,340,354,19,19,50,18,18,18,34,34,52,133,133,230,230,250,265,265,265,275,275,275],"floor_reached":41,"playtime":3901,"items_purged":[],"score":560,"play_id":"d5429ee9-3d0e-4bc3-8b83-58d65ed876b0","local_time":"20180917164820","is_ascension_mode":true,"campfire_choices":[{"data":"Zap","floor":6.0,"key":"SMITH"},{"data":"Dualcast","floor":10.0,"key":"SMITH"},{"floor":15.0,"key":"REST"},{"floor":23.0,"key":"REST"},{"floor":27.0,"key":"REST"},{"floor":32.0,"key":"REST"},{"floor":40,"key":"REST"}],"neow_cost":"","seed_source_timestamp":0,"circlet_count":0,"master_deck":["Strike_B","Defend_B","Defend_B","Defend_B","Zap+1","Dualcast+1","Go for the Eyes","Doom and Gloom","Gash","Loop+1","Skim","Conserve Battery","Echo Form","Leap+1","Lockon","Steam","Doom and Gloom","Conserve Battery+1","Reinforced Body","Fission"],"special_seed":0,"relics":["Cracked Core","NlothsMask","Regal Pillow","Nuclear Battery","Mango","The Courier","Oddly Smooth Stone","Kunai","Empty Cage"],"potions_floor_usage":[36,37],"damage_taken":[{"damage":0.0,"enemies":"Small Slimes","floor":1.0,"turns":3.0},{"damage":1.0,"enemies":"2 Louse","floor":4.0,"turns":2.0},{"damage":7.0,"enemies":"Jaw Worm","floor":7.0,"turns":4.0},{"damage":25.0,"enemies":"3 Sentries","floor":8.0,"turns":7.0},{"damage":9.0,"enemies":"Blue Slaver","floor":11.0,"turns":3.0},{"damage":16.0,"enemies":"Exordium Thugs","floor":13.0,"turns":4.0},{"damage":27.0,"enemies":"Hexaghost","floor":16.0,"turns":9.0},{"damage":23.0,"enemies":"Spheric Guardian","floor":18.0,"turns":4.0},{"damage":1.0,"enemies":"3 Byrds","floor":19.0,"turns":3.0},{"damage":29.0,"enemies":"Sentry and Sphere","floor":20.0,"turns":7.0},{"damage":5.0,"enemies":"Chosen and Byrds","floor":21.0,"turns":4.0},{"damage":21.0,"enemies":"Gremlin Leader","floor":24.0,"turns":6.0},{"damage":18.0,"enemies":"Centurion and Healer","floor":28.0,"turns":6.0},{"damage":6.0,"enemies":"3 Cultists","floor":30.0,"turns":3.0},{"damage":29.0,"enemies":"Champ","floor":33.0,"turns":11.0},{"damage":21,"enemies":"3 Shapes","floor":35,"turns":8},{"damage":24,"enemies":"3 Darklings","floor":36,"turns":6},{"damage":0,"enemies":"Spire Growth","floor":37,"turns":1},{"damage":20,"enemies":"Reptomancer","floor":39,"turns":6},{"damage":68,"enemies":"Nemesis","floor":41,"turns":7}],"seed_played":"3651082036165325271","potions_obtained":[{"floor":4.0,"key":"EssenceOfSteel"},{"floor":7.0,"key":"Regen Potion"},{"floor":16.0,"key":"PowerPotion"},{"floor":19.0,"key":"Dexterity Potion"},{"floor":28.0,"key":"SmokeBomb"},{"floor":33.0,"key":"Swift Potion"},{"floor":36,"key":"Poison Potion"}],"is_trial":false,"path_per_floor":["M","$","?","M","?","R","M","E","T","R","M","?","M","?","R","B",null,"M","M","M","M","$","R","E","$","T","R","M","?","M","T","R","B",null,"M","M","M","?","M","R"],"character_chosen":"DEFECT","items_purchased":["Doom and Gloom","Mango","Steam","Doom and Gloom"],"campfire_rested":5,"item_purchase_floors":[2,22,22,25],"current_hp_per_floor":[68,68,57,56,56,56,49,39,39,39,30,30,14,14,51,24,62,39,38,9,4,18,59,38,38,38,79,61,61,55,55,89,60,82,61,37,37,37,17,58,0],"gold":275,"neow_bonus":"","is_prod":false,"is_daily":false,"chose_seed":false,"campfire_upgraded":2,"win_rate":0,"timestamp":1537195700,"path_taken":["M","$","?","M","?","R","M","E","T","R","M","?","?","?","R","BOSS","M","M","M","M","$","R","E","$","T","R","M","?","M","?","R","BOSS","M","M","M","?","M","R","E"],"build_version":"2018-09-06","purchased_purges":0,"victory":false,"max_hp_per_floor":[75,75,75,75,75,75,75,75,75,75,75,75,75,75,75,75,75,75,75,75,75,89,89,89,89,89,89,89,89,89,89,89,89,89,89,89,89,89,89,89,89],"card_choices":[{"not_picked":["Turbo","Aggregate"],"picked":"Go for the Eyes","floor":1.0},{"not_picked":["Turbo","Storm"],"picked":"Gash","floor":4.0},{"not_picked":["Streamline","Sunder","Melter"],"picked":"SKIP","floor":7.0},{"not_picked":["Capacitor","Sweeping Beam"],"picked":"Loop","floor":8.0},{"not_picked":["Heatsinks","Stack"],"picked":"Skim","floor":11.0},{"not_picked":["Fusion","Doom and Gloom"],"picked":"Conserve Battery","floor":13.0},{"not_picked":["Machine Learning","Hyperbeam"],"picked":"Echo Form","floor":16.0},{"not_picked":["Undo+1","Coolheaded"],"picked":"Leap+1","floor":18.0},{"not_picked":["Beam Cell+1","Coolheaded+1","Scrape"],"picked":"SKIP","floor":19.0},{"not_picked":["Cold Snap","Aggregate+1"],"picked":"Lockon","floor":20.0},{"not_picked":["Defragment","Compile Driver+1","Heatsinks"],"picked":"SKIP","floor":21.0},{"not_picked":["Heatsinks","Coolheaded","Streamline"],"picked":"SKIP","floor":24.0},{"not_picked":["Electrodynamics","Blizzard"],"picked":"Conserve Battery+1","floor":28.0},{"not_picked":["Conserve Battery","Static Discharge","Reinforced Body"],"picked":"SKIP","floor":30.0},{"not_picked":["Conserve Battery","Static Discharge"],"picked":"Reinforced Body","floor":30.0},{"not_picked":["Electrodynamics","Machine Learning"],"picked":"Fission","floor":33.0},{"not_picked":["Rip and Tear+1","Consume","Turbo+1"],"picked":"SKIP","floor":35},{"not_picked":["White Noise+1","Turbo","Tempest+1"],"picked":"SKIP","floor":36},{"not_picked":["Compile Driver+1","Cold Snap","Steam Power"],"picked":"SKIP","floor":39}],"player_experience":419146,"relics_obtained":[{"floor":8.0,"key":"Regal Pillow"},{"floor":24.0,"key":"The Courier"},{"floor":26.0,"key":"Oddly Smooth Stone"},{"floor":31.0,"key":"Kunai"}],"event_choices":[{"event_name":"World of Goop","player_choice":"Gather Gold","floor":3.0,"damage_taken":0.0},{"event_name":"FaceTrader","player_choice":"Trade","floor":5.0,"damage_taken":0.0},{"event_name":"Upgrade Shrine","player_choice":"Upgraded","floor":12.0,"damage_taken":0.0},{"event_name":"The Cleric","player_choice":"Card Removal","floor":14.0,"damage_taken":0.0},{"event_name":"Ghosts","player_choice":"Ignored","floor":29.0,"damage_taken":0.0},{"event_name":"Falling","player_choice":"Removed Attack","floor":38,"damage_taken":0}],"is_beta":false,"boss_relics":[{"not_picked":["FrozenCore","Pandora\u0027s Box"],"picked":"Nuclear Battery"},{"not_picked":["Astrolabe","Orrery"],"picked":"Empty Cage"}],"items_purged_floors":[],"is_endless":false,"potions_floor_spawned":[4,7,16,19,28,33,36,37],"killed_by":"Nemesis","ascension_level":7}