{"gold_per_floor":[114,126,126,142,142,142,155,188,214,214,214,214,33,49,49,148,148,167,82,14,24,0,0,32,32,57,69,69,85,104,4,4,106,106,117,117,117,128,128,128],"floor_reached":40,"playtime":1379,"items_purged":["Strike_B","Strike_B"],"score":613,"play_id":"332b443c-4935-4d6e-93ae-62de234fd985","local_time":"20180913151142","is_ascension_mode":true,"campfire_choices":[{"floor":6,"key":"REST"},{"data":"Zap","floor":10,"key":"SMITH"},{"data":"Dualcast","floor":12,"key":"SMITH"},{"floor":15,"key":"REST"},{"data":"Blind","floor":23,"key":"SMITH"},{"floor":25,"key":"REST"},{"floor":32,"key":"REST"}],"neow_cost":"NONE","seed_source_timestamp":97239243009162,"circlet_count":0,"master_deck":["Defend_B","Zap+1","Dualcast+1","Ball Lightning+1","Steam","Leap","Doom and Gloom+1","Blind+1","Loop","Machine Learning","Self Repair","Darkness+1","Steam","Conserve Battery","Core Surge","Madness","Madness"],"relics":["Empty Cage","Oddly Smooth Stone","Ancient Tea Set","Whetstone","Runic Pyramid","Vajra","Symbiotic Virus","Omamori","Sozu"],"potions_floor_usage":[8,8,21,24,27,40],"damage_taken":[{"damage":17,"enemies":"Small Slimes","floor":1,"turns":3},{"damage":3,"enemies":"2 Louse","floor":2,"turns":3},{"damage":1,"enemies":"Cultist","floor":4,"turns":3},{"damage":22,"enemies":"Lots of Slimes","floor":7,"turns":5},{"damage":16,"enemies":"3 Sentries","floor":8,"turns":7},{"damage":0,"enemies":"Looter","floor":14,"turns":3},{"damage":0,"enemies":"Slime Boss","floor":16,"turns":5},{"damage":16,"enemies":"Shell Parasite","floor":18,"turns":5},{"damage":14,"enemies":"3 Byrds","floor":21,"turns":4},{"damage":32,"enemies":"Book of Stabbing","floor":24,"turns":5},{"damage":2,"enemies":"Cultist and Chosen","floor":27,"turns":3},{"damage":13,"enemies":"Snake Plant","floor":29,"turns":3},{"damage":14,"enemies":"Centurion and Healer","floor":30,"turns":4},{"damage":8,"enemies":"Automaton","floor":33,"turns":8},{"damage":19,"enemies":"3 Darklings","floor":35,"turns":5},{"damage":2,"enemies":"3 Shapes","floor":38,"turns":5},{"damage":53,"enemies":"2 Orb Walkers","floor":40,"turns":4}],"seed_played":"-6141735772777241027","potions_obtained":[{"floor":1,"key":"Energy Potion"},{"floor":2,"key":"Regen Potion"},{"floor":8,"key":"Ancient Potion"},{"floor":18,"key":"Block Potion"},{"floor":21,"key":"Fire Potion"},{"floor":24,"key":"AttackPotion"},{"floor":30,"key":"Block Potion"}],"is_trial":false,"path_per_floor":["M","M","?","M","?","R","M","E","T","R","?","R","$","M","R","B",null,"M","?","$","M","?","R","E","R","T","M","?","M","M","$","R","B",null,"M","?","?","M","?"],"character_chosen":"DEFECT","items_purchased":["Blind","Self Repair"],"campfire_rested":4,"item_purchase_floors":[13,20],"current_hp_per_floor":[51,48,48,47,29,51,29,28,28,28,28,28,28,28,50,50,69,53,53,53,46,46,46,21,43,43,48,48,35,28,28,50,49,69,57,48,48,53,53,0],"gold":128,"neow_bonus":"BOSS_RELIC","is_prod":false,"is_daily":false,"chose_seed":false,"campfire_upgraded":3,"win_rate":0,"timestamp":1536844302,"path_taken":["M","M","?","?","?","R","M","E","T","R","?","R","$","M","R","BOSS","M","?","$","M","?","R","E","R","T","M","?","?","?","$","R","BOSS","M","?","?","M","?","E"],"build_version":"2018-09-06","purchased_purges":2,"victory":false,"max_hp_per_floor":[75,75,75,75,75,75,75,75,75,75,75,75,75,75,75,75,75,75,75,75,75,75,75,75,75,75,75,75,75,75,75,75,75,75,75,75,75,75,75,75],"card_choices":[{"not_picked":["Chaos","Sweeping Beam"],"picked":"Ball Lightning","floor":1},{"not_picked":["Tempest","Darkness"],"picked":"Steam","floor":2},{"not_picked":["Coolheaded","Doom and Gloom"],"picked":"Leap","floor":4},{"not_picked":["Rebound","Coolheaded","Stack"],"picked":"SKIP","floor":7},{"not_picked":["Consume","Chaos"],"picked":"Doom and Gloom","floor":8},{"not_picked":["Reprogram","Blizzard"],"picked":"Loop","floor":14},{"not_picked":["Creative AI","Echo Form"],"picked":"Machine Learning","floor":16},{"not_picked":["Steam","Hologram","Streamline"],"picked":"SKIP","floor":18},{"not_picked":["Steam Power+1","Rebound","Genetic Algorithm+1"],"picked":"SKIP","floor":21},{"not_picked":["Redo","Beam Cell"],"picked":"Darkness+1","floor":24},{"not_picked":["Go for the Eyes","Hologram","Leap"],"picked":"SKIP","floor":27},{"not_picked":["Turbo","Hologram"],"picked":"Steam","floor":29},{"not_picked":["Recycle","Ball Lightning"],"picked":"Conserve Battery","floor":30},{"not_picked":["Amplify","Hyperbeam"],"picked":"Core Surge","floor":33},{"not_picked":["Leap+1","Coolheaded+1","Steam Power+1"],"picked":"SKIP","floor":35},{"not_picked":["Beam Cell","Coolheaded","Barrage+1"],"picked":"SKIP","floor":38}],"player_experience":410121,"relics_obtained":[{"floor":8,"key":"Ancient Tea Set"},{"floor":9,"key":"Whetstone"},{"floor":24,"key":"Symbiotic Virus"},{"floor":26,"key":"Omamori"}],"event_choices":[{"event_name":"Living Wall","player_choice":"Forget","floor":3,"damage_taken":0},{"event_name":"Scrap Ooze","player_choice":"success","floor":5,"damage_taken":18},{"event_name":"Purifier","player_choice":"One Purge","floor":11,"damage_taken":0},{"event_name":"Addict","player_choice":"Obtained Relic","floor":19,"damage_taken":0},{"event_name":"Masked Bandits","player_choice":"Paid Fearfully","floor":22,"damage_taken":0},{"event_name":"Wheel of Change","player_choice":"Curse","floor":28,"damage_taken":0},{"event_name":"Winding Halls","player_choice":"Embrace Madness","floor":36,"damage_taken":0},{"event_name":"Wheel of Change","player_choice":"Card Removal","floor":37,"damage_taken":0},{"event_name":"SensoryStone","player_choice":"Memory 1","floor":39,"damage_taken":0}],"is_beta":false,"boss_relics":[{"not_picked":["Lizard Tail","Coffee Dripper"],"picked":"Runic Pyramid"},{"not_picked":["Inserter","Calling Bell"],"picked":"Sozu"}],"items_purged_floors":[13,31],"is_endless":false,"potions_floor_spawned":[1,2,8,18,21,24,30,35,38],"killed_by":"2 Orb Walkers","ascension_level":7}