{"gold_per_floor":[112,123,142,142,33,33,63,82,107,107,107,140,140],"floor_reached":13,"playtime":546,"items_purged":[],"score":167,"play_id":"a73ecaf2-dce7-467a-b8ec-8e06965b065c","local_time":"20181110143108","is_ascension_mode":true,"campfire_choices":[{"data":"Streamline","floor":6,"key":"SMITH"},{"floor":11,"key":"REST"}],"neow_cost":"NONE","seed_source_timestamp":4508062846922,"circlet_count":0,"master_deck":["AscendersBane","Strike_B","Strike_B","Strike_B","Defend_B","Defend_B","Defend_B","Defend_B","Zap+1","Dualcast","Capacitor","Cold Snap","Coolheaded","Streamline+1","Barrage","Conserve Battery","Compile Driver"],"relics":["Cracked Core","Art of War","Omamori","Ancient Tea Set","Bronze Scales"],"potions_floor_usage":[7,12],"damage_taken":[{"damage":0,"enemies":"2 Louse","floor":1,"turns":3},{"damage":1,"enemies":"Cultist","floor":2,"turns":3},{"damage":3,"enemies":"Jaw Worm","floor":3,"turns":4},{"damage":32,"enemies":"3 Sentries","floor":7,"turns":7},{"damage":13,"enemies":"Gremlin Gang","floor":8,"turns":6},{"damage":26,"enemies":"Gremlin Nob","floor":12,"turns":4},{"damage":10,"enemies":"2 Fungi Beasts","floor":13,"turns":2}],"seed_played":"-8745718150741283851","potions_obtained":[{"floor":2,"key":"Poison Potion"},{"floor":8,"key":"SpeedPotion"}],"is_trial":false,"path_per_floor":["M","M","M","?","$","R","E","M","T","?","R","E","M"],"character_chosen":"DEFECT","items_purchased":["Coolheaded","Streamline"],"campfire_rested":1,"item_purchase_floors":[5,5],"current_hp_per_floor":[64,63,60,60,60,60,28,15,15,15,36,10,0],"gold":140,"neow_bonus":"UPGRADE_CARD","is_prod":false,"is_daily":false,"chose_seed":false,"campfire_upgraded":1,"win_rate":0,"timestamp":1541856668,"path_taken":["M","M","M","?","$","R","E","?","T","?","R","E","M"],"build_version":"2018-11-08","purchased_purges":0,"victory":false,"max_hp_per_floor":[71,71,71,71,71,71,71,71,71,71,71,71,71],"card_choices":[{"not_picked":["Stack","Coolheaded"],"picked":"Go for the Eyes","floor":1},{"not_picked":["Stack","Hologram"],"picked":"Capacitor","floor":2},{"not_picked":["Hologram","Turbo"],"picked":"Cold Snap","floor":3},{"not_picked":["Chaos","Coolheaded"],"picked":"Barrage","floor":7},{"not_picked":["Sweeping Beam","Rip and Tear"],"picked":"Conserve Battery","floor":8},{"not_picked":["FTL","Skim"],"picked":"Compile Driver","floor":12}],"player_experience":646139,"relics_obtained":[{"floor":7,"key":"Art of War"},{"floor":9,"key":"Omamori"},{"floor":12,"key":"Bronze Scales"}],"event_choices":[{"cards_removed":["Strike_B"],"damage_healed":0,"gold_gain":0,"player_choice":"Offered Basic","damage_taken":0,"max_hp_gain":0,"max_hp_loss":0,"event_name":"Bonfire Elementals","floor":4,"gold_loss":0},{"cards_removed":["Go for the Eyes"],"damage_healed":0,"gold_gain":0,"player_choice":"Gave Card","damage_taken":0,"relics_obtained":["Ancient Tea Set"],"max_hp_gain":0,"max_hp_loss":0,"event_name":"WeMeetAgain","floor":10,"gold_loss":0}],"is_beta":false,"boss_relics":[],"items_purged_floors":[],"is_endless":false,"potions_floor_spawned":[2,8],"killed_by":"2 Fungi Beasts","ascension_level":16}