{"gold_per_floor":[109,109,119,119,131,131,131,6,6,6,6,23,37,71,71,71],"floor_reached":16,"playtime":709,"items_purged":[],"score":180,"play_id":"51c45d74-3620-459a-b58c-38759bd90da6","local_time":"20190131125210","is_ascension_mode":true,"campfire_choices":[{"data":"Bash","floor":6.0,"key":"SMITH"},{"data":"Flash of Steel","floor":11.0,"key":"SMITH"},{"data":"Armaments","floor":15.0,"key":"SMITH"}],"neow_cost":"NONE","seed_source_timestamp":82200525274769,"circlet_count":0,"master_deck":["AscendersBane","Strike_R","Strike_R","Strike_R","Strike_R","Defend_R","Defend_R","Defend_R","Defend_R","Bash+1","Wild Strike","Thunderclap","Feel No Pain","Flash of Steel+1","Shrug It Off","Armaments+1","Limit Break"],"special_seed":0,"relics":["Burning Blood","NeowsBlessing","Matryoshka","Boot","Question Card","Potion Belt"],"potions_floor_usage":[16],"damage_taken":[{"damage":0.0,"enemies":"Cultist","floor":1.0,"turns":1.0},{"damage":0.0,"enemies":"Small Slimes","floor":3.0,"turns":1.0},{"damage":0.0,"enemies":"Jaw Worm","floor":5.0,"turns":1.0},{"damage":0.0,"enemies":"Exordium Thugs","floor":12.0,"turns":3.0},{"damage":6.0,"enemies":"Looter","floor":13.0,"turns":3.0},{"damage":26.0,"enemies":"Gremlin Nob","floor":14.0,"turns":4.0},{"damage":57,"enemies":"The Guardian","floor":16,"turns":17}],"seed_played":"901914605344266212","potions_obtained":[{"floor":1.0,"key":"Explosive Potion"},{"floor":4.0,"key":"BloodPotion"},{"floor":4.0,"key":"PowerPotion"}],"is_trial":false,"path_per_floor":["?","?","M","T","$","?","M"],"character_chosen":"IRONCLAD","items_purchased":["Flash of Steel","Shrug It Off"],"campfire_rested":0,"item_purchase_floors":[8,8],"current_hp_per_floor":[74,74,75,75,75,75,75,75,75,75,75,75,75,55,55,0],"gold":71,"neow_bonus":"THREE_ENEMY_KILL","is_prod":false,"is_daily":false,"chose_seed":false,"campfire_upgraded":3,"win_rate":0,"timestamp":1548910330,"path_taken":["M","?","M","?","?","R","?","?","T","?","R","M","?","E","R","BOSS"],"build_version":"2019-01-23","purchased_purges":0,"victory":false,"max_hp_per_floor":[75,75,75,75,75,75,75,75,75,75,75,75,75,75,75,75],"card_choices":[{"not_picked":["Dual Wield","Flame Barrier"],"picked":"Wild Strike","floor":1.0},{"not_picked":["Sword Boomerang","Body Slam"],"picked":"Thunderclap","floor":3.0},{"not_picked":["Bloodletting","Perfected Strike"],"picked":"Feel No Pain","floor":5.0},{"not_picked":["Seeing Red","Sword Boomerang","Warcry"],"picked":"Armaments","floor":12.0},{"not_picked":["Iron Wave","Perfected Strike","Feel No Pain","Anger"],"picked":"SKIP","floor":13.0},{"not_picked":["Bloodletting","Iron Wave","Evolve"],"picked":"Limit Break","floor":14.0}],"player_experience":178876,"relics_obtained":[{"floor":7.0,"key":"Matryoshka"},{"floor":9.0,"key":"Boot"},{"floor":9.0,"key":"Question Card"},{"floor":14.0,"key":"Potion Belt"}],"event_choices":[{"damage_healed":0.0,"max_hp_gain":0.0,"max_hp_loss":0.0,"gold_gain":0.0,"event_name":"Liars Game","player_choice":"Ignored","floor":2.0,"gold_loss":0.0,"damage_taken":0.0},{"damage_healed":0.0,"max_hp_gain":0.0,"max_hp_loss":0.0,"gold_gain":0.0,"event_name":"Lab","player_choice":"Got Potions","floor":4.0,"gold_loss":0.0,"damage_taken":0.0},{"cards_removed":["Strike_R"],"damage_healed":0.0,"max_hp_gain":0.0,"max_hp_loss":0.0,"gold_gain":0.0,"event_name":"Bonfire Elementals","player_choice":"Offered Basic","floor":10.0,"gold_loss":0.0,"damage_taken":0.0}],"is_beta":false,"boss_relics":[],"items_purged_floors":[],"is_endless":false,"potions_floor_spawned":[1,5,12],"killed_by":"The Guardian","ascension_level":16}