{"gold_per_floor":[114,132,132,132,132,160,160,188,188,198,222,253,253,270,270,375,375,363,382,382,396,409,436,436,436,461,461,461,487,184,199,199,302,302,316,316,68,68,87,116,116,132,132,132,132,159,159,178,178,178],"floor_reached":51,"playtime":2840,"items_purged":["Regret"],"score":976,"play_id":"ed495149-d35c-4411-8796-86e6553729d0","local_time":"20190128144059","is_ascension_mode":true,"campfire_choices":[{"data":"Flex","floor":7,"key":"SMITH"},{"data":"Bash","floor":13,"key":"SMITH"},{"floor":15,"key":"REST"},{"floor":25,"key":"REST"},{"data":"Flame Barrier","floor":28,"key":"SMITH"},{"floor":32,"key":"REST"},{"floor":41,"key":"REST"},{"floor":45,"key":"REST"},{"floor":47,"key":"REST"},{"floor":49,"key":"REST"}],"neow_cost":"PERCENT_DAMAGE","seed_source_timestamp":11094431854524,"circlet_count":0,"master_deck":["Strike_R+1","Strike_R+1","Strike_R+1","Defend_R+1","Defend_R+1","Defend_R+1","Bash+1","Flex+1","Dropkick+1","Sword Boomerang+1","Uppercut+1","Impervious","Metallicize+1","Flame Barrier+1","Iron Wave+1","Combust+1","Whirlwind+1","Bludgeon+1","Flex+1","Pommel Strike+1","Metallicize+1","Flash of Steel+1"],"relics":["Burning Blood","Molten Egg 2","War Paint","Red Skull","Oddly Smooth Stone","PreservedInsect","Boot","Mark of Pain","Frozen Egg 2","Orichalcum","Regal Pillow","Happy Flower","Anchor","Sozu","Shuriken","Blue Candle","Kunai","Dead Branch"],"potions_floor_usage":[6,6,6,8,23,29,39,50,50],"damage_taken":[{"damage":3,"enemies":"Small Slimes","floor":1,"turns":6},{"damage":0,"enemies":"2 Louse","floor":2,"turns":4},{"damage":14,"enemies":"Gremlin Nob","floor":6,"turns":3},{"damage":38,"enemies":"Lagavulin","floor":8,"turns":6},{"damage":0,"enemies":"Cultist","floor":10,"turns":1},{"damage":0,"enemies":"Gremlin Nob","floor":12,"turns":1},{"damage":8,"enemies":"Red Slaver","floor":14,"turns":2},{"damage":35,"enemies":"Hexaghost","floor":16,"turns":8},{"damage":13,"enemies":"2 Thieves","floor":18,"turns":4},{"damage":2,"enemies":"Chosen","floor":19,"turns":4},{"damage":26,"enemies":"Centurion and Healer","floor":21,"turns":7},{"damage":23,"enemies":"Shelled Parasite and Fungi","floor":22,"turns":5},{"damage":0,"enemies":"Gremlin Leader","floor":23,"turns":3},{"damage":23,"enemies":"Book of Stabbing","floor":29,"turns":4},{"damage":1,"enemies":"Chosen and Byrds","floor":31,"turns":4},{"damage":38,"enemies":"Collector","floor":33,"turns":8},{"damage":8,"enemies":"3 Shapes","floor":35,"turns":3},{"damage":5,"enemies":"3 Darklings","floor":39,"turns":3},{"damage":29,"enemies":"Giant Head","floor":40,"turns":7},{"damage":56,"enemies":"Transient","floor":42,"turns":5},{"damage":15,"enemies":"Reptomancer","floor":46,"turns":4},{"damage":25,"enemies":"Maw","floor":48,"turns":6},{"damage":61,"enemies":"Donu and Deca","floor":50,"turns":8}],"seed_played":"1981500786433370329","potions_obtained":[{"floor":2,"key":"EntropicBrew"},{"floor":8,"key":"Explosive Potion"},{"floor":16,"key":"Strength Potion"},{"floor":21,"key":"Dexterity Potion"},{"floor":22,"key":"Energy Potion"},{"floor":29,"key":"BloodPotion"},{"floor":33,"key":"PowerPotion"}],"is_trial":false,"path_per_floor":["?","?","?","T","M","T","?","?","$","?","$","?","?"],"character_chosen":"IRONCLAD","items_purchased":["Anchor","Whirlwind+1","Shuriken"],"campfire_rested":7,"item_purchase_floors":[30,30,37],"current_hp_per_floor":[59,65,58,58,58,50,50,18,18,24,24,30,30,28,52,23,66,59,63,63,43,26,32,32,56,56,56,56,39,39,44,80,48,72,70,70,70,70,71,48,76,26,26,26,63,54,76,57,76,28],"gold":178,"neow_bonus":"REMOVE_TWO","is_prod":false,"is_daily":false,"chose_seed":false,"campfire_upgraded":3,"win_rate":0,"timestamp":1548657659,"path_taken":["M","M","?","?","?","E","R","E","T","M","?","E","R","M","R","BOSS","M","?","?","M","M","E","?","R","T","?","R","E","?","M","R","BOSS","M","?","?","?","M","E","R","M","T","?","R","E","R","M","R","BOSS"],"build_version":"2019-01-23","purchased_purges":1,"victory":true,"max_hp_per_floor":[80,80,80,80,80,80,80,80,80,80,80,80,80,80,80,80,80,80,80,80,80,80,80,80,80,80,80,80,80,80,80,80,80,80,80,80,80,76,76,76,76,76,76,76,76,76,76,76,76,76],"card_choices":[{"not_picked":["Body Slam","Clash"],"picked":"Flex","floor":1},{"not_picked":["Hemokinesis","Wild Strike","Rupture"],"picked":"SKIP","floor":2},{"not_picked":["Clash+1","Wild Strike+1"],"picked":"Dropkick+1","floor":6},{"not_picked":["Sentinel","Burning Pact"],"picked":"Sword Boomerang+1","floor":8},{"not_picked":["Wild Strike+1","Second Wind","Heavy Blade+1"],"picked":"SKIP","floor":10},{"not_picked":["Seeing Red","Sentinel","Clash+1"],"picked":"SKIP","floor":12},{"not_picked":["Havoc","Battle Trance"],"picked":"Uppercut+1","floor":14},{"not_picked":["Dark Embrace","Berserk"],"picked":"Impervious","floor":16},{"not_picked":["Wild Strike+1","Clothesline+1"],"picked":"Metallicize+1","floor":18},{"not_picked":["Feel No Pain","Perfected Strike+1","Clash+1"],"picked":"SKIP","floor":19},{"not_picked":["Reckless Charge+1","Twin Strike+1"],"picked":"Flame Barrier","floor":21},{"not_picked":["True Grit+1","Thunderclap+1"],"picked":"Iron Wave+1","floor":22},{"not_picked":["Berserk+1","Shrug It Off+1"],"picked":"Combust+1","floor":23},{"not_picked":["Evolve+1","Clothesline+1","Entrench"],"picked":"SKIP","floor":29},{"not_picked":["Sword Boomerang+1","Havoc","Iron Wave+1"],"picked":"SKIP","floor":31},{"not_picked":["Berserk+1","Fiend Fire+1"],"picked":"Bludgeon+1","floor":33},{"not_picked":["Shrug It Off+1","Sentinel+1"],"picked":"Flex+1","floor":35},{"not_picked":["Flame Barrier","Cleave+1"],"picked":"Pommel Strike+1","floor":39},{"not_picked":["Cleave+1","True Grit"],"picked":"Metallicize+1","floor":40},{"not_picked":["Clothesline+1","Body Slam+1","Twin Strike+1"],"picked":"SKIP","floor":42},{"not_picked":["Blind","Transmutation"],"picked":"Flash of Steel+1","floor":44},{"not_picked":["Rupture+1","Clash+1","Iron Wave+1"],"picked":"SKIP","floor":46},{"not_picked":["Headbutt+1","Combust+1","Corruption+1"],"picked":"SKIP","floor":48}],"player_experience":81556,"relics_obtained":[{"floor":6,"key":"War Paint"},{"floor":8,"key":"Red Skull"},{"floor":9,"key":"Oddly Smooth Stone"},{"floor":11,"key":"PreservedInsect"},{"floor":12,"key":"Boot"},{"floor":20,"key":"Frozen Egg 2"},{"floor":23,"key":"Orichalcum"},{"floor":26,"key":"Regal Pillow"},{"floor":29,"key":"Happy Flower"},{"floor":40,"key":"Blue Candle"},{"floor":43,"key":"Kunai"},{"floor":46,"key":"Dead Branch"}],"event_choices":[{"cards_removed":["Defend_R"],"damage_healed":0,"gold_gain":0,"player_choice":"Card Removal","damage_taken":7,"max_hp_gain":0,"max_hp_loss":0,"event_name":"Golden Wing","floor":3,"gold_loss":0},{"damage_healed":0,"gold_gain":0,"player_choice":"Ignored","damage_taken":0,"max_hp_gain":0,"max_hp_loss":0,"event_name":"Liars Game","floor":4,"gold_loss":0},{"damage_healed":0,"gold_gain":0,"player_choice":"Box","damage_taken":0,"relics_obtained":["Molten Egg 2"],"max_hp_gain":0,"max_hp_loss":0,"event_name":"Big Fish","floor":5,"gold_loss":0,"cards_obtained":["Regret"]},{"damage_healed":0,"gold_gain":0,"player_choice":"Ignored","damage_taken":0,"max_hp_gain":0,"max_hp_loss":0,"event_name":"The Mausoleum","floor":24,"gold_loss":0},{"damage_healed":0,"gold_gain":0,"player_choice":"Simplicity","damage_taken":0,"max_hp_gain":0,"max_hp_loss":0,"event_name":"Back to Basics","floor":27,"gold_loss":0,"cards_upgraded":["Strike_R","Strike_R","Strike_R","Defend_R"]},{"damage_healed":0,"gold_gain":0,"player_choice":"Bought 0 Potions","damage_taken":0,"max_hp_gain":0,"max_hp_loss":0,"event_name":"The Woman in Blue","floor":36,"gold_loss":0},{"damage_healed":0,"gold_gain":0,"player_choice":"Max HP","damage_taken":0,"max_hp_gain":0,"max_hp_loss":4,"event_name":"Winding Halls","floor":38,"gold_loss":0},{"damage_healed":0,"gold_gain":0,"player_choice":"Memory 1","damage_taken":0,"max_hp_gain":0,"max_hp_loss":0,"event_name":"SensoryStone","floor":44,"gold_loss":0}],"is_beta":false,"boss_relics":[{"not_picked":["Velvet Choker","Empty Cage"],"picked":"Mark of Pain"},{"not_picked":["Orrery","Black Blood"],"picked":"Sozu"}],"items_purged_floors":[30],"is_endless":false,"potions_floor_spawned":[2,8,16,21,22,29,33,39,42,46,48],"ascension_level":5}