{"gold_per_floor":[109,109,109,109,59,74,74,74,74,93,132,132,151,166,166,166],"floor_reached":16,"playtime":472,"items_purged":[],"score":105,"play_id":"b1c9fcbc-ca39-46c4-ba3d-0a57110c5f33","local_time":"20190226175802","is_ascension_mode":true,"campfire_choices":[{"floor":7,"key":"REST"},{"floor":12,"key":"REST"},{"floor":15,"key":"REST"}],"neow_cost":"NONE","seed_source_timestamp":363847219626806,"circlet_count":0,"master_deck":["Strike_R","Strike_R","Strike_R","Defend_R","Defend_R","Defend_R","Defend_R","Bash+1"],"relics":["Burning Blood","Golden Idol","Blue Candle","Omamori"],"potions_floor_usage":[11],"damage_taken":[{"damage":1,"enemies":"Jaw Worm","floor":1,"turns":3},{"damage":2,"enemies":"2 Louse","floor":6,"turns":4},{"damage":1,"enemies":"Cultist","floor":10,"turns":4},{"damage":51,"enemies":"3 Sentries","floor":11,"turns":11},{"damage":11,"enemies":"2 Fungi Beasts","floor":13,"turns":4},{"damage":16,"enemies":"Blue Slaver","floor":14,"turns":4},{"damage":71,"enemies":"Slime Boss","floor":16,"turns":9}],"seed_played":"-125346917272217152","potions_obtained":[{"floor":1,"key":"SkillPotion"},{"floor":13,"key":"Swift Potion"}],"is_trial":false,"path_per_floor":["M","?","?","?","?","M","R","$","T","M","E","R","M","M","R","B"],"character_chosen":"IRONCLAD","items_purchased":[],"campfire_rested":3,"item_purchase_floors":[],"current_hp_per_floor":[80,60,60,60,60,64,80,80,80,80,35,59,54,44,68,0],"gold":166,"neow_bonus":"UPGRADE_CARD","is_prod":false,"is_daily":false,"chose_seed":false,"campfire_upgraded":0,"win_rate":0,"timestamp":1551175082,"path_taken":["M","?","?","?","?","M","R","$","T","M","E","R","M","M","R","BOSS"],"build_version":"2019-01-23","purchased_purges":0,"victory":false,"max_hp_per_floor":[80,80,80,80,80,80,80,80,80,80,80,80,80,80,80,80],"card_choices":[{"not_picked":["Uppercut","Armaments","Cleave"],"picked":"SKIP","floor":1},{"not_picked":["Havoc","Rage","Sentinel"],"picked":"SKIP","floor":6},{"not_picked":["Anger","Clash","Sword Boomerang"],"picked":"SKIP","floor":10},{"not_picked":["Body Slam","Feel No Pain","Sever Soul"],"picked":"SKIP","floor":11},{"not_picked":["Warcry","Pummel","Cleave"],"picked":"SKIP","floor":13},{"not_picked":["Perfected Strike","Carnage","Twin Strike"],"picked":"SKIP","floor":14}],"player_experience":90436,"relics_obtained":[{"floor":9,"key":"Blue Candle"},{"floor":11,"key":"Omamori"}],"event_choices":[{"damage_healed":0,"gold_gain":0,"player_choice":"Take Damage","damage_taken":20,"relics_obtained":["Golden Idol"],"max_hp_gain":0,"max_hp_loss":0,"event_name":"Golden Idol","floor":2,"gold_loss":0},{"cards_removed":["Strike_R"],"damage_healed":0,"gold_gain":0,"player_choice":"Forget","damage_taken":0,"max_hp_gain":0,"max_hp_loss":0,"event_name":"Living Wall","floor":3,"gold_loss":0},{"damage_healed":0,"gold_gain":0,"player_choice":"Ignored","damage_taken":0,"max_hp_gain":0,"max_hp_loss":0,"event_name":"Liars Game","floor":4,"gold_loss":0},{"cards_removed":["Strike_R"],"damage_healed":0,"gold_gain":0,"player_choice":"Card Removal","damage_taken":0,"max_hp_gain":0,"max_hp_loss":0,"event_name":"The Cleric","floor":5,"gold_loss":50}],"is_beta":false,"boss_relics":[],"items_purged_floors":[],"is_endless":false,"potions_floor_spawned":[1,13],"killed_by":"Slime Boss","ascension_level":1}