{"gold_per_floor":[117,117,117,117,30,30,64,64,64,108,108,122,122,158,158,254,284,298,107,107,125,139,139,175,175,175,175,175,188,221,221,221,300,300,318,318,56,75,85,85,120,120,144,159,159,174,202,216,216,216,216],"floor_reached":52,"playtime":5325,"items_purged":["Pain"],"score":2128,"play_id":"5f8bee45-bdf4-4f64-a6b1-bdcdd6f5ca45","local_time":"20190205132509","is_ascension_mode":true,"campfire_choices":[{"data":"Noxious Fumes","floor":6,"key":"SMITH"},{"data":"Poisoned Stab","floor":8,"key":"SMITH"},{"data":"Neutralize","floor":11,"key":"SMITH"},{"data":"Bouncing Flask","floor":15,"key":"SMITH"},{"floor":23,"key":"REST"},{"floor":25,"key":"REST"},{"floor":27,"key":"DIG"},{"floor":32,"key":"DIG"},{"data":"Blind","floor":40,"key":"SMITH"},{"data":"Footwork","floor":42,"key":"SMITH"},{"data":"Footwork","floor":45,"key":"SMITH"},{"floor":49,"key":"REST"}],"neow_cost":"NONE","seed_source_timestamp":506015753829843,"circlet_count":0,"master_deck":["AscendersBane","Defend_G+1","Defend_G+1","Defend_G+1","Defend_G+1","Defend_G+1","Strike_G+1","Strike_G+1","Strike_G+1","Strike_G+1","Survivor","Neutralize+1","Sucker Punch","Noxious Fumes+1","Poisoned Stab+1","PiercingWail+1","Bouncing Flask+1","Night Terror","Clumsy","Shame","Leg Sweep","Well Laid Plans","Necronomicurse","Calculated Gamble+1","Backflip+1","Endless Agony+1","Riddle With Holes","Blade Dance+1","Corpse Explosion","Concentrate","Footwork+1","Footwork+1","Deflect","Blind+1","Dodge and Roll","Dodge and Roll"],"relics":["Ring of the Snake","NeowsBlessing","Matryoshka","Bloody Idol","Calipers","Turnip","Singing Bowl","FossilizedHelix","Dream Catcher","Du-Vu Doll","Calling Bell","Tiny Chest","Paper Crane","Ice Cream","Necronomicon","Shovel","Oddly Smooth Stone","Sundial","The Courier","Mango","Pantograph","Runic Pyramid","Happy Flower","War Paint","Pen Nib"],"potions_floor_usage":[14,21,24,30,35,48,50],"damage_taken":[{"damage":0,"enemies":"Cultist","floor":1,"turns":1},{"damage":0,"enemies":"Gremlin Nob","floor":7,"turns":1},{"damage":0,"enemies":"Lagavulin","floor":10,"turns":1},{"damage":0,"enemies":"2 Louse","floor":12,"turns":2},{"damage":24,"enemies":"Gremlin Nob","floor":14,"turns":5},{"damage":4,"enemies":"Hexaghost","floor":16,"turns":8},{"damage":0,"enemies":"Spheric Guardian","floor":18,"turns":3},{"damage":1,"enemies":"3 Byrds","floor":21,"turns":5},{"damage":0,"enemies":"Centurion and Healer","floor":22,"turns":7},{"damage":16,"enemies":"Gremlin Leader","floor":24,"turns":6},{"damage":16,"enemies":"Snake Plant","floor":29,"turns":5},{"damage":13,"enemies":"Slavers","floor":30,"turns":5},{"damage":22,"enemies":"Champ","floor":33,"turns":14},{"damage":5,"enemies":"3 Darklings","floor":35,"turns":5},{"damage":0,"enemies":"Orb Walker","floor":38,"turns":3},{"damage":10,"enemies":"Writhing Mass","floor":39,"turns":8},{"damage":6,"enemies":"Reptomancer","floor":41,"turns":7},{"damage":0,"enemies":"Maw","floor":44,"turns":8},{"damage":1,"enemies":"Spire Growth","floor":46,"turns":6},{"damage":0,"enemies":"Nemesis","floor":47,"turns":7},{"damage":22,"enemies":"Jaw Worm Horde","floor":48,"turns":5},{"damage":4,"enemies":"Awakened One","floor":50,"turns":19},{"damage":41,"enemies":"Donu and Deca","floor":51,"turns":9}],"seed_played":"5873060995185719218","potions_obtained":[{"floor":10,"key":"AttackPotion"},{"floor":14,"key":"SpeedPotion"},{"floor":16,"key":"Dexterity Potion"},{"floor":18,"key":"Fire Potion"},{"floor":22,"key":"GamblersBrew"},{"floor":30,"key":"GhostInAJar"},{"floor":36,"key":"GamblersBrew"},{"floor":36,"key":"SneckoOil"},{"floor":41,"key":"SpeedPotion"},{"floor":44,"key":"Swift Potion"},{"floor":48,"key":"FearPotion"}],"is_trial":false,"path_per_floor":["M","T","?","?","$","R","E","R","T","E","R","M","?","E","R","B",null,"M","$","?","M","M","R","E","R","T","R","?","M","E","?","R","B",null,"M","?","$","M","M","R","E","R","T","M","R","M","E","M","R","B","B",null],"character_chosen":"THE_SILENT","items_purchased":["Noxious Fumes","Leg Sweep","Well Laid Plans","Footwork","Footwork","Deflect","Blind"],"campfire_rested":3,"item_purchase_floors":[5,19,19,37,37,37,37],"current_hp_per_floor":[59,59,59,54,54,54,54,54,54,54,54,56,49,25,25,21,52,54,54,33,32,32,51,37,58,58,58,58,47,53,53,53,61,77,77,77,77,84,81,81,82,82,87,90,90,90,92,77,94,90,53],"gold":216,"neow_bonus":"THREE_ENEMY_KILL","is_prod":false,"is_daily":false,"chose_seed":false,"campfire_upgraded":7,"win_rate":0,"timestamp":1549369509,"path_taken":["M","?","?","?","$","R","E","R","T","E","R","?","?","E","R","BOSS","M","$","?","M","M","R","E","R","T","R","?","M","E","?","R","BOSS","M","?","$","?","M","R","E","R","T","M","R","M","E","M","R","BOSS","BOSS"],"build_version":"2019-01-23","purchased_purges":1,"victory":true,"max_hp_per_floor":[66,66,60,60,60,60,60,60,60,60,60,62,62,62,62,62,62,64,64,64,64,64,64,66,68,68,68,68,68,82,82,82,82,82,82,82,82,84,86,86,88,88,88,90,90,90,92,94,94,94,94],"card_choices":[{"not_picked":["PiercingWail","Cloak And Dagger"],"picked":"Sucker Punch","floor":1},{"not_picked":["Setup","Choke"],"picked":"Poisoned Stab","floor":7},{"not_picked":["Die Die Die","Quick Slash"],"picked":"PiercingWail","floor":10},{"not_picked":["Dagger Spray","Quick Slash","PiercingWail"],"picked":"Singing Bowl","floor":12},{"not_picked":["Sucker Punch","Backflip"],"picked":"Bouncing Flask","floor":14},{"not_picked":["Doppelganger","Bullet Time"],"picked":"Night Terror","floor":16},{"not_picked":["Bane","Blade Dance","Expertise+1"],"picked":"Singing Bowl","floor":18},{"not_picked":["Escape Plan","Bane"],"picked":"Calculated Gamble+1","floor":21},{"not_picked":["Acrobatics","Deadly Poison+1"],"picked":"Backflip","floor":22},{"not_picked":["Dodge and Roll","Deadly Poison"],"picked":"Endless Agony+1","floor":23},{"not_picked":["Outmaneuver","Cloak And Dagger","Sucker Punch"],"picked":"Singing Bowl","floor":24},{"not_picked":["Poisoned Stab","Flying Knee","Blade Dance"],"picked":"Singing Bowl","floor":25},{"not_picked":["Sucker Punch","Cloak And Dagger"],"picked":"Riddle With Holes","floor":29},{"not_picked":["Quick Slash","Acrobatics"],"picked":"Blade Dance+1","floor":30},{"not_picked":["Malaise","Glass Knife"],"picked":"Corpse Explosion","floor":33},{"not_picked":["Flying Knee","PiercingWail+1"],"picked":"Concentrate","floor":35},{"not_picked":["Choke","Calculated Gamble+1","Outmaneuver+1"],"picked":"Singing Bowl","floor":38},{"not_picked":["Sucker Punch","Poisoned Stab","Dagger Spray+1"],"picked":"Singing Bowl","floor":39},{"not_picked":["Blade Dance","Sucker Punch","Cloak And Dagger"],"picked":"Singing Bowl","floor":41},{"not_picked":["Acrobatics","Dagger Spray","Reflex"],"picked":"Singing Bowl","floor":44},{"not_picked":["Prepared","Slice"],"picked":"Dodge and Roll","floor":46},{"not_picked":["Underhanded Strike","Phantasmal Killer","Reflex"],"picked":"Singing Bowl","floor":47},{"not_picked":["Expertise","Choke","Sucker Punch"],"picked":"Singing Bowl","floor":48},{"not_picked":["Skewer+1","Poisoned Stab"],"picked":"Dodge and Roll","floor":49}],"player_experience":954699,"relics_obtained":[{"floor":2,"key":"Matryoshka"},{"floor":7,"key":"Turnip"},{"floor":9,"key":"Singing Bowl"},{"floor":9,"key":"FossilizedHelix"},{"floor":10,"key":"Dream Catcher"},{"floor":14,"key":"Du-Vu Doll"},{"floor":17,"key":"Tiny Chest"},{"floor":17,"key":"Paper Crane"},{"floor":17,"key":"Ice Cream"},{"floor":20,"key":"Necronomicon"},{"floor":24,"key":"Shovel"},{"floor":26,"key":"Oddly Smooth Stone"},{"floor":26,"key":"Sundial"},{"floor":27,"key":"The Courier"},{"floor":30,"key":"Mango"},{"floor":32,"key":"Pantograph"},{"floor":41,"key":"Happy Flower"},{"floor":43,"key":"War Paint"},{"floor":47,"key":"Pen Nib"}],"event_choices":[{"damage_healed":0,"gold_gain":0,"player_choice":"Lose Max HP","damage_taken":0,"relics_obtained":["Golden Idol"],"max_hp_gain":0,"max_hp_loss":6,"event_name":"Golden Idol","floor":3,"gold_loss":0},{"damage_healed":0,"gold_gain":0,"player_choice":"Success","damage_taken":5,"relics_obtained":["Calipers"],"max_hp_gain":0,"max_hp_loss":0,"event_name":"Scrap Ooze","floor":4,"gold_loss":0},{"cards_removed":["Strike_G"],"damage_healed":0,"gold_gain":0,"player_choice":"Card Removal","damage_taken":7,"max_hp_gain":0,"max_hp_loss":0,"event_name":"Golden Wing","floor":13,"gold_loss":0},{"damage_healed":0,"gold_gain":0,"player_choice":"Obtained Book","damage_taken":21,"max_hp_gain":0,"max_hp_loss":0,"event_name":"Cursed Tome","floor":20,"gold_loss":0},{"damage_healed":0,"gold_gain":0,"player_choice":"Gave Idol","damage_taken":0,"relics_obtained":["Bloody Idol"],"max_hp_gain":0,"max_hp_loss":0,"event_name":"Forgotten Altar","floor":28,"relics_lost":["Golden Idol"],"gold_loss":0},{"damage_healed":0,"gold_gain":0,"player_choice":"Simplicity","damage_taken":0,"max_hp_gain":0,"max_hp_loss":0,"event_name":"Back to Basics","floor":31,"gold_loss":0,"cards_upgraded":["Defend_G","Defend_G","Defend_G","Defend_G","Defend_G","Strike_G","Strike_G","Strike_G","Strike_G"]},{"damage_healed":0,"gold_gain":0,"player_choice":"Got Potions","damage_taken":0,"max_hp_gain":0,"max_hp_loss":0,"event_name":"Lab","floor":36,"gold_loss":0}],"is_beta":false,"boss_relics":[{"not_picked":["Coffee Dripper","Eternal Feather"],"picked":"Calling Bell"},{"not_picked":["Pandora\u0027s Box","White Beast Statue"],"picked":"Runic Pyramid"}],"items_purged_floors":[19],"is_endless":false,"potions_floor_spawned":[10,14,16,18,22,30,41,44,48],"ascension_level":20}