{"gold_per_floor":[110,110,124,138,150,150,181,181,181,181,181,215,215,227,227,227],"floor_reached":16,"playtime":755,"items_purged":[],"score":198,"play_id":"9be1e442-8289-4f58-8eab-b48920df1509","local_time":"20181018224003","is_ascension_mode":true,"campfire_choices":[{"data":"Clothesline","floor":6,"key":"SMITH"},{"data":"Intimidate","floor":8,"key":"SMITH"},{"data":"Bloodletting","floor":13,"key":"SMITH"},{"floor":15,"key":"REST"}],"neow_cost":"NONE","seed_source_timestamp":729519754015187,"circlet_count":0,"master_deck":["Strike_R","Strike_R","Strike_R","Strike_R","Defend_R","Defend_R","Defend_R","Defend_R","Bash+1","AscendersBane","Clothesline+1","Intimidate+1","Shrug It Off","Headbutt","Bash","Bloodletting+1"],"relics":["Burning Blood","Bottled Lightning","Magic Flower","Kunai","Gambling Chip"],"potions_floor_usage":[16,16],"damage_taken":[{"damage":7,"enemies":"2 Louse","floor":1,"turns":4},{"damage":0,"enemies":"Cultist","floor":3,"turns":3},{"damage":4,"enemies":"Jaw Worm","floor":4,"turns":4},{"damage":16,"enemies":"Gremlin Gang","floor":5,"turns":8},{"damage":26,"enemies":"Gremlin Nob","floor":7,"turns":4},{"damage":33,"enemies":"Lagavulin","floor":12,"turns":8},{"damage":13,"enemies":"Exordium Thugs","floor":14,"turns":7},{"damage":40,"enemies":"The Guardian","floor":16,"turns":11}],"seed_played":"-7869553486900948079","potions_obtained":[{"floor":1,"key":"Weak Potion"},{"floor":12,"key":"SneckoOil"},{"floor":14,"key":"Block Potion"}],"is_trial":false,"path_per_floor":["M","?","M","M","M","R","E","R","T","T","?","E","R","M","R"],"character_chosen":"IRONCLAD","items_purchased":[],"campfire_rested":1,"item_purchase_floors":[],"current_hp_per_floor":[67,67,73,75,65,65,45,45,45,45,45,21,21,17,39,0],"gold":227,"neow_bonus":"UPGRADE_CARD","is_prod":false,"is_daily":false,"chose_seed":false,"campfire_upgraded":3,"win_rate":0,"timestamp":1539895203,"path_taken":["M","?","M","M","?","R","E","R","T","?","?","E","R","?","R","BOSS"],"build_version":"2018-10-11","purchased_purges":0,"victory":false,"max_hp_per_floor":[75,75,75,75,75,75,75,75,75,75,75,75,75,75,75,75],"card_choices":[{"not_picked":["Second Wind","Flex"],"picked":"Clothesline","floor":1},{"not_picked":["Burning Pact","Clothesline"],"picked":"Intimidate","floor":3},{"not_picked":["Feel No Pain","Armaments"],"picked":"Shrug It Off","floor":4},{"not_picked":["Intimidate","Burning Pact"],"picked":"Headbutt","floor":5},{"not_picked":["Intimidate","Havoc","Anger"],"picked":"SKIP","floor":7},{"not_picked":["Flex","Dark Embrace","Thunderclap"],"picked":"SKIP","floor":12},{"not_picked":["Havoc","Thunderclap","Anger"],"picked":"SKIP","floor":14}],"player_experience":535567,"relics_obtained":[{"floor":7,"key":"Bottled Lightning"},{"floor":9,"key":"Magic Flower"},{"floor":10,"key":"Kunai"},{"floor":12,"key":"Gambling Chip"}],"event_choices":[{"event_name":"Purifier","player_choice":"One Purge","floor":2,"damage_taken":0},{"event_name":"Match and Keep!","player_choice":"2 cards matched","floor":11,"damage_taken":0}],"is_beta":false,"boss_relics":[],"items_purged_floors":[],"is_endless":false,"potions_floor_spawned":[1,12,14],"killed_by":"The Guardian","ascension_level":16}