{"gold_per_floor":[111,131,147,147,147,179,179,214,261,261,55,65,82,96,96,172,172,186,206,206],"floor_reached":20,"playtime":1388,"items_purged":[],"score":335,"play_id":"325be6dd-5eb1-49be-ad39-6a1c9992a99f","local_time":"20190203123413","is_ascension_mode":true,"campfire_choices":[{"data":"Flame Barrier","floor":7,"key":"SMITH"},{"floor":10,"key":"REST"},{"floor":15,"key":"REST"}],"neow_cost":"TEN_PERCENT_HP_LOSS","seed_source_timestamp":318735800707312,"circlet_count":0,"master_deck":["AscendersBane","Strike_R","Strike_R","Strike_R","Strike_R","Strike_R","Defend_R","Defend_R","Defend_R","Defend_R","Bash","Sadistic Nature","Finesse","True Grit","Flame Barrier+1","Feel No Pain","Headbutt","Intimidate","Evolve","Shockwave","Clothesline","Second Wind","Demon Form","Pommel Strike"],"relics":["Burning Blood","Boot","Bottled Tornado","Singing Bowl","Pen Nib","Bag of Marbles","Snecko Eye"],"potions_floor_usage":[6,16,20,20],"damage_taken":[{"damage":1,"enemies":"Cultist","floor":1,"turns":4},{"damage":5,"enemies":"Jaw Worm","floor":2,"turns":3},{"damage":4,"enemies":"2 Louse","floor":3,"turns":3},{"damage":42,"enemies":"Lagavulin","floor":6,"turns":10},{"damage":23,"enemies":"3 Sentries","floor":8,"turns":15},{"damage":5,"enemies":"Looter","floor":12,"turns":3},{"damage":5,"enemies":"Gremlin Gang","floor":13,"turns":5},{"damage":21,"enemies":"Exordium Thugs","floor":14,"turns":4},{"damage":36,"enemies":"Slime Boss","floor":16,"turns":13},{"damage":21,"enemies":"3 Byrds","floor":18,"turns":5},{"damage":23,"enemies":"Spheric Guardian","floor":19,"turns":6},{"damage":33,"enemies":"Masked Bandits","floor":20,"turns":3}],"seed_played":"-1666611442498370991","potions_obtained":[{"floor":3,"key":"Explosive Potion"},{"floor":8,"key":"FearPotion"},{"floor":12,"key":"FearPotion"},{"floor":16,"key":"Strength Potion"}],"is_trial":false,"path_per_floor":["M","M","M","?","T","E","R","E","T","R","$","M","M","M","R","B",null,"M","M","?"],"character_chosen":"IRONCLAD","items_purchased":["Bag of Marbles","Evolve"],"campfire_rested":2,"item_purchase_floors":[11,11],"current_hp_per_floor":[68,68,68,73,73,37,37,20,20,41,41,42,43,28,49,19,60,47,30,0],"gold":206,"neow_bonus":"RANDOM_COLORLESS_2","is_prod":false,"is_daily":false,"chose_seed":false,"campfire_upgraded":1,"win_rate":0,"timestamp":1549226053,"path_taken":["M","?","M","?","?","E","R","E","T","R","?","M","M","M","R","BOSS","M","M","?"],"build_version":"2019-01-23","purchased_purges":0,"victory":false,"max_hp_per_floor":[68,68,68,73,73,73,73,73,73,73,73,73,73,73,73,73,73,75,75,75],"card_choices":[{"not_picked":["Havoc","Corruption"],"picked":"True Grit","floor":1},{"not_picked":["Second Wind","Burning Pact"],"picked":"Flame Barrier","floor":2},{"not_picked":["Battle Trance","Evolve"],"picked":"Feel No Pain","floor":3},{"not_picked":["Juggernaut","Inflame"],"picked":"Headbutt","floor":6},{"not_picked":["Whirlwind","True Grit"],"picked":"Intimidate","floor":8},{"not_picked":["Perfected Strike","Rampage"],"picked":"Shockwave","floor":12},{"not_picked":["Entrench","Carnage"],"picked":"Clothesline","floor":13},{"not_picked":["Fire Breathing","Warcry"],"picked":"Second Wind","floor":14},{"not_picked":["Juggernaut","Berserk"],"picked":"Demon Form","floor":16},{"not_picked":["Fire Breathing","Wild Strike","Rage"],"picked":"Singing Bowl","floor":18},{"not_picked":["Iron Wave","Rupture"],"picked":"Pommel Strike","floor":19}],"player_experience":528476,"relics_obtained":[{"floor":5,"key":"Boot"},{"floor":6,"key":"Bottled Tornado"},{"floor":8,"key":"Singing Bowl"},{"floor":9,"key":"Pen Nib"}],"event_choices":[{"damage_healed":0,"gold_gain":0,"player_choice":"Donut","damage_taken":0,"max_hp_gain":5,"max_hp_loss":0,"event_name":"Big Fish","floor":4,"gold_loss":0},{"damage_healed":0,"gold_gain":0,"player_choice":"Fought Bandits","damage_taken":0,"max_hp_gain":0,"max_hp_loss":0,"event_name":"Masked Bandits","floor":20,"gold_loss":0}],"is_beta":false,"boss_relics":[{"not_picked":["Philosopher\u0027s Stone","Mark of Pain"],"picked":"Snecko Eye"}],"items_purged_floors":[],"is_endless":false,"potions_floor_spawned":[3,8,12,13,16,19],"killed_by":"Masked Bandits","ascension_level":16}