{"gold_per_floor":[110,130,140,38,38,38,65,82,108,35,70,70,105,115,115,211],"floor_reached":16,"playtime":654,"items_purged":[],"score":272,"play_id":"5079b1ec-5913-460f-914f-abff03a3fead","local_time":"20180928210955","is_ascension_mode":true,"campfire_choices":[{"data":"Beam Cell","floor":6,"key":"SMITH"},{"data":"Zap","floor":15,"key":"SMITH"}],"neow_cost":"PERCENT_DAMAGE","seed_source_timestamp":210187627977021,"circlet_count":0,"master_deck":["Strike_B","Strike_B","Strike_B","Defend_B","Defend_B","Defend_B","Zap+1","Dualcast","AscendersBane","FTL","FTL","Go for the Eyes","Capacitor","Beam Cell+1","Sunder","Capacitor","Chill","Auto Shields","Thunder Strike","Biased Cognition","Skim"],"relics":["Cracked Core","PreservedInsect","Dream Catcher","Strawberry","DataDisk"],"potions_floor_usage":[7,11,11,14],"damage_taken":[{"damage":0,"enemies":"Cultist","floor":1,"turns":2},{"damage":0,"enemies":"2 Louse","floor":2,"turns":1},{"damage":1,"enemies":"Small Slimes","floor":3,"turns":2},{"damage":27,"enemies":"3 Sentries","floor":7,"turns":5},{"damage":3,"enemies":"3 Louse","floor":8,"turns":3},{"damage":4,"enemies":"Gremlin Nob","floor":11,"turns":3},{"damage":16,"enemies":"Lagavulin","floor":13,"turns":6},{"damage":0,"enemies":"Lots of Slimes","floor":14,"turns":2},{"damage":32,"enemies":"Hexaghost","floor":16,"turns":11}],"seed_played":"4447760049202922150","potions_obtained":[{"floor":3,"key":"SkillPotion"},{"floor":8,"key":"Regen Potion"},{"floor":11,"key":"Explosive Potion"},{"floor":14,"key":"FairyPotion"},{"floor":16,"key":"FearPotion"}],"is_trial":false,"path_per_floor":["M","M","M","$","?","R","E","M","T","$","E","?","E","M","R"],"character_chosen":"DEFECT","items_purchased":["Capacitor","Beam Cell","Regen Potion"],"campfire_rested":0,"item_purchase_floors":[4,4,10],"current_hp_per_floor":[50,50,49,49,49,49,22,19,19,19,41,41,25,25,25,3],"gold":211,"neow_bonus":"TRANSFORM_TWO_CARDS","is_prod":false,"is_daily":false,"chose_seed":false,"campfire_upgraded":2,"win_rate":0,"timestamp":1538161795,"path_taken":["M","M","?","?","?","R","E","M","T","$","E","?","E","M","R","BOSS"],"build_version":"2018-09-27","purchased_purges":0,"victory":false,"max_hp_per_floor":[75,75,75,75,75,75,75,75,75,75,82,82,82,82,82,82],"card_choices":[{"not_picked":["Cold Snap","Lockon"],"picked":"Go for the Eyes","floor":1},{"not_picked":["Go for the Eyes","Turbo","Blizzard"],"picked":"SKIP","floor":2},{"not_picked":["Redo","Cold Snap","Go for the Eyes"],"picked":"SKIP","floor":3},{"not_picked":["Coolheaded","Undo"],"picked":"Sunder","floor":7},{"not_picked":["Compile Driver","Blizzard"],"picked":"Capacitor","floor":8},{"not_picked":["Rebound","Meteor Strike"],"picked":"Chill","floor":11},{"not_picked":["Gash","Blizzard"],"picked":"Biased Cognition","floor":13},{"not_picked":["Rip and Tear","Gash"],"picked":"Skim","floor":14}],"player_experience":462253,"relics_obtained":[{"floor":7,"key":"PreservedInsect"},{"floor":9,"key":"Dream Catcher"},{"floor":11,"key":"Strawberry"},{"floor":13,"key":"DataDisk"}],"event_choices":[{"event_name":"Liars Game","player_choice":"disagreed","floor":5,"damage_taken":0},{"event_name":"Match and Keep!","player_choice":"2 cards matched","floor":12,"damage_taken":0}],"is_beta":false,"boss_relics":[],"items_purged_floors":[],"is_endless":false,"potions_floor_spawned":[3,8,11,14,16],"killed_by":"Hexaghost","ascension_level":12}