{"gold_per_floor":[117,117,117,137,137,162,162,197,279,304,36,36,36,36,36,139,189,201,201,301,301,65,65,78,89,89,104,104,104,104,115,115,115],"floor_reached":33,"playtime":1897,"items_purged":["Pain"],"score":297,"play_id":"35cb6563-4d0b-4391-a1e8-dbe3d8cbaa0d","local_time":"20190223083746","is_ascension_mode":true,"campfire_choices":[{"floor":7,"key":"REST"},{"floor":13,"key":"REST"},{"floor":15,"key":"REST"},{"floor":23,"key":"REST"},{"floor":30,"key":"REST"},{"floor":32,"key":"REST"}],"neow_cost":"NONE","seed_source_timestamp":69601151433659,"circlet_count":0,"master_deck":["Strike_R","Strike_R","Strike_R","Strike_R","Strike_R","Defend_R+1","Defend_R","Defend_R","Defend_R","Bash","Cleave+1","Anger","Ghostly Armor","Pummel","Armaments","Feed+1","Perfected Strike+1","Seeing Red","Juggernaut","Anger+1","Body Slam+1","Madness","Reckless Charge+1","Iron Wave+1","Inflame","Disarm+1","Dual Wield+1","Heavy Blade+1","Shrug It Off+1"],"relics":["Fusion Hammer","Centennial Puzzle","WarpedTongs","Torii","Sundial","Molten Egg 2","Juzu Bracelet","Tiny House","Kunai","WingedGreaves","Singing Bowl","Nilry\u0027s Codex","Dream Catcher","Toxic Egg 2","MutagenicStrength"],"potions_floor_usage":[8,10,12],"damage_taken":[{"damage":1,"enemies":"Jaw Worm","floor":1,"turns":3},{"damage":0,"enemies":"Small Slimes","floor":4,"turns":2},{"damage":22,"enemies":"Lagavulin","floor":6,"turns":5},{"damage":26,"enemies":"3 Sentries","floor":8,"turns":6},{"damage":13,"enemies":"Lagavulin","floor":10,"turns":6},{"damage":17,"enemies":"Slime Boss","floor":16,"turns":7},{"damage":1,"enemies":"Spheric Guardian","floor":18,"turns":3},{"damage":21,"enemies":"Colosseum Slavers","floor":20,"turns":3},{"damage":13,"enemies":"Colosseum Nobs","floor":20,"turns":4},{"damage":4,"enemies":"3 Byrds","floor":24,"turns":5},{"damage":11,"enemies":"Shelled Parasite and Fungi","floor":25,"turns":4},{"damage":1,"enemies":"Snecko","floor":27,"turns":4},{"damage":12,"enemies":"Centurion and Healer","floor":31,"turns":5},{"damage":109,"enemies":"Automaton","floor":33,"turns":8}],"seed_played":"-3500594115189351127","potions_obtained":[{"floor":6,"key":"AttackPotion"},{"floor":8,"key":"BloodPotion"},{"floor":12,"key":"Fruit Juice"},{"floor":12,"key":"GamblersBrew"},{"floor":12,"key":"Ancient Potion"},{"floor":17,"key":"SneckoOil"}],"is_trial":false,"path_per_floor":["M","?","?","M","?","E","R","E","T","E","$","?","R","$","R","B",null,"M","?","?","?","$","R","M","M","T","M","?","?","R","M","R","B"],"character_chosen":"IRONCLAD","items_purchased":["Feed+1","Perfected Strike+1","Seeing Red","Dream Catcher","Madness"],"campfire_rested":6,"item_purchase_floors":[11,11,11,22,22],"current_hp_per_floor":[79,37,37,37,37,15,39,13,13,8,8,13,38,38,63,50,94,97,97,63,47,47,76,72,65,65,64,64,69,99,91,106,0],"gold":115,"neow_bonus":"BOSS_RELIC","is_prod":false,"is_daily":false,"chose_seed":false,"campfire_upgraded":0,"win_rate":0,"timestamp":1550882266,"path_taken":["M","?","?","M","?","E","R","E","T","E","$","?","R","?","R","BOSS","M","?","?","?","$","R","M","M","T","M","?","?","R","M","R","BOSS"],"build_version":"2019-01-23","purchased_purges":1,"victory":false,"max_hp_per_floor":[80,80,80,80,80,80,80,80,80,80,80,85,85,85,85,89,94,98,98,98,98,98,98,98,102,102,102,102,102,102,106,106,106],"card_choices":[{"not_picked":["Clash","Power Through"],"picked":"Cleave","floor":1},{"not_picked":["Twin Strike","Havoc"],"picked":"Anger","floor":4},{"not_picked":["Burning Pact","Fiend Fire"],"picked":"Ghostly Armor","floor":6},{"not_picked":["Body Slam","True Grit"],"picked":"Pummel","floor":8},{"not_picked":["Combust","Perfected Strike+1"],"picked":"Armaments","floor":10},{"not_picked":["Exhume","Limit Break"],"picked":"Juggernaut","floor":16},{"not_picked":["Blood for Blood+1","Cleave+1"],"picked":"Anger+1","floor":17},{"not_picked":["Evolve","Burning Pact"],"picked":"Anger+1","floor":18},{"not_picked":["Warcry","Clothesline+1"],"picked":"Body Slam+1","floor":20},{"not_picked":["Spot Weakness+1","Bloodletting"],"picked":"Reckless Charge+1","floor":23},{"not_picked":["Armaments","Bloodletting"],"picked":"Iron Wave+1","floor":24},{"not_picked":["Armaments","Power Through"],"picked":"Inflame","floor":25},{"not_picked":["Brutality","Thunderclap+1"],"picked":"Disarm+1","floor":27},{"not_picked":["Searing Blow+1","Clash+1"],"picked":"Dual Wield+1","floor":30},{"not_picked":["Wild Strike+1","Power Through+1"],"picked":"Heavy Blade+1","floor":31},{"not_picked":["Second Wind+1","Reckless Charge+1"],"picked":"Shrug It Off+1","floor":32}],"player_experience":43972,"relics_obtained":[{"floor":6,"key":"Torii"},{"floor":8,"key":"Sundial"},{"floor":9,"key":"Molten Egg 2"},{"floor":10,"key":"Juzu Bracelet"},{"floor":20,"key":"WingedGreaves"},{"floor":20,"key":"Singing Bowl"},{"floor":21,"key":"Nilry\u0027s Codex"},{"floor":26,"key":"Toxic Egg 2"}],"event_choices":[{"damage_healed":0,"gold_gain":0,"player_choice":"Success","damage_taken":42,"relics_obtained":["Centennial Puzzle"],"max_hp_gain":0,"max_hp_loss":0,"event_name":"Scrap Ooze","floor":2,"gold_loss":0},{"damage_healed":0,"gold_gain":0,"player_choice":"Grow","damage_taken":0,"max_hp_gain":0,"max_hp_loss":0,"event_name":"Living Wall","floor":3,"gold_loss":0,"cards_upgraded":["Cleave"]},{"damage_healed":0,"gold_gain":0,"player_choice":"Rummage","damage_taken":0,"relics_obtained":["WarpedTongs"],"max_hp_gain":0,"max_hp_loss":0,"event_name":"Accursed Blacksmith","floor":5,"gold_loss":0,"cards_obtained":["Pain"]},{"damage_healed":0,"gold_gain":0,"player_choice":"Got Potions","damage_taken":0,"max_hp_gain":0,"max_hp_loss":0,"event_name":"Lab","floor":12,"gold_loss":0},{"damage_healed":0,"gold_gain":0,"player_choice":"Opened","damage_taken":0,"relics_obtained":["Kunai"],"max_hp_gain":0,"max_hp_loss":0,"event_name":"The Mausoleum","floor":19,"gold_loss":0},{"damage_healed":0,"gold_gain":0,"player_choice":"Fight","damage_taken":0,"max_hp_gain":0,"max_hp_loss":0,"event_name":"Colosseum","floor":20,"gold_loss":0},{"damage_healed":0,"gold_gain":0,"player_choice":"Fought Nobs","damage_taken":0,"max_hp_gain":0,"max_hp_loss":0,"event_name":"Colosseum","floor":20,"gold_loss":0},{"damage_healed":0,"gold_gain":0,"player_choice":"Obtained Book","damage_taken":16,"max_hp_gain":0,"max_hp_loss":0,"event_name":"Cursed Tome","floor":21,"gold_loss":0},{"damage_healed":0,"gold_gain":0,"player_choice":"Inject Mutagens","damage_taken":0,"relics_obtained":["MutagenicStrength"],"max_hp_gain":0,"max_hp_loss":0,"event_name":"Drug Dealer","floor":28,"gold_loss":0},{"cards_removed":["Anger"],"damage_healed":5,"gold_gain":0,"player_choice":"Offered Common","damage_taken":0,"max_hp_gain":0,"max_hp_loss":0,"event_name":"Bonfire Elementals","floor":29,"gold_loss":0},{"cards_removed":["Anger"],"damage_healed":5,"gold_gain":0,"player_choice":"Offered Special","damage_taken":0,"max_hp_gain":0,"max_hp_loss":0,"event_name":"Bonfire Elementals","floor":29,"gold_loss":0}],"is_beta":false,"boss_relics":[{"not_picked":["Empty Cage","Calling Bell"],"picked":"Tiny House"}],"items_purged_floors":[11],"is_endless":false,"potions_floor_spawned":[6,8,20,31],"killed_by":"Automaton","ascension_level":1}