{"gold_per_floor":[118,118,118,118,20,59,59,73,73,73,73,112,112,148,148,274,274,287,21,21,21,21,21,87,82,108,108,149,98,223,263,263,386,386,402,418,484,484,509,509,547,40,65,106,130,148,148,148,148,148],"floor_reached":51,"playtime":2175,"items_purged":["Strike_R","Defend_R"],"score":1474,"play_id":"01ca9a91-c9c4-491e-a2ba-12aa1a09e4c7","local_time":"20181223011757","is_ascension_mode":true,"campfire_choices":[{"data":"Blind","floor":7,"key":"SMITH"},{"floor":10,"key":"REST"},{"floor":15,"key":"REST"},{"data":"Ghostly","floor":23,"key":"SMITH"},{"data":"Ghostly","floor":27,"key":"SMITH"},{"data":"Ghostly","floor":32,"key":"SMITH"},{"data":"Ghostly","floor":40,"key":"SMITH"},{"floor":49,"key":"REST"}],"neow_cost":"NONE","seed_source_timestamp":232861941486408,"circlet_count":0,"master_deck":["AscendersBane","Strike_R+1","Defend_R+1","Defend_R+1","Bash+1","Flex+1","Blind+1","Anger+1","Disarm+1","Headbutt+1","Heavy Blade+1","Shrug It Off+1","Necronomicurse","Ghostly+1","Ghostly+1","Ghostly+1","Ghostly+1","Ghostly+1","Battle Trance+1","Pommel Strike+1","Heavy Blade+1","Shrug It Off+1","Bludgeon+1","Bludgeon+1","Shrug It Off+1","Heavy Blade+1","Heavy Blade+1"],"relics":["Burning Blood","Red Skull","Magic Flower","Golden Idol","PreservedInsect","Self Forming Clay","Singing Bowl","Molten Egg 2","Ancient Tea Set","Empty Cage","Brimstone","Necronomicon","Tiny Chest","Regal Pillow","Bronze Scales","Turnip","Dodecahedron","Matryoshka","Runic Dome","Incense Burner","Juzu Bracelet","Orichalcum","Happy Flower","Pantograph","Smiling Mask","Strawberry","Letter Opener","Mark of the Bloom"],"potions_floor_usage":[12,16,24,31],"damage_taken":[{"damage":0,"enemies":"2 Louse","floor":1,"turns":4},{"damage":8,"enemies":"Gremlin Nob","floor":6,"turns":3},{"damage":0,"enemies":"Small Slimes","floor":8,"turns":3},{"damage":18,"enemies":"Lagavulin","floor":12,"turns":4},{"damage":24,"enemies":"Gremlin Nob","floor":14,"turns":4},{"damage":24,"enemies":"The Guardian","floor":16,"turns":14},{"damage":33,"enemies":"Chosen","floor":18,"turns":7},{"damage":0,"enemies":"Slavers","floor":24,"turns":3},{"damage":1,"enemies":"2 Thieves","floor":25,"turns":4},{"damage":2,"enemies":"Gremlin Leader","floor":28,"turns":4},{"damage":1,"enemies":"Colosseum Slavers","floor":30,"turns":3},{"damage":8,"enemies":"Colosseum Nobs","floor":30,"turns":4},{"damage":2,"enemies":"Book of Stabbing","floor":31,"turns":3},{"damage":3,"enemies":"Collector","floor":33,"turns":4},{"damage":0,"enemies":"Orb Walker","floor":35,"turns":2},{"damage":3,"enemies":"3 Shapes","floor":36,"turns":5},{"damage":12,"enemies":"2 Orb Walkers","floor":37,"turns":3},{"damage":0,"enemies":"Giant Head","floor":41,"turns":4},{"damage":0,"enemies":"Nemesis","floor":44,"turns":3},{"damage":0,"enemies":"Spire Growth","floor":45,"turns":2},{"damage":0,"enemies":"Sphere and 2 Shapes","floor":46,"turns":4},{"damage":10,"enemies":"Awakened One","floor":50,"turns":7}],"seed_played":"-7724088162675309700","potions_obtained":[{"floor":6,"key":"Dexterity Potion"},{"floor":8,"key":"Poison Potion"},{"floor":16,"key":"Poison Potion"},{"floor":18,"key":"LiquidBronze"},{"floor":24,"key":"Dexterity Potion"},{"floor":31,"key":"SneckoOil"},{"floor":36,"key":"SmokeBomb"}],"is_trial":false,"path_per_floor":["M","?","?","?","$","E","R","M","T","R","?","E","T","E","R","B",null,"M","$","?","?","?","R","E","M","T","R","E","$","?","E","R","B",null,"M","M","?","?","T","R","E","$","T","E","M","M","?","?","R","B",null],"character_chosen":"IRONCLAD","items_purchased":["Blind","Brimstone","Heavy Blade+1","Shrug It Off","Pantograph","Heavy Blade+1","Energy Potion"],"campfire_rested":3,"item_purchase_floors":[5,19,29,42,42,42,42],"current_hp_per_floor":[78,71,59,39,39,40,40,49,49,73,57,48,48,33,57,42,71,47,47,31,31,31,31,42,42,42,42,42,42,42,42,42,42,42,44,46,45,45,45,45,50,50,57,59,61,61,61,61,61,51],"gold":148,"neow_bonus":"RANDOM_COMMON_RELIC","is_prod":false,"is_daily":false,"chose_seed":false,"campfire_upgraded":5,"win_rate":0,"timestamp":1545556677,"path_taken":["M","?","?","?","$","E","R","M","T","R","?","E","?","E","R","BOSS","M","$","?","?","?","R","E","M","T","R","E","?","?","E","R","BOSS","M","M","?","?","?","R","E","$","T","E","M","M","?","?","R","BOSS"],"build_version":"2018-12-20","purchased_purges":2,"victory":true,"max_hp_per_floor":[80,80,80,80,80,80,80,80,80,80,80,80,80,80,80,80,80,80,80,80,40,40,40,42,42,42,42,42,42,42,42,42,42,42,44,46,48,48,48,48,50,50,57,59,61,61,61,61,61,61],"card_choices":[{"not_picked":["True Grit","Havoc"],"picked":"Flex","floor":1},{"not_picked":["Flex","Ghostly Armor"],"picked":"Anger","floor":6},{"not_picked":["Havoc","Burning Pact"],"picked":"Disarm","floor":8},{"not_picked":["Blood for Blood","Thunderclap"],"picked":"Headbutt","floor":12},{"not_picked":["Warcry","Thunderclap+1"],"picked":"Heavy Blade+1","floor":14},{"not_picked":["Feed+1","Double Tap"],"picked":"Demon Form","floor":16},{"not_picked":["Whirlwind+1","Anger+1"],"picked":"Shrug It Off","floor":18},{"not_picked":["Whirlwind+1","Dark Embrace","Headbutt+1"],"picked":"Singing Bowl","floor":24},{"not_picked":["Armaments","Thunderclap+1"],"picked":"Battle Trance","floor":25},{"not_picked":["Wild Strike+1","Thunderclap+1"],"picked":"Pommel Strike+1","floor":28},{"not_picked":["Whirlwind+1","Wild Strike+1"],"picked":"Shrug It Off+1","floor":30},{"not_picked":["Thunderclap+1","True Grit"],"picked":"Bludgeon+1","floor":31},{"not_picked":["Brutality","Juggernaut"],"picked":"Bludgeon+1","floor":33},{"not_picked":["Combust","Iron Wave+1","Warcry+1"],"picked":"Singing Bowl","floor":35},{"not_picked":["Carnage+1","Cleave+1","Perfected Strike+1"],"picked":"Singing Bowl","floor":36},{"not_picked":["Rampage+1","Twin Strike+1","Headbutt+1"],"picked":"Singing Bowl","floor":37},{"not_picked":["Fire Breathing","Bloodletting","Twin Strike+1"],"picked":"Singing Bowl","floor":41},{"not_picked":["Havoc","Demon Form","Body Slam+1"],"picked":"Singing Bowl","floor":44},{"not_picked":["Clash+1","Dropkick+1","Anger+1"],"picked":"Singing Bowl","floor":45},{"not_picked":["Pummel+1","Pommel Strike+1"],"picked":"Heavy Blade+1","floor":46}],"player_experience":430499,"relics_obtained":[{"floor":6,"key":"PreservedInsect"},{"floor":9,"key":"Self Forming Clay"},{"floor":12,"key":"Singing Bowl"},{"floor":13,"key":"Molten Egg 2"},{"floor":14,"key":"Ancient Tea Set"},{"floor":20,"key":"Necronomicon"},{"floor":24,"key":"Tiny Chest"},{"floor":26,"key":"Regal Pillow"},{"floor":28,"key":"Bronze Scales"},{"floor":30,"key":"Turnip"},{"floor":30,"key":"Dodecahedron"},{"floor":31,"key":"Matryoshka"},{"floor":37,"key":"Incense Burner"},{"floor":39,"key":"Juzu Bracelet"},{"floor":39,"key":"Orichalcum"},{"floor":41,"key":"Happy Flower"},{"floor":43,"key":"Smiling Mask"},{"floor":43,"key":"Strawberry"},{"floor":44,"key":"Letter Opener"}],"event_choices":[{"cards_removed":["Strike_R"],"damage_healed":0,"gold_gain":0,"player_choice":"Card Removal","damage_taken":7,"max_hp_gain":0,"max_hp_loss":0,"event_name":"Golden Wing","floor":2,"gold_loss":0},{"damage_healed":0,"gold_gain":0,"player_choice":"Success","damage_taken":12,"relics_obtained":["Magic Flower"],"max_hp_gain":0,"max_hp_loss":0,"event_name":"Scrap Ooze","floor":3,"gold_loss":0},{"damage_healed":0,"gold_gain":0,"player_choice":"Take Damage","damage_taken":20,"relics_obtained":["Golden Idol"],"max_hp_gain":0,"max_hp_loss":0,"event_name":"Golden Idol","floor":4,"gold_loss":0},{"damage_healed":0,"gold_gain":0,"player_choice":"Entered Light","damage_taken":16,"max_hp_gain":0,"max_hp_loss":0,"event_name":"Shining Light","floor":11,"gold_loss":0,"cards_upgraded":["Strike_R","Strike_R"]},{"damage_healed":0,"gold_gain":0,"player_choice":"Obtained Book","damage_taken":16,"max_hp_gain":0,"max_hp_loss":0,"event_name":"Cursed Tome","floor":20,"gold_loss":0},{"damage_healed":0,"gold_gain":0,"player_choice":"Became a Ghost","damage_taken":0,"max_hp_gain":0,"max_hp_loss":40,"event_name":"Ghosts","floor":21,"gold_loss":0,"cards_obtained":["Ghostly","Ghostly","Ghostly","Ghostly","Ghostly"]},{"damage_healed":0,"gold_gain":0,"player_choice":"Fight","damage_taken":0,"max_hp_gain":0,"max_hp_loss":0,"event_name":"Colosseum","floor":30,"gold_loss":0},{"damage_healed":0,"gold_gain":0,"player_choice":"Fought Nobs","damage_taken":0,"max_hp_gain":0,"max_hp_loss":0,"event_name":"Colosseum","floor":30,"gold_loss":0},{"damage_healed":0,"gold_gain":0,"player_choice":"Fight","damage_taken":0,"max_hp_gain":0,"max_hp_loss":0,"event_name":"Mysterious Sphere","floor":37,"gold_loss":0},{"cards_removed":["Demon Form"],"damage_healed":0,"gold_gain":0,"player_choice":"Removed Power","damage_taken":0,"max_hp_gain":0,"max_hp_loss":0,"event_name":"Falling","floor":38,"gold_loss":0},{"damage_healed":0,"gold_gain":0,"player_choice":"Upgrade","damage_taken":0,"relics_obtained":["Mark of the Bloom"],"max_hp_gain":0,"max_hp_loss":0,"event_name":"MindBloom","floor":47,"gold_loss":0,"cards_upgraded":["Defend_R","Defend_R","Bash","Flex","Anger","Disarm","Headbutt","Shrug It Off","Ghostly","Battle Trance","Shrug It Off"]},{"cards_removed":["Strike_R"],"damage_healed":0,"gold_gain":0,"player_choice":"Purged","damage_taken":0,"max_hp_gain":0,"max_hp_loss":0,"event_name":"Purifier","floor":48,"gold_loss":0}],"is_beta":false,"boss_relics":[{"not_picked":["Lizard Tail","Cursed Key"],"picked":"Empty Cage"},{"not_picked":["Eternal Feather","Astrolabe"],"picked":"Runic Dome"}],"items_purged_floors":[19,42],"is_endless":false,"potions_floor_spawned":[6,8,16,18,24,25,31,36,37,46],"ascension_level":12}