{"gold_per_floor":[111,111,111,111,111,142,142,173,173,197,38,38,38,59,59,59],"floor_reached":16,"playtime":622,"items_purged":["Normality"],"score":191,"play_id":"415c6a90-f00b-4b68-8cfe-2c3592d51006","local_time":"20190131232310","is_ascension_mode":true,"campfire_choices":[{"floor":7,"key":"REST"},{"floor":12,"key":"REST"},{"data":"Bash","floor":15,"key":"SMITH"}],"neow_cost":"CURSE","seed_source_timestamp":258133295461564,"circlet_count":0,"master_deck":["AscendersBane","Strike_R","Strike_R","Strike_R","Strike_R","Strike_R","Defend_R","Defend_R","Defend_R","Defend_R","Bash+1","Power Through","Injury","Anger","Clothesline","Ghostly Armor","Reckless Charge","Second Wind","Wild Strike","Flame Barrier"],"relics":["Burning Blood","Calipers","Golden Idol","Dream Catcher","Magic Flower","Darkstone Periapt","Red Skull"],"potions_floor_usage":[8,16],"damage_taken":[{"damage":7,"enemies":"Jaw Worm","floor":1,"turns":3},{"damage":58,"enemies":"Lagavulin","floor":6,"turns":11},{"damage":30,"enemies":"3 Sentries","floor":8,"turns":10},{"damage":2,"enemies":"2 Louse","floor":10,"turns":3},{"damage":0,"enemies":"Small Slimes","floor":14,"turns":3},{"damage":57,"enemies":"The Guardian","floor":16,"turns":16}],"seed_played":"-5645150283317534222","potions_obtained":[{"floor":6,"key":"Fire Potion"},{"floor":14,"key":"SkillPotion"}],"is_trial":false,"path_per_floor":["M","?","?","?","?","E","R","E","T","M","$","R","$","M","R","B"],"character_chosen":"IRONCLAD","items_purchased":["Second Wind"],"campfire_rested":2,"item_purchase_floors":[11],"current_hp_per_floor":[67,67,67,67,67,15,37,16,16,23,23,45,45,54,54,0],"gold":59,"neow_bonus":"ONE_RARE_RELIC","is_prod":false,"is_daily":false,"chose_seed":false,"campfire_upgraded":1,"win_rate":0,"timestamp":1549005790,"path_taken":["M","?","?","?","?","E","R","E","T","M","$","R","?","M","R","BOSS"],"build_version":"2019-01-23","purchased_purges":1,"victory":false,"max_hp_per_floor":[75,75,75,75,75,75,75,75,75,75,75,75,75,75,75,75],"card_choices":[{"not_picked":["Intimidate","Body Slam"],"picked":"Power Through","floor":1},{"not_picked":["Sword Boomerang","Clash"],"picked":"Anger","floor":6},{"not_picked":["Body Slam","Sword Boomerang"],"picked":"Clothesline","floor":7},{"not_picked":["Offering","Combust"],"picked":"Ghostly Armor","floor":8},{"not_picked":["Corruption","Pummel"],"picked":"Reckless Charge","floor":10},{"not_picked":["Armaments","Shrug It Off"],"picked":"Wild Strike","floor":12},{"not_picked":["Perfected Strike","Sever Soul"],"picked":"Flame Barrier","floor":14}],"player_experience":513942,"relics_obtained":[{"floor":6,"key":"Magic Flower"},{"floor":8,"key":"Darkstone Periapt"},{"floor":9,"key":"Red Skull"}],"event_choices":[{"damage_healed":0,"gold_gain":0,"player_choice":"Take Wound","damage_taken":0,"relics_obtained":["Golden Idol"],"max_hp_gain":0,"max_hp_loss":0,"event_name":"Golden Idol","floor":2,"gold_loss":0,"cards_obtained":["Injury"]},{"damage_healed":0,"gold_gain":0,"player_choice":"Box","damage_taken":0,"relics_obtained":["Dream Catcher"],"max_hp_gain":0,"max_hp_loss":0,"event_name":"Big Fish","floor":3,"gold_loss":0,"cards_obtained":["Regret"]},{"cards_removed":["Regret"],"damage_healed":0,"gold_gain":0,"player_choice":"Forget","damage_taken":0,"max_hp_gain":0,"max_hp_loss":0,"event_name":"Living Wall","floor":4,"gold_loss":0},{"damage_healed":0,"gold_gain":0,"player_choice":"Ignored","damage_taken":0,"max_hp_gain":0,"max_hp_loss":0,"event_name":"Liars Game","floor":5,"gold_loss":0}],"is_beta":false,"boss_relics":[],"items_purged_floors":[11],"is_endless":false,"potions_floor_spawned":[6,14],"killed_by":"The Guardian","ascension_level":16}