{"gold_per_floor":[20,34,54,54,19,32,61,61,61,86,116,116,128,128,128,205,205,220,4,18,35,35,35,61,61,140,140,156,156,156,173,173,250,250,262,67,67,18,18,18,43,43,69,115,143,155,167,179,191,203],"floor_reached":51,"playtime":2452,"items_purged":["Strike_R","Strike_R"],"score":1282,"play_id":"1f039c0d-554e-44fe-8cfe-2d4d2855ba5c","local_time":"20190131123502","is_ascension_mode":true,"campfire_choices":[{"data":"1","floor":8.0,"key":"LIFT"},{"data":"2","floor":12.0,"key":"LIFT"},{"floor":15.0,"key":"REST"},{"data":"3","floor":23.0,"key":"LIFT"},{"floor":27.0,"key":"REST"},{"data":"Limit Break","floor":32.0,"key":"SMITH"},{"data":"Heavy Blade","floor":40.0,"key":"SMITH"},{"data":"Flex","floor":42.0,"key":"SMITH"},{"data":"Evolve","floor":46,"key":"SMITH"},{"data":"Shrug It Off","floor":49,"key":"SMITH"}],"neow_cost":"NO_GOLD","seed_source_timestamp":79510409499833,"circlet_count":0,"master_deck":["AscendersBane","Strike_R","Strike_R","Defend_R+1","Defend_R+1","Defend_R","Bash+1","Heavy Blade+1","Carnage","Shrug It Off+1","Cleave","Flex+1","Limit Break+1","Evolve+1","Flex+1","Blind","Headbutt","Necronomicurse","Trip","Shrug It Off+1","Doubt"],"special_seed":0,"relics":["Burning Blood","Girya","Ancient Tea Set","War Paint","Singing Bowl","Odd Mushroom","Mark of Pain","Blue Candle","Letter Opener","Necronomicon","Meat on the Bone","Coffee Dripper","Red Skull","MawBank","Mercury Hourglass"],"potions_floor_usage":[44,44,50],"damage_taken":[{"damage":11.0,"enemies":"Cultist","floor":1.0,"turns":4.0},{"damage":0.0,"enemies":"Small Slimes","floor":2.0,"turns":3.0},{"damage":7.0,"enemies":"2 Louse","floor":3.0,"turns":2.0},{"damage":8.0,"enemies":"Blue Slaver","floor":6.0,"turns":4.0},{"damage":27.0,"enemies":"Lagavulin","floor":7.0,"turns":5.0},{"damage":8.0,"enemies":"Gremlin Nob","floor":10.0,"turns":3.0},{"damage":27.0,"enemies":"The Mushroom Lair","floor":11.0,"turns":6.0},{"damage":0.0,"enemies":"Large Slime","floor":13.0,"turns":3.0},{"damage":33.0,"enemies":"The Guardian","floor":16.0,"turns":15.0},{"damage":11.0,"enemies":"3 Byrds","floor":18.0,"turns":4.0},{"damage":9.0,"enemies":"Shell Parasite","floor":20.0,"turns":4.0},{"damage":19.0,"enemies":"Snecko","floor":21.0,"turns":7.0},{"damage":9.0,"enemies":"Book of Stabbing","floor":24.0,"turns":3.0},{"damage":19.0,"enemies":"Sentry and Sphere","floor":28.0,"turns":5.0},{"damage":11.0,"enemies":"Snake Plant","floor":31.0,"turns":3.0},{"damage":37.0,"enemies":"Champ","floor":33.0,"turns":7.0},{"damage":18.0,"enemies":"3 Darklings","floor":35.0,"turns":5.0},{"damage":9.0,"enemies":"Giant Head","floor":41.0,"turns":4.0},{"damage":7,"enemies":"Reptomancer","floor":44,"turns":2},{"damage":11,"enemies":"Orb Walker","floor":45,"turns":2},{"damage":63,"enemies":"Time Eater","floor":50,"turns":6}],"seed_played":"8058969131547775572","potions_obtained":[{"floor":1.0,"key":"BloodPotion"},{"floor":3.0,"key":"FearPotion"},{"floor":6.0,"key":"Strength Potion"},{"floor":21.0,"key":"PowerPotion"},{"floor":33.0,"key":"Dexterity Potion"},{"floor":39.0,"key":"SteroidPotion"},{"floor":45,"key":"SpeedPotion"}],"is_trial":false,"path_per_floor":["?","?","?","?","?","?","?","T","?","?","M","?","?"],"character_chosen":"IRONCLAD","items_purchased":["Flex","Blind","Trip","PowerPotion"],"campfire_rested":2,"item_purchase_floors":[19,19,36,38],"current_hp_per_floor":[63,69,68,61,75,73,52,52,52,52,31,31,37,14,37,10,60,55,55,54,41,41,41,40,40,40,64,53,32,32,41,41,24,71,61,61,61,61,61,61,60,60,60,59,56,56,56,93,93,48],"gold":215,"neow_bonus":"ONE_RARE_RELIC","is_prod":false,"is_daily":false,"chose_seed":false,"campfire_upgraded":5,"win_rate":0,"timestamp":1548909302,"path_taken":["M","M","M","?","?","M","E","R","T","E","?","R","M","?","R","BOSS","M","$","M","M","?","R","E","?","T","R","M","?","?","M","R","BOSS","M","$","?","$","?","R","E","R","T","E","?","R","?","?","R","BOSS"],"build_version":"2019-01-23","purchased_purges":2,"victory":true,"max_hp_per_floor":[75,75,75,75,75,75,75,75,75,77,77,77,77,77,77,77,77,77,77,79,79,79,79,81,81,81,81,83,83,83,85,85,87,87,89,89,89,89,89,89,91,91,91,91,93,93,93,93,93,93],"card_choices":[{"not_picked":["Rampage","Evolve"],"picked":"Heavy Blade","floor":1.0},{"not_picked":["Clothesline","Anger"],"picked":"Carnage","floor":2.0},{"not_picked":["Clothesline","Infernal Blade"],"picked":"Shrug It Off","floor":3.0},{"not_picked":["Clothesline","Shockwave","Dual Wield"],"picked":"SKIP","floor":6.0},{"not_picked":["Brutality","Searing Blow","Pommel Strike"],"picked":"SKIP","floor":7.0},{"not_picked":["Rupture","Seeing Red","Combust"],"picked":"Singing Bowl","floor":10.0},{"not_picked":["True Grit","Pommel Strike"],"picked":"Cleave","floor":11.0},{"not_picked":["Thunderclap","Twin Strike"],"picked":"Flex","floor":13.0},{"not_picked":["Impervious","Fiend Fire"],"picked":"Limit Break","floor":16.0},{"not_picked":["Bloodletting+1","Wild Strike"],"picked":"Evolve","floor":18.0},{"not_picked":["Dropkick","Sever Soul","Cleave"],"picked":"Singing Bowl","floor":20.0},{"not_picked":["True Grit","Dual Wield"],"picked":"Headbutt","floor":21.0},{"not_picked":["Wild Strike","Headbutt","Iron Wave"],"picked":"Singing Bowl","floor":24.0},{"not_picked":["Havoc","Shrug It Off","Iron Wave"],"picked":"Singing Bowl","floor":28.0},{"not_picked":["Anger","Sword Boomerang","Clash"],"picked":"Singing Bowl","floor":31.0},{"not_picked":["Berserk","Exhume","Juggernaut"],"picked":"Singing Bowl","floor":33.0},{"not_picked":["Perfected Strike+1","Thunderclap","Combust+1"],"picked":"Singing Bowl","floor":35.0},{"not_picked":["Rage","Dropkick+1","Combust+1"],"picked":"Singing Bowl","floor":41.0},{"not_picked":["Hemokinesis","Anger"],"picked":"Shrug It Off+1","floor":44},{"not_picked":["Havoc","Seeing Red+1","Armaments+1"],"picked":"Singing Bowl","floor":45}],"player_experience":176424,"relics_obtained":[{"floor":7.0,"key":"Ancient Tea Set"},{"floor":9.0,"key":"War Paint"},{"floor":10.0,"key":"Singing Bowl"},{"floor":11.0,"key":"Odd Mushroom"},{"floor":24.0,"key":"Blue Candle"},{"floor":26.0,"key":"Letter Opener"},{"floor":29.0,"key":"Necronomicon"},{"floor":30.0,"key":"Meat on the Bone"},{"floor":41.0,"key":"Red Skull"},{"floor":43.0,"key":"MawBank"},{"floor":44,"key":"Mercury Hourglass"}],"event_choices":[{"cards_removed":["Strike_R"],"damage_healed":0.0,"max_hp_gain":0.0,"max_hp_loss":0.0,"gold_gain":0.0,"event_name":"Golden Wing","player_choice":"Card Removal","floor":4.0,"gold_loss":0.0,"damage_taken":7.0},{"damage_healed":18.0,"max_hp_gain":0.0,"max_hp_loss":0.0,"gold_gain":0.0,"event_name":"The Cleric","player_choice":"Healed","floor":5.0,"gold_loss":35.0,"damage_taken":0.0},{"damage_healed":0.0,"max_hp_gain":0.0,"max_hp_loss":0.0,"gold_gain":0.0,"event_name":"Mushrooms","player_choice":"Fought Mushrooms","floor":11.0,"gold_loss":0.0,"damage_taken":0.0},{"damage_healed":0.0,"max_hp_gain":0.0,"max_hp_loss":0.0,"gold_gain":0.0,"event_name":"Shining Light","player_choice":"Entered Light","floor":14.0,"gold_loss":0.0,"damage_taken":23.0,"cards_upgraded":["Flex","Bash"]},{"damage_healed":0.0,"max_hp_gain":0.0,"max_hp_loss":0.0,"gold_gain":0.0,"event_name":"Beggar","player_choice":"Ignored","floor":25.0,"gold_loss":0.0,"damage_taken":0.0},{"damage_healed":0.0,"max_hp_gain":0.0,"max_hp_loss":0.0,"gold_gain":0.0,"event_name":"Cursed Tome","player_choice":"Obtained Book","floor":29.0,"gold_loss":0.0,"damage_taken":21.0},{"cards_removed":["Defend_R"],"damage_healed":0.0,"max_hp_gain":0.0,"max_hp_loss":0.0,"gold_gain":0.0,"event_name":"Falling","player_choice":"Removed Skill","floor":37.0,"gold_loss":0.0,"damage_taken":0.0},{"damage_healed":0.0,"max_hp_gain":0.0,"max_hp_loss":0.0,"gold_gain":0.0,"event_name":"Lab","player_choice":"Got Potions","floor":39.0,"gold_loss":0.0,"damage_taken":0.0},{"damage_healed":0,"gold_gain":0,"player_choice":"Ignored","damage_taken":0,"max_hp_gain":0,"max_hp_loss":0,"event_name":"Mysterious Sphere","floor":47,"gold_loss":0},{"damage_healed":37,"gold_gain":0,"player_choice":"Heal","damage_taken":0,"max_hp_gain":0,"max_hp_loss":0,"event_name":"MindBloom","floor":48,"gold_loss":0,"cards_obtained":["Doubt"]}],"is_beta":false,"boss_relics":[{"not_picked":["Black Blood","Astrolabe"],"picked":"Mark of Pain"},{"not_picked":["Tiny House","Black Star"],"picked":"Coffee Dripper"}],"items_purged_floors":[19,36],"is_endless":false,"potions_floor_spawned":[1,3,6,21,33,45],"ascension_level":15}