{"gold_per_floor":[18,32,32,32,49,79,79,114,114,114,130,145,157,157,157,157],"floor_reached":16,"playtime":1014,"items_purged":[],"score":221,"play_id":"f8bae05c-1c8a-424e-8919-5eed002fdcb4","local_time":"20190115195104","is_ascension_mode":true,"campfire_choices":[{"data":"Shrug It Off","floor":7,"key":"SMITH"},{"floor":10,"key":"REST"},{"floor":15,"key":"REST"}],"neow_cost":"NO_GOLD","seed_source_timestamp":320851748216450,"circlet_count":0,"master_deck":["AscendersBane","Strike_R","Strike_R+1","Strike_R","Strike_R+1","Strike_R","Defend_R","Defend_R","Defend_R","Defend_R","Bash","Pommel Strike","Shrug It Off+1","Feed","Armaments","Second Wind","Clash"],"relics":["Burning Blood","Mango","Pear","Magic Flower","Du-Vu Doll"],"potions_floor_usage":[6,13,13,16],"damage_taken":[{"damage":6,"enemies":"2 Louse","floor":1,"turns":3},{"damage":6,"enemies":"Cultist","floor":2,"turns":4},{"damage":10,"enemies":"Small Slimes","floor":5,"turns":3},{"damage":50,"enemies":"Lagavulin","floor":6,"turns":8},{"damage":32,"enemies":"Gremlin Nob","floor":8,"turns":5},{"damage":17,"enemies":"Red Slaver","floor":11,"turns":4},{"damage":3,"enemies":"3 Louse","floor":12,"turns":4},{"damage":25,"enemies":"Gremlin Gang","floor":13,"turns":5},{"damage":55,"enemies":"Hexaghost","floor":16,"turns":9}],"seed_played":"1548611040483650100","potions_obtained":[{"floor":5,"key":"Fire Potion"},{"floor":8,"key":"FearPotion"},{"floor":12,"key":"SteroidPotion"},{"floor":13,"key":"Swift Potion"}],"is_trial":false,"path_per_floor":["M","M","?","$","M","E","R","E","T","R","M","M","M","?","R","B"],"character_chosen":"IRONCLAD","items_purchased":[],"campfire_rested":2,"item_purchase_floors":[],"current_hp_per_floor":[82,82,89,89,85,51,51,25,25,54,51,63,52,19,51,0],"gold":157,"neow_bonus":"ONE_RARE_RELIC","is_prod":false,"is_daily":false,"chose_seed":false,"campfire_upgraded":1,"win_rate":0,"timestamp":1547610664,"path_taken":["M","M","?","?","M","E","R","E","T","R","M","M","?","?","R","BOSS"],"build_version":"2019-01-10","purchased_purges":0,"victory":false,"max_hp_per_floor":[89,89,89,89,89,99,99,99,99,99,102,106,109,109,109,109],"card_choices":[{"not_picked":["Havoc","Body Slam"],"picked":"Dropkick","floor":1},{"not_picked":["Reckless Charge","Dropkick"],"picked":"Pommel Strike","floor":2},{"not_picked":["Metallicize","Shockwave"],"picked":"Shrug It Off","floor":5},{"not_picked":["Entrench","Combust"],"picked":"Feed","floor":6},{"not_picked":["Battle Trance","Rampage"],"picked":"Armaments","floor":8},{"not_picked":["Thunderclap","Ghostly Armor"],"picked":"Second Wind","floor":11},{"not_picked":["Anger","Shockwave"],"picked":"Clash","floor":12},{"not_picked":["Twin Strike","Havoc","Entrench"],"picked":"SKIP","floor":13}],"player_experience":487554,"relics_obtained":[{"floor":6,"key":"Pear"},{"floor":8,"key":"Magic Flower"},{"floor":9,"key":"Du-Vu Doll"}],"event_choices":[{"cards_removed":["Dropkick"],"damage_healed":7,"gold_gain":0,"player_choice":"Offered Uncommon","damage_taken":0,"max_hp_gain":0,"max_hp_loss":0,"event_name":"Bonfire Elementals","floor":3,"gold_loss":0},{"damage_healed":0,"gold_gain":0,"player_choice":"Entered Light","damage_taken":33,"max_hp_gain":0,"max_hp_loss":0,"event_name":"Shining Light","floor":14,"gold_loss":0,"cards_upgraded":["Strike_R","Strike_R"]}],"is_beta":false,"boss_relics":[],"items_purged_floors":[],"is_endless":false,"potions_floor_spawned":[5,8,12,13],"killed_by":"Hexaghost","ascension_level":15}