{"gold_per_floor":[115,115,155,31,45,45,70,85,85,50,64,64,64,84,84,147,147,163,243,257,33,33,33,51,51,89,32,32,32,32,61,61,134,134,148,110,110,110,32,57,0,30,30,62,62,62,108,122,144,178,178,183,193],"floor_reached":54,"playtime":2700,"items_purged":["Strike_B"],"score":2832,"play_id":"fbd653ea-e284-4633-8e82-17cc70ae5ac8","local_time":"20190225191537","is_ascension_mode":true,"campfire_choices":[{"data":"Apotheosis","floor":6.0,"key":"SMITH"},{"data":"Crystallizer","floor":13.0,"key":"SMITH"},{"data":"RabbitOfFibonacci","floor":15.0,"key":"SMITH"},{"data":"Seek","floor":23.0,"key":"SMITH"},{"data":"Chill","floor":25.0,"key":"SMITH"},{"data":"RabbitOfFibonacci+1","floor":32.0,"key":"SMITH"},{"data":"Pulse","floor":43.0,"key":"SMITH"},{"data":"RabbitOfFibonacci+2","floor":46.0,"key":"SMITH"},{"data":"Echo Form","floor":51.0,"key":"SMITH"}],"neow_cost":"","seed_source_timestamp":761896448934400,"circlet_count":0,"master_deck":["AscendersBane","Strike_B","Strike_B","Defend_B","Defend_B","Defend_B","Defend_B","Zap","Dualcast","RabbitOfFibonacci+3","BloodyBrimstone","Survey Options","Apotheosis+1","LackOfEnergy","Survey Options","Rebound","Mirror Shield","Crystallizer+1","Conserve Battery","Creative AI","Beam Cell","ReplayTheSpireMod:Reroute Power","Reboot","Core Surge","conspire:Banana","Seek+1","strawberrySpire:NeonFlight","Genetic Algorithm+1","Hologram","jedi:BurstFrost","Chill+1","Glacier","strawberrySpire:HateBit","strawberrySpire:AnotherWinter","Core Surge","Mirror Shield","Cold Snap","Pulse+1","Panic Button","Skim+1","White Noise","Pulse","FIFO Queue","ReplaySort","Echo Form+1"],"special_seed":0,"relics":["Cracked Core","HushsDoor","Void","TheBean","Membership Card","GuppysHead","Prayer Wheel","EqualTreatment","halation:QuantumPhysicsTextbook","MerchantsRug","ReplayFunnel","Baseball","hubris:Spice","Omamori","aspiration:EmptySkull","Potion Belt","BelialBook","jedi:crownofsimplicity","Dodecahedron","Matryoshka","hubris:CuriousFeather","GuppysCollar","JudasShadow","halation:IllGainedPizza","Chameleon Ring","Regal Pillow","GuppysTail","Red Mask","Pantograph","HeartOfDaVinci","strawberrySpire:ElefentMask","Ginger","CherryCoatedStake"],"potions_floor_usage":[53,53],"damage_taken":[{"damage":4.0,"enemies":"Jaw Worm","floor":1.0,"turns":2.0},{"damage":0.0,"enemies":"Hiden Room Battle","floor":3.0,"turns":1.0},{"damage":0.0,"enemies":"2 Louse","floor":5.0,"turns":2.0},{"damage":0.0,"enemies":"Lagavulin","floor":7.0,"turns":4.0},{"damage":0.0,"enemies":"Cultist","floor":8.0,"turns":3.0},{"damage":0.0,"enemies":"Exordium Thugs","floor":11.0,"turns":3.0},{"damage":5.0,"enemies":"Gremlin Nob","floor":14.0,"turns":3.0},{"damage":0.0,"enemies":"Hexaghost","floor":16.0,"turns":5.0},{"damage":0.0,"enemies":"theJungle:GiantWrat","floor":18.0,"turns":3.0},{"damage":6.0,"enemies":"Shell Parasite","floor":20.0,"turns":4.0},{"damage":17.0,"enemies":"theJungle:2_Snecko_Cultists","floor":24.0,"turns":4.0},{"damage":0.0,"enemies":"theJungle:MamaSnecko","floor":31.0,"turns":4.0},{"damage":0.0,"enemies":"theJungle:TotemBoss","floor":33.0,"turns":5.0},{"damage":0.0,"enemies":"Orb Walker","floor":35.0,"turns":3.0},{"damage":18.0,"enemies":"3 Shapes","floor":40.0,"turns":4.0},{"damage":0.0,"enemies":"Nemesis","floor":42.0,"turns":5.0},{"damage":0.0,"enemies":"Giant Head","floor":44.0,"turns":7.0},{"damage":0.0,"enemies":"2 Orb Walkers","floor":47.0,"turns":4.0},{"damage":0.0,"enemies":"Jaw Worm Horde","floor":48.0,"turns":4.0},{"damage":0.0,"enemies":"4 Shapes","floor":49.0,"turns":3.0},{"damage":3.0,"enemies":"Time Eater","floor":52.0,"turns":7.0},{"damage":0,"enemies":"Donu and Deca","floor":53,"turns":6}],"seed_played":"-3639765167342055158","potions_obtained":[{"floor":1.0,"key":"Adrenaline Potion"},{"floor":3.0,"key":"Flashbang"},{"floor":5.0,"key":"SteroidPotion"},{"floor":20.0,"key":"Dexterity Potion"},{"floor":33.0,"key":"Toxic Potion"},{"floor":40.0,"key":"Dexterity Potion"},{"floor":44.0,"key":"Swift Potion"}],"is_trial":false,"path_per_floor":["M","?","?","$","M","R","E","M","T","?","M","T","R","E","R","B",null,"M","?","M","$","?","R","M","R","T","$","?","?","$","E","R","B",null,"M","$","PTL","PTL","$","M","?","E","R","E","T","R","?","M","M","?","R","B","B",null],"character_chosen":"DEFECT","items_purchased":["Membership Card","Prayer Wheel","Survey Options","ReplayTheSpireMod:ShopPack","MerchantsRug","ReplayFunnel","Baseball","Omamori","BelialBook","Crystallizer","GuppysCollar","JudasShadow","Core Surge","conspire:Banana","Seek","jedi:holywater","MealTicket","halation:IllGainedPizza","jedi:BurstFrost","Glacier","strawberrySpire:HateBit","GuppysTail","Core Surge","Mirror Shield","Pulse","Panic Button"],"campfire_rested":0,"item_purchase_floors":[0,0,0,0,0,0,0,0,4,4,17,17,17,17,17,17,21,21,21,27,27,34,34,34,36,39],"current_hp_per_floor":[24,17,17,17,17,17,17,17,17,32,32,32,32,27,27,27,34,36,25,21,21,37,37,22,22,22,34,34,34,34,36,36,38,44,46,46,46,46,51,34,34,35,35,36,36,36,36,36,38,23,23,42,60],"gold":193,"neow_bonus":"","is_prod":false,"is_daily":false,"chose_seed":false,"campfire_upgraded":9,"win_rate":0,"timestamp":1551093337,"path_taken":["M","?","?","$","M","R","E","?","T","?","M","?","R","E","R","BOSS","M","?","?","?","?","R","?","R","T","$","?","?","?","E","R","BOSS","M","?","PTL","PTL","$","?","?","E","R","E","T","R","?","M","M","?","R","BOSS","BOSS"],"build_version":"2019-01-23","purchased_purges":1,"victory":true,"max_hp_per_floor":[79,79,79,79,79,79,79,79,79,79,79,79,79,79,79,79,39,38,38,40,40,60,60,62,62,62,62,62,62,62,64,64,66,49,51,51,51,51,51,52,52,53,53,54,54,54,54,54,56,56,56,58,60],"card_choices":[{"not_picked":[],"picked":"BloodyBrimstone","floor":0.0},{"not_picked":["strawberrySpire:Dropbox","Arrangement"],"picked":"Apotheosis","floor":0.0},{"not_picked":["Jack Of All Trades","ColorfulAttack"],"picked":"LackOfEnergy","floor":0.0},{"not_picked":["BloodBlade","Dramatic Entrance"],"picked":"Survey Options","floor":0.0},{"not_picked":["Rebound","jedi:locknload"],"picked":"Bomb","floor":1.0},{"not_picked":["Rip and Tear","strawberrySpire:Disconnect"],"picked":"Bomb","floor":1.0},{"not_picked":["Undo","Coolheaded"],"picked":"Mirror Shield","floor":3.0},{"not_picked":["Hologram","ReplayTheSpireMod:System Scan"],"picked":"Conserve Battery","floor":5.0},{"not_picked":["Stack","strawberrySpire:DataDump"],"picked":"Creative AI","floor":5.0},{"not_picked":["BasicCrystalCard","Rebound","ReplayTheSpireMod:GoodbyeWorld"],"picked":"SKIP","floor":7.0},{"not_picked":["BasicCrystalCard","ReplayTheSpireMod:System Scan"],"picked":"Bomb","floor":8.0},{"not_picked":["ReplayTheSpireMod:Repulse","strawberrySpire:DataDump"],"picked":"Beam Cell","floor":8.0},{"not_picked":["ReplayTheSpireMod:Repulse","strawberrySpire:DataDump"],"picked":"ReplayTheSpireMod:Reroute Power","floor":11.0},{"not_picked":["strawberrySpire:DataDump","strawberrySpire:GearCrunch","Beam Cell"],"picked":"SKIP","floor":11.0},{"not_picked":["Auto Shields","Redo","jedi:BurstDark"],"picked":"SKIP","floor":14.0},{"not_picked":["conspire:Rain","Machine Learning"],"picked":"Reboot","floor":16.0},{"not_picked":["Barrage","Rebound+1"],"picked":"strawberrySpire:NeonFlight","floor":18.0},{"not_picked":["Melter","Rebound"],"picked":"Genetic Algorithm+1","floor":18.0},{"not_picked":["Steam Power","strawberrySpire:Disconnect"],"picked":"Hologram","floor":20.0},{"not_picked":["strawberrySpire:Disconnect","Steam Power","Doom and Gloom"],"picked":"SKIP","floor":20.0},{"not_picked":["Streamline","strawberrySpire:DataDump"],"picked":"Chill","floor":24.0},{"not_picked":["Leap","strawberrySpire:Disconnect","strawberrySpire:DataDump"],"picked":"SKIP","floor":24.0},{"not_picked":["Ball Lightning","Leap","strawberrySpire:GearCrunch+1"],"picked":"SKIP","floor":31.0},{"not_picked":["jedi:readyaimfire","ReplayTheSpireMod:Fabricate Wheel"],"picked":"strawberrySpire:AnotherWinter","floor":33.0},{"not_picked":["Ball Lightning","Heatsinks"],"picked":"Cold Snap","floor":35.0},{"not_picked":["ReplayTheSpireMod:Repulse+1","jedi:locknload+1","Leap+1"],"picked":"SKIP","floor":35.0},{"not_picked":["jedi:blockon","jedi:BurstFrost"],"picked":"Skim+1","floor":40.0},{"not_picked":["Ball Lightning","Conserve Battery","jedi:sharpshooter"],"picked":"SKIP","floor":40.0},{"not_picked":["ReplayTheSpireMod:Reroute Power","Barrage"],"picked":"White Noise","floor":42.0},{"not_picked":["Reboot","Crystallizer"],"picked":"Pulse","floor":44.0},{"not_picked":["DiskWipe","Steam+1"],"picked":"FIFO Queue","floor":47.0},{"not_picked":["strawberrySpire:BreederCore","Redo","Go for the Eyes"],"picked":"SKIP","floor":48.0},{"not_picked":["strawberrySpire:THEL+1","strawberrySpire:Disconnect","Streamline"],"picked":"SKIP","floor":48.0},{"not_picked":["BasicCrystalCard","Reprogram"],"picked":"ReplaySort","floor":49.0},{"not_picked":["Steam","Barrage+1"],"picked":"Echo Form","floor":49.0}],"player_experience":873660,"relics_obtained":[{"floor":3.0,"key":"aspiration:EmptySkull"},{"floor":3.0,"key":"Potion Belt"},{"floor":7.0,"key":"jedi:crownofsimplicity"},{"floor":9.0,"key":"Dodecahedron"},{"floor":12.0,"key":"Matryoshka"},{"floor":14.0,"key":"hubris:CuriousFeather"},{"floor":26.0,"key":"Chameleon Ring"},{"floor":31.0,"key":"Regal Pillow"},{"floor":42.0,"key":"Pantograph"},{"floor":44.0,"key":"HeartOfDaVinci"},{"floor":45.0,"key":"strawberrySpire:ElefentMask"},{"floor":45.0,"key":"Ginger"},{"floor":47.0,"key":"CherryCoatedStake"}],"event_choices":[{"cards_removed":["Strike_B"],"damage_healed":0.0,"max_hp_gain":0.0,"max_hp_loss":0.0,"gold_gain":0.0,"event_name":"Golden Wing","player_choice":"Card Removal","floor":2.0,"gold_loss":0.0,"damage_taken":7.0},{"damage_healed":0.0,"max_hp_gain":0.0,"max_hp_loss":0.0,"gold_gain":0.0,"event_name":"HidenRoomEvent","player_choice":"Fight","floor":3.0,"gold_loss":0.0,"damage_taken":0.0},{"damage_healed":19.0,"max_hp_gain":0.0,"max_hp_loss":0.0,"gold_gain":0.0,"event_name":"The Cleric","player_choice":"Healed","floor":10.0,"gold_loss":35.0,"damage_taken":0.0},{"damage_healed":0.0,"max_hp_gain":0.0,"max_hp_loss":0.0,"gold_gain":0.0,"event_name":"Tomb of Lord Red Mask","player_choice":"Paid","floor":41.0,"gold_loss":57.0,"damage_taken":0.0,"relics_obtained":["Red Mask"]},{"damage_healed":0.0,"max_hp_gain":0.0,"max_hp_loss":0.0,"gold_gain":0.0,"event_name":"Mysterious Sphere","player_choice":"Fight","floor":47.0,"gold_loss":0.0,"damage_taken":0.0}],"is_beta":false,"boss_relics":[{"not_picked":["Accursed"],"picked":"GraspOfShadows"},{"not_picked":[]},{"not_picked":["MetallicRebirth"],"picked":"GraspOfShadows"},{"not_picked":[]}],"items_purged_floors":[39],"is_endless":false,"potions_floor_spawned":[1,3,5,20,33,40,44,48,49],"ascension_level":25}