{"gold_per_floor":[116,116,41,51,15,15,41,60,60,60,60,94,94,112,112,217,217,231,330,74,91,91,91],"floor_reached":23,"playtime":539,"items_purged":["Defend_G"],"score":247,"play_id":"1f740e04-845a-4a0f-b287-ea6410b1bc78","local_time":"20181116152224","is_ascension_mode":false,"campfire_choices":[{"data":"Noxious Fumes","floor":6,"key":"SMITH"},{"data":"Neutralize","floor":10,"key":"SMITH"},{"data":"Noxious Fumes","floor":15,"key":"SMITH"}],"neow_cost":"NONE","seed_source_timestamp":9597247231277,"circlet_count":0,"master_deck":["Defend_G","Defend_G","Defend_G","Defend_G","Strike_G","Survivor","Neutralize+1","Flying Knee","Dagger Spray","Noxious Fumes+1","Poisoned Stab","Noxious Fumes+1","Corpse Explosion","Deadly Poison","Burst"],"relics":["Ring of the Snake","NeowsBlessing","Mango","Singing Bowl","Ancient Tea Set","Empty Cage","Gremlin Horn"],"potions_floor_usage":[16,16,21,23],"damage_taken":[{"damage":0,"enemies":"Jaw Worm","floor":1,"turns":1},{"damage":0,"enemies":"Small Slimes","floor":4,"turns":1},{"damage":0,"enemies":"Lagavulin","floor":7,"turns":1},{"damage":1,"enemies":"Cultist","floor":8,"turns":3},{"damage":11,"enemies":"3 Sentries","floor":12,"turns":6},{"damage":3,"enemies":"Blue Slaver","floor":14,"turns":4},{"damage":13,"enemies":"The Guardian","floor":16,"turns":8},{"damage":5,"enemies":"3 Byrds","floor":18,"turns":3},{"damage":26,"enemies":"2 Thieves","floor":21,"turns":5},{"damage":57,"enemies":"Gremlin Leader","floor":23,"turns":4}],"seed_played":"-1156458471257798678","potions_obtained":[{"floor":4,"key":"SkillPotion"},{"floor":12,"key":"Poison Potion"},{"floor":16,"key":"SpeedPotion"},{"floor":21,"key":"Poison Potion"}],"is_trial":false,"path_per_floor":["M","?","$","M","$","R","E","M","T","R","?","E","?","M","R","B",null,"M","?","$","M","?","E"],"character_chosen":"THE_SILENT","items_purchased":["Noxious Fumes","Gremlin Horn"],"campfire_rested":0,"item_purchase_floors":[5,20],"current_hp_per_floor":[70,70,70,70,70,70,84,83,83,83,83,72,65,62,62,49,84,79,79,79,55,55,0],"gold":91,"neow_bonus":"THREE_ENEMY_KILL","is_prod":false,"is_daily":false,"chose_seed":false,"campfire_upgraded":3,"win_rate":0,"timestamp":1542378144,"path_taken":["M","?","$","M","$","R","E","M","T","R","?","E","?","?","R","BOSS","M","?","$","M","?","E"],"build_version":"2018-11-15","purchased_purges":1,"victory":false,"max_hp_per_floor":[70,70,70,70,70,70,84,84,84,84,84,84,84,84,84,84,84,84,84,84,86,86,86],"card_choices":[{"not_picked":["Slice","Quick Slash"],"picked":"Flying Knee","floor":1},{"not_picked":["Riddle With Holes","Bane"],"picked":"Dagger Spray","floor":4},{"not_picked":["Underhanded Strike","Predator","Doppelganger"],"picked":"SKIP","floor":7},{"not_picked":["Dagger Throw","Dagger Spray","Sucker Punch"],"picked":"SKIP","floor":8},{"not_picked":["Terror","Bullet Time"],"picked":"Poisoned Stab","floor":12},{"not_picked":["Terror","All Out Attack"],"picked":"Noxious Fumes","floor":14},{"not_picked":["Die Die Die","Night Terror"],"picked":"Corpse Explosion","floor":16},{"not_picked":["Terror","PiercingWail"],"picked":"Deadly Poison","floor":18},{"not_picked":["Heel Hook","Dagger Spray+1","Sucker Punch"],"picked":"Singing Bowl","floor":21}],"player_experience":667183,"relics_obtained":[{"floor":7,"key":"Mango"},{"floor":9,"key":"Singing Bowl"},{"floor":12,"key":"Ancient Tea Set"}],"event_choices":[{"cards_removed":["Strike_G"],"damage_healed":0,"gold_gain":0,"player_choice":"Forget","damage_taken":0,"max_hp_gain":0,"max_hp_loss":0,"event_name":"Living Wall","floor":2,"gold_loss":0},{"damage_healed":0,"gold_gain":0,"player_choice":"Ignored","damage_taken":0,"max_hp_gain":0,"max_hp_loss":0,"event_name":"Liars Game","floor":11,"gold_loss":0},{"cards_removed":["Strike_G"],"damage_healed":0,"gold_gain":0,"player_choice":"Card Removal","damage_taken":7,"max_hp_gain":0,"max_hp_loss":0,"event_name":"Golden Wing","floor":13,"gold_loss":0},{"damage_healed":0,"gold_gain":99,"player_choice":"Stole From Cult","damage_taken":0,"max_hp_gain":0,"max_hp_loss":0,"event_name":"Nest","floor":19,"gold_loss":0},{"damage_healed":0,"gold_gain":0,"player_choice":"1 cards matched","damage_taken":0,"max_hp_gain":0,"max_hp_loss":0,"event_name":"Match and Keep!","floor":22,"gold_loss":0,"cards_obtained":["Burst"]}],"is_beta":false,"boss_relics":[{"not_picked":["Ectoplasm","White Beast Statue"],"picked":"Empty Cage"}],"items_purged_floors":[3],"is_endless":false,"potions_floor_spawned":[4,12,16,21],"killed_by":"Gremlin Leader","ascension_level":0}