{"gold_per_floor":[109,121,121,101,116,116,116,116,116,116,149,160,160,210,210,287,287,307,321,321,39,59,59,89,100,100,100,130,130,130,144,144,219,219,233,52,0,11,1010,1010,1021,1021,1021,1021,1021,1031,1050,1063,1063,1063],"floor_reached":50,"playtime":2060,"items_purged":["Eviscerate"],"score":1037,"play_id":"3266c0f2-f274-4caf-a271-1f32098054f6","local_time":"20190115230306","is_ascension_mode":true,"campfire_choices":[{"data":"Noxious Fumes","floor":6.0,"key":"SMITH"},{"data":"Deadly Poison","floor":8.0,"key":"SMITH"},{"data":"Neutralize","floor":10.0,"key":"SMITH"},{"data":"Calculated Gamble","floor":13.0,"key":"SMITH"},{"data":"Survivor","floor":15.0,"key":"SMITH"},{"data":"Catalyst","floor":23.0,"key":"SMITH"},{"floor":27,"key":"REST"},{"data":"Discovery","floor":32,"key":"SMITH"},{"data":"Wraith Form v2","floor":40,"key":"SMITH"},{"floor":42,"key":"REST"},{"data":"Adrenaline","floor":44,"key":"SMITH"},{"data":"Bouncing Flask","floor":49,"key":"SMITH"}],"neow_cost":"NONE","seed_source_timestamp":377429467565625,"circlet_count":0,"master_deck":["AscendersBane","Survivor+1","Neutralize+1","Deadly Poison+1","Noxious Fumes+1","Calculated Gamble+1","Adrenaline+1","Crippling Poison","Slice","Calculated Gamble","Wraith Form v2+1","Dagger Throw","Deflect","Dodge and Roll","Distraction","Deadly Poison","Well Laid Plans","Discovery+1","Backflip","Catalyst+1","Bouncing Flask+1","Deflect","Writhe","Decay","Malaise+1","Impatience+1","Backflip+1","PiercingWail+1","Bouncing Flask+1","Normality","Normality","Prepared+1","Leg Sweep+1","Dodge and Roll+1"],"special_seed":0,"relics":["Ring of the Snake","NeowsBlessing","Letter Opener","Pantograph","Meat on the Bone","Pandora\u0027s Box","Boot","Toxic Egg 2","Bottled Flame","Centennial Puzzle","Philosopher\u0027s Stone","Red Mask","Bronze Scales"],"potions_floor_usage":[24,28,33,33,33,33,33,47,48,50],"damage_taken":[{"damage":0.0,"enemies":"Small Slimes","floor":1.0,"turns":1.0},{"damage":0.0,"enemies":"Cultist","floor":2.0,"turns":1.0},{"damage":0.0,"enemies":"2 Louse","floor":5.0,"turns":1.0},{"damage":21.0,"enemies":"3 Sentries","floor":11.0,"turns":8.0},{"damage":4.0,"enemies":"2 Fungi Beasts","floor":12.0,"turns":4.0},{"damage":37.0,"enemies":"Slime Boss","floor":16.0,"turns":9.0},{"damage":11.0,"enemies":"Shell Parasite","floor":18.0,"turns":4.0},{"damage":2.0,"enemies":"Chosen","floor":19.0,"turns":4.0},{"damage":3.0,"enemies":"Centurion and Healer","floor":22.0,"turns":7.0},{"damage":27,"enemies":"Slavers","floor":24,"turns":5},{"damage":5,"enemies":"Sentry and Sphere","floor":25,"turns":4},{"damage":23,"enemies":"Book of Stabbing","floor":28,"turns":5},{"damage":9,"enemies":"3 Cultists","floor":31,"turns":3},{"damage":26,"enemies":"Collector","floor":33,"turns":6},{"damage":1,"enemies":"Orb Walker","floor":35,"turns":2},{"damage":9,"enemies":"3 Shapes","floor":38,"turns":2},{"damage":12,"enemies":"Sphere and 2 Shapes","floor":41,"turns":5},{"damage":0,"enemies":"Transient","floor":46,"turns":6},{"damage":5,"enemies":"3 Darklings","floor":47,"turns":3},{"damage":24,"enemies":"Jaw Worm Horde","floor":48,"turns":5},{"damage":67,"enemies":"Donu and Deca","floor":50,"turns":6}],"seed_played":"4104629736437774633","potions_obtained":[{"floor":1.0,"key":"Fire Potion"},{"floor":4.0,"key":"Ancient Potion"},{"floor":16.0,"key":"Dexterity Potion"},{"floor":22.0,"key":"Ancient Potion"},{"floor":24,"key":"Dexterity Potion"},{"floor":28,"key":"GamblersBrew"},{"floor":31,"key":"EntropicBrew"},{"floor":33,"key":"Swift Potion"},{"floor":46,"key":"Energy Potion"},{"floor":47,"key":"Strength Potion"}],"is_trial":false,"path_per_floor":["M","M","?","?","M","R","?","R","T","R","E","M","R","?","R","B",null,"M","M","?","$","M","R","E","M","T","R","E","?","?","M","R","B",null,"M","$","?","M","?","R","M","R","T","R","?","M","M","M","R","B"],"character_chosen":"THE_SILENT","items_purchased":["Well Laid Plans","Discovery","Backflip","Impatience+1","Backflip+1","PiercingWail+1"],"campfire_rested":2,"item_purchase_floors":[21,21,21,36,36,36],"current_hp_per_floor":[59,59,48,48,48,48,41,41,41,41,20,28,28,28,28,28,57,46,44,44,44,41,41,26,33,33,52,41,41,41,44,44,40,60,59,59,59,50,50,50,38,57,57,57,57,57,52,40,40,0],"gold":1063,"neow_bonus":"THREE_ENEMY_KILL","is_prod":false,"is_daily":false,"chose_seed":false,"campfire_upgraded":10,"win_rate":0,"timestamp":1547589786,"path_taken":["M","M","?","?","?","R","?","R","T","R","E","M","R","?","R","BOSS","M","?","?","$","M","R","E","M","T","R","E","?","?","M","R","BOSS","M","$","?","M","?","R","M","R","T","R","?","M","M","M","R","BOSS"],"build_version":"2019-01-10","purchased_purges":1,"victory":false,"max_hp_per_floor":[66,66,66,66,66,66,66,66,66,66,66,66,66,66,66,66,66,66,66,66,66,66,66,66,66,66,66,66,66,66,66,66,66,66,66,66,66,66,66,66,66,66,66,66,63,63,63,63,63,63],"card_choices":[{"not_picked":["Catalyst","Sucker Punch"],"picked":"Deadly Poison","floor":1.0},{"not_picked":["Cloak And Dagger","Infinite Blades","Underhanded Strike"],"picked":"SKIP","floor":2.0},{"not_picked":["Poisoned Stab","Blade Dance"],"picked":"Noxious Fumes","floor":5.0},{"not_picked":["Predator","Quick Slash"],"picked":"Calculated Gamble","floor":11.0},{"not_picked":["Setup","Flying Knee","Quick Slash"],"picked":"SKIP","floor":12.0},{"not_picked":["After Image","Die Die Die"],"picked":"Adrenaline","floor":16.0},{"not_picked":["Slice","Tactician"],"picked":"Dodge and Roll","floor":18.0},{"not_picked":["Setup","Slice+1","Flying Knee"],"picked":"SKIP","floor":19.0},{"not_picked":["Prepared","Tactician"],"picked":"Catalyst","floor":22.0},{"not_picked":["Tactician+1","Venomology"],"picked":"Bouncing Flask","floor":24},{"not_picked":["Riddle With Holes","Quick Slash+1"],"picked":"Deflect","floor":25},{"not_picked":["Bane","Quick Slash","Prepared+1"],"picked":"SKIP","floor":28},{"not_picked":["Eviscerate","Underhanded Strike","Dash+1"],"picked":"SKIP","floor":31},{"not_picked":["Storm of Steel+1","Burst+1"],"picked":"Malaise+1","floor":33},{"not_picked":["Underhanded Strike","Concentrate+1","Skewer"],"picked":"SKIP","floor":35},{"not_picked":["Dagger Throw","Underhanded Strike"],"picked":"Bouncing Flask+1","floor":38},{"not_picked":["Cloak And Dagger+1","Choke","Deadly Poison+1"],"picked":"SKIP","floor":41},{"not_picked":["Slice+1","Blade Dance+1"],"picked":"Prepared+1","floor":46},{"not_picked":["Dagger Spray","Outmaneuver+1"],"picked":"Leg Sweep+1","floor":47},{"not_picked":["Reflex+1","Outmaneuver+1"],"picked":"Dodge and Roll+1","floor":48}],"player_experience":865179,"relics_obtained":[{"floor":9.0,"key":"Pantograph"},{"floor":11.0,"key":"Meat on the Bone"},{"floor":24,"key":"Boot"},{"floor":26,"key":"Toxic Egg 2"},{"floor":28,"key":"Bottled Flame"},{"floor":43,"key":"Bronze Scales"}],"event_choices":[{"damage_healed":0.0,"max_hp_gain":0.0,"max_hp_loss":0.0,"gold_gain":0.0,"event_name":"Scrap Ooze","player_choice":"Success","floor":3.0,"gold_loss":0.0,"damage_taken":11.0,"relics_obtained":["Letter Opener"]},{"damage_healed":0.0,"max_hp_gain":0.0,"max_hp_loss":0.0,"gold_gain":0.0,"event_name":"The Woman in Blue","player_choice":"Bought 1 Potion","floor":4.0,"gold_loss":0.0,"damage_taken":0.0},{"cards_removed":["Strike_G"],"damage_healed":0.0,"max_hp_gain":0.0,"max_hp_loss":0.0,"gold_gain":0.0,"event_name":"Golden Wing","player_choice":"Card Removal","floor":7.0,"gold_loss":0.0,"damage_taken":7.0},{"damage_healed":0.0,"max_hp_gain":0.0,"max_hp_loss":0.0,"gold_gain":50.0,"event_name":"Golden Shrine","player_choice":"Pray","floor":14.0,"gold_loss":0.0,"damage_taken":0.0},{"damage_healed":0.0,"max_hp_gain":0.0,"max_hp_loss":0.0,"gold_gain":0.0,"cards_transformed":["Riddle With Holes","Riddle With Holes"],"event_name":"Drug Dealer","player_choice":"Became Test Subject","floor":20.0,"gold_loss":0.0,"damage_taken":0.0,"cards_obtained":["Distraction","Deadly Poison"]},{"damage_healed":0,"gold_gain":0,"player_choice":"Opened","damage_taken":0,"relics_obtained":["Centennial Puzzle"],"max_hp_gain":0,"max_hp_loss":0,"event_name":"The Mausoleum","floor":29,"gold_loss":0,"cards_obtained":["Writhe"]},{"damage_healed":0,"gold_gain":0,"player_choice":"Smashed Altar","damage_taken":0,"max_hp_gain":0,"max_hp_loss":0,"event_name":"Forgotten Altar","floor":30,"gold_loss":0,"cards_obtained":["Decay"]},{"damage_healed":0,"gold_gain":0,"player_choice":"Paid","damage_taken":0,"relics_obtained":["Red Mask"],"max_hp_gain":0,"max_hp_loss":0,"event_name":"Tomb of Lord Red Mask","floor":37,"gold_loss":52},{"damage_healed":0,"gold_gain":999,"player_choice":"Gold","damage_taken":0,"max_hp_gain":0,"max_hp_loss":0,"event_name":"MindBloom","floor":39,"gold_loss":0,"cards_obtained":["Normality","Normality"]},{"damage_healed":0,"gold_gain":0,"player_choice":"Max HP","damage_taken":0,"max_hp_gain":0,"max_hp_loss":3,"event_name":"Winding Halls","floor":45,"gold_loss":0}],"is_beta":false,"boss_relics":[{"not_picked":["Runic Dome","Empty Cage"],"picked":"Pandora\u0027s Box"},{"not_picked":["Snecko Eye","Coffee Dripper"],"picked":"Philosopher\u0027s Stone"}],"items_purged_floors":[21],"is_endless":false,"potions_floor_spawned":[1,12,16,22,24,28,31,33,46,47],"killed_by":"Donu and Deca","ascension_level":18}