{"gold_per_floor":[109,109,109,109,120,120,131,145,170,9,42,42,58,76,76,180,180,199,211,211,310,322,350,369,369,369,369,0,0,15,115,115,115],"floor_reached":33,"playtime":2344,"items_purged":[],"score":305,"play_id":"854d0103-c23b-4fb6-9682-760907b81870","local_time":"20190221174314","is_ascension_mode":true,"campfire_choices":[{"data":"Armaments","floor":6,"key":"SMITH"},{"data":"Exhume","floor":12,"key":"SMITH"},{"floor":15,"key":"REST"},{"floor":25,"key":"REST"},{"data":"Shrug It Off","floor":27,"key":"SMITH"},{"data":"Metamorphosis","floor":32,"key":"SMITH"}],"neow_cost":"NONE","seed_source_timestamp":373483492216419,"circlet_count":0,"master_deck":["Defend_R","Defend_R","Defend_R","Defend_R","Bash","Reckless Charge+1","Armaments+1","Twin Strike","Shrug It Off+1","Doubt","Exhume+1","Cleave","Heavy Blade","Headbutt","Brutality","Wild Strike+1","Body Slam","Bite","Bite","Bite","Bite","Bite","Havoc+1","Intimidate+1","Dropkick","Doubt","Metamorphosis+1","Flame Barrier","Discovery","Metallicize","Wild Strike","Perfected Strike"],"relics":["Cursed Key","Vajra","Anchor","Strawberry","Mark of Pain","Pen Nib","Gremlin Horn","Nunchaku","Pantograph"],"potions_floor_usage":[],"damage_taken":[{"damage":2,"enemies":"Jaw Worm","floor":1,"turns":3},{"damage":0,"enemies":"Small Slimes","floor":5,"turns":2},{"damage":0,"enemies":"Cultist","floor":7,"turns":2},{"damage":0,"enemies":"3 Louse","floor":8,"turns":2},{"damage":11,"enemies":"Gremlin Nob","floor":11,"turns":3},{"damage":0,"enemies":"Blue Slaver","floor":13,"turns":3},{"damage":9,"enemies":"Large Slime","floor":14,"turns":5},{"damage":60,"enemies":"The Guardian","floor":16,"turns":9},{"damage":32,"enemies":"Spheric Guardian","floor":18,"turns":4},{"damage":7,"enemies":"Shell Parasite","floor":19,"turns":3},{"damage":14,"enemies":"Cultist and Chosen","floor":22,"turns":5},{"damage":26,"enemies":"Slavers","floor":23,"turns":6},{"damage":11,"enemies":"Snake Plant","floor":24,"turns":2},{"damage":14,"enemies":"Centurion and Healer","floor":30,"turns":5},{"damage":0,"enemies":"Colosseum Slavers","floor":31,"turns":4},{"damage":12,"enemies":"Colosseum Nobs","floor":31,"turns":4},{"damage":72,"enemies":"Automaton","floor":33,"turns":6}],"seed_played":"-7351205304670578798","potions_obtained":[{"floor":5,"key":"Strength Potion"},{"floor":7,"key":"AttackPotion"},{"floor":14,"key":"SneckoOil"},{"floor":24,"key":"EssenceOfSteel"}],"is_trial":false,"path_per_floor":["M","?","?","?","M","R","M","M","T","$","E","R","M","M","R","B",null,"M","M","?","?","M","E","M","R","T","R","$","?","M","?","R","B"],"character_chosen":"IRONCLAD","items_purchased":["Exhume","Metamorphosis","Flame Barrier","Discovery","Metallicize"],"campfire_rested":2,"item_purchase_floors":[10,28,28,28,28],"current_hp_per_floor":[78,78,62,50,50,50,50,50,50,50,46,46,46,37,63,3,87,55,48,48,48,44,30,19,37,37,37,37,37,27,23,23,0],"gold":115,"neow_bonus":"BOSS_RELIC","is_prod":false,"is_daily":false,"chose_seed":false,"campfire_upgraded":4,"win_rate":0,"timestamp":1550742194,"path_taken":["M","?","?","?","M","R","M","M","T","?","E","R","M","?","R","BOSS","M","M","?","?","M","E","M","R","T","R","$","?","M","?","R","BOSS"],"build_version":"2019-01-23","purchased_purges":0,"victory":false,"max_hp_per_floor":[80,80,80,80,80,80,80,80,80,80,87,87,87,87,87,87,87,87,87,60,60,60,60,60,60,60,60,60,60,60,60,60,60],"card_choices":[{"not_picked":["Havoc","Entrench"],"picked":"Reckless Charge","floor":1},{"not_picked":["Flex","Reckless Charge"],"picked":"Armaments","floor":5},{"not_picked":["Sword Boomerang","Blood for Blood"],"picked":"Twin Strike","floor":7},{"not_picked":["Twin Strike","Wild Strike"],"picked":"Shrug It Off","floor":8},{"not_picked":["Infernal Blade","Havoc"],"picked":"Cleave","floor":11},{"not_picked":["Twin Strike","Shockwave"],"picked":"Heavy Blade","floor":13},{"not_picked":["Reckless Charge","Blood for Blood"],"picked":"Headbutt","floor":14},{"not_picked":["Limit Break","Offering"],"picked":"Brutality","floor":16},{"not_picked":["Warcry","True Grit"],"picked":"Wild Strike+1","floor":18},{"not_picked":["Intimidate","Pummel"],"picked":"Body Slam","floor":19},{"not_picked":["Burning Pact","Heavy Blade"],"picked":"Havoc+1","floor":22},{"not_picked":["Havoc","Pommel Strike"],"picked":"Intimidate+1","floor":23},{"not_picked":["Headbutt","True Grit"],"picked":"Dropkick","floor":24},{"not_picked":["Exhume","Fire Breathing"],"picked":"Wild Strike","floor":30},{"not_picked":["Havoc+1","Twin Strike"],"picked":"Perfected Strike","floor":31}],"player_experience":26027,"relics_obtained":[{"floor":9,"key":"Anchor"},{"floor":11,"key":"Strawberry"},{"floor":23,"key":"Pen Nib"},{"floor":26,"key":"Gremlin Horn"},{"floor":31,"key":"Nunchaku"},{"floor":31,"key":"Pantograph"}],"event_choices":[{"damage_healed":0,"gold_gain":0,"player_choice":"Leave","damage_taken":0,"max_hp_gain":0,"max_hp_loss":0,"event_name":"The Cleric","floor":2,"gold_loss":0},{"damage_healed":0,"gold_gain":0,"player_choice":"Entered Light","damage_taken":16,"max_hp_gain":0,"max_hp_loss":0,"event_name":"Shining Light","floor":3,"gold_loss":0,"cards_upgraded":["Reckless Charge","Strike_R"]},{"damage_healed":0,"gold_gain":0,"player_choice":"Success","damage_taken":12,"relics_obtained":["Vajra"],"max_hp_gain":0,"max_hp_loss":0,"event_name":"Scrap Ooze","floor":4,"gold_loss":0},{"damage_healed":0,"gold_gain":0,"player_choice":"Became a vampire","damage_taken":0,"max_hp_gain":0,"max_hp_loss":27,"event_name":"Vampires","floor":20,"gold_loss":0,"cards_obtained":["Bite","Bite","Bite","Bite","Bite"]},{"damage_healed":0,"gold_gain":99,"player_choice":"Stole From Cult","damage_taken":0,"max_hp_gain":0,"max_hp_loss":0,"event_name":"Nest","floor":21,"gold_loss":0},{"damage_healed":0,"gold_gain":0,"player_choice":"Fight","damage_taken":0,"max_hp_gain":0,"max_hp_loss":0,"event_name":"Colosseum","floor":31,"gold_loss":0},{"damage_healed":0,"gold_gain":0,"player_choice":"Fought Nobs","damage_taken":0,"max_hp_gain":0,"max_hp_loss":0,"event_name":"Colosseum","floor":31,"gold_loss":0}],"is_beta":false,"boss_relics":[{"not_picked":["Coffee Dripper","Ectoplasm"],"picked":"Mark of Pain"}],"items_purged_floors":[],"is_endless":false,"potions_floor_spawned":[5,7,14,16,22,24,30,31],"killed_by":"Automaton","ascension_level":1}