{"gold_per_floor":[112,128,53,203,216,216,34,34,88,109,124,137,137,216,216,216],"floor_reached":16,"playtime":720,"items_purged":["Strike_R"],"score":175,"play_id":"6a12ac3f-1a5f-434c-8ac7-e1efbbd3d9cf","local_time":"20190131225250","is_ascension_mode":true,"campfire_choices":[{"floor":6,"key":"DIG"},{"floor":13,"key":"DIG"},{"floor":15,"key":"REST"}],"neow_cost":"PERCENT_DAMAGE","seed_source_timestamp":3037494390676,"circlet_count":0,"master_deck":["AscendersBane","Strike_R","Strike_R","Strike_R","Defend_R","Defend_R","Defend_R","Defend_R","Bash","Headbutt","Pummel","Doubt","Shrug It Off","Finesse","Injury","Cleave","Headbutt","Thunderclap","Ghostly Armor","Sword Boomerang+1"],"relics":["Burning Blood","Shovel","Dream Catcher","Golden Idol","Bronze Scales","Molten Egg 2","Happy Flower"],"potions_floor_usage":[10,14],"damage_taken":[{"damage":11,"enemies":"Small Slimes","floor":1,"turns":5},{"damage":7,"enemies":"2 Louse","floor":2,"turns":2},{"damage":14,"enemies":"Jaw Worm","floor":5,"turns":6},{"damage":0,"enemies":"Red Slaver","floor":10,"turns":3},{"damage":1,"enemies":"Looter","floor":11,"turns":4},{"damage":15,"enemies":"2 Fungi Beasts","floor":12,"turns":2},{"damage":22,"enemies":"3 Sentries","floor":14,"turns":7},{"damage":53,"enemies":"Slime Boss","floor":16,"turns":6}],"seed_played":"1673922227714919859","potions_obtained":[{"floor":2,"key":"Dexterity Potion"},{"floor":5,"key":"Fire Potion"}],"is_trial":false,"path_per_floor":["?","?","M","$","?","?"],"character_chosen":"IRONCLAD","items_purchased":["Finesse"],"campfire_rested":1,"item_purchase_floors":[7],"current_hp_per_floor":[45,44,44,44,36,36,36,36,36,42,47,38,38,22,44,0],"gold":216,"neow_bonus":"ONE_RARE_RELIC","is_prod":false,"is_daily":false,"chose_seed":false,"campfire_upgraded":0,"win_rate":0,"timestamp":1548946370,"path_taken":["M","M","?","?","?","R","?","?","T","M","M","M","R","?","R","BOSS"],"build_version":"2019-01-23","purchased_purges":1,"victory":false,"max_hp_per_floor":[75,75,75,75,75,75,75,75,75,75,75,75,75,75,75,75],"card_choices":[{"not_picked":["Spot Weakness","Feel No Pain"],"picked":"Headbutt","floor":1},{"not_picked":["Intimidate","Anger"],"picked":"Pummel","floor":2},{"not_picked":["Perfected Strike","Heavy Blade"],"picked":"Shrug It Off","floor":5},{"not_picked":["Ghostly Armor","Feel No Pain"],"picked":"Cleave","floor":10},{"not_picked":["Infernal Blade","Wild Strike"],"picked":"Headbutt","floor":11},{"not_picked":["Combust","Evolve"],"picked":"Thunderclap","floor":12},{"not_picked":["Exhume","Warcry"],"picked":"Ghostly Armor","floor":14},{"not_picked":["Cleave+1","Burning Pact"],"picked":"Sword Boomerang+1","floor":15}],"player_experience":200825,"relics_obtained":[{"floor":6,"key":"Dream Catcher"},{"floor":9,"key":"Bronze Scales"},{"floor":13,"key":"Molten Egg 2"},{"floor":14,"key":"Happy Flower"}],"event_choices":[{"cards_removed":["Strike_R"],"damage_healed":0,"gold_gain":0,"player_choice":"Card Removal","damage_taken":0,"max_hp_gain":0,"max_hp_loss":0,"event_name":"The Cleric","floor":3,"gold_loss":75},{"damage_healed":0,"gold_gain":150,"player_choice":"AGREE","damage_taken":0,"max_hp_gain":0,"max_hp_loss":0,"event_name":"Liars Game","floor":4,"gold_loss":0,"cards_obtained":["Doubt"]},{"damage_healed":0,"gold_gain":0,"player_choice":"Take Wound","damage_taken":0,"relics_obtained":["Golden Idol"],"max_hp_gain":0,"max_hp_loss":0,"event_name":"Golden Idol","floor":8,"gold_loss":0,"cards_obtained":["Injury"]},{"damage_healed":0,"gold_gain":0,"player_choice":"Searched \u00271\u0027 times","damage_taken":0,"max_hp_gain":0,"max_hp_loss":0,"event_name":"Dead Adventurer","floor":14,"gold_loss":0}],"is_beta":false,"boss_relics":[],"items_purged_floors":[7],"is_endless":false,"potions_floor_spawned":[2,5],"killed_by":"Slime Boss","ascension_level":18}