{"gold_per_floor":[117,117,136,154,254,254,279,279,302,315,315,88,121,141,141,212,212,222,31,130,130,147,147,162,162,216,216,232,232,262,285,285,360,360,377,377,228,246,266,266,286,286,366,366,376,376,453,470,470,470],"floor_reached":50,"playtime":1590,"items_purged":["Strike_G","Strike_G"],"score":842,"play_id":"e8dc9eeb-e0ab-4dde-ba2f-b263ce064343","local_time":"20181215221530","is_ascension_mode":true,"campfire_choices":[{"data":"Discovery","floor":6,"key":"SMITH"},{"data":"Deadly Poison","floor":8,"key":"SMITH"},{"floor":11,"key":"REST"},{"data":"Noxious Fumes","floor":15,"key":"SMITH"},{"floor":23,"key":"REST"},{"data":"Footwork","floor":25,"key":"SMITH"},{"data":"Bouncing Flask","floor":27,"key":"SMITH"},{"floor":29,"key":"REST"},{"floor":32,"key":"REST"},{"data":"Calculated Gamble","floor":40,"key":"SMITH"},{"floor":42,"key":"REST"},{"data":"After Image","floor":44,"key":"SMITH"},{"floor":49,"key":"REST"}],"neow_cost":"PERCENT_DAMAGE","seed_source_timestamp":31053369601042,"circlet_count":0,"master_deck":["AscendersBane","Defend_G","Defend_G","Defend_G","Defend_G","Defend_G","Strike_G+1","Survivor","Neutralize+1","Discovery+1","Good Instincts","Noxious Fumes+1","Deadly Poison+1","Dash","Bouncing Flask+1","Bane","Dodge and Roll","Caltrops","Caltrops","Corpse Explosion","Footwork+1","Cloak And Dagger","Calculated Gamble+1","Noxious Fumes+1","Catalyst+1","After Image+1","Backflip+1","Dodge and Roll+1","Deflect+1","Deadly Poison+1","Regret","Clumsy","Crippling Poison+1"],"relics":["Ring of the Snake","Whetstone","Lantern","Sundial","Velvet Choker","Bag of Preparation","Oddly Smooth Stone","Toxic Egg 2","Snake Skull","Cursed Key","Meat on the Bone"],"potions_floor_usage":[24,30,45,48],"damage_taken":[{"damage":2,"enemies":"2 Louse","floor":1,"turns":3},{"damage":2,"enemies":"Cultist","floor":3,"turns":4},{"damage":0,"enemies":"Small Slimes","floor":4,"turns":4},{"damage":23,"enemies":"Lagavulin","floor":7,"turns":7},{"damage":2,"enemies":"Exordium Thugs","floor":10,"turns":3},{"damage":2,"enemies":"3 Sentries","floor":13,"turns":8},{"damage":0,"enemies":"Blue Slaver","floor":14,"turns":4},{"damage":15,"enemies":"Hexaghost","floor":16,"turns":8},{"damage":32,"enemies":"2 Thieves","floor":18,"turns":4},{"damage":3,"enemies":"Shell Parasite","floor":22,"turns":4},{"damage":11,"enemies":"Shelled Parasite and Fungi","floor":24,"turns":6},{"damage":6,"enemies":"Snake Plant","floor":28,"turns":3},{"damage":6,"enemies":"Book of Stabbing","floor":30,"turns":5},{"damage":10,"enemies":"Champ","floor":33,"turns":8},{"damage":0,"enemies":"3 Shapes","floor":35,"turns":3},{"damage":14,"enemies":"3 Darklings","floor":38,"turns":4},{"damage":3,"enemies":"Sphere and 2 Shapes","floor":39,"turns":4},{"damage":10,"enemies":"Transient","floor":41,"turns":5},{"damage":10,"enemies":"4 Shapes","floor":45,"turns":3},{"damage":13,"enemies":"3 Darklings","floor":48,"turns":4},{"damage":65,"enemies":"Awakened One","floor":50,"turns":10}],"seed_played":"-1515840323772980385","potions_obtained":[{"floor":7,"key":"Weak Potion"},{"floor":10,"key":"EssenceOfSteel"},{"floor":28,"key":"Ancient Potion"},{"floor":30,"key":"FearPotion"},{"floor":38,"key":"Swift Potion"},{"floor":41,"key":"SpeedPotion"}],"is_trial":false,"path_per_floor":["M","?","M","M","?","R","E","R","T","M","R","$","E","M","R","B",null,"M","$","?","?","M","R","M","R","T","R","M","R","E","T","R","B",null,"M","?","$","M","M","R","M","R","T","R","M","?","T","M","R","B"],"character_chosen":"THE_SILENT","items_purchased":["Bane","Dodge and Roll","Caltrops","Footwork","Bag of Preparation","Dodge and Roll+1"],"campfire_rested":6,"item_purchase_floors":[12,12,12,19,19,37],"current_hp_per_floor":[43,43,41,41,41,41,18,18,18,16,37,37,35,35,35,20,58,26,26,26,26,23,44,33,33,33,33,27,48,42,42,63,53,66,66,66,66,52,49,49,39,60,60,60,50,50,50,37,58,0],"gold":470,"neow_bonus":"RANDOM_COLORLESS_2","is_prod":false,"is_daily":false,"chose_seed":false,"campfire_upgraded":7,"win_rate":0,"timestamp":1544908530,"path_taken":["M","?","M","?","?","R","E","R","T","M","R","$","E","M","R","BOSS","M","$","?","?","M","R","?","R","T","R","?","R","E","?","R","BOSS","M","?","$","M","M","R","M","R","T","R","?","?","?","M","R","BOSS"],"build_version":"2018-12-13","purchased_purges":2,"victory":false,"max_hp_per_floor":[70,70,70,70,70,70,70,70,70,70,70,70,70,70,70,70,70,70,70,70,70,70,70,70,70,70,70,70,70,70,70,70,70,70,70,70,70,70,70,70,70,70,70,70,70,70,70,70,70,70],"card_choices":[{"not_picked":["Deflect","Riddle With Holes"],"picked":"Noxious Fumes","floor":1},{"not_picked":["Outmaneuver","Poisoned Stab"],"picked":"Deadly Poison","floor":3},{"not_picked":["Predator","Prepared","Dash"],"picked":"SKIP","floor":4},{"not_picked":["Predator","Prepared"],"picked":"Dash","floor":4},{"not_picked":["PiercingWail","Slice"],"picked":"Bouncing Flask","floor":7},{"not_picked":["Dash","Heel Hook","Quick Slash"],"picked":"SKIP","floor":10},{"not_picked":["Finisher","Storm of Steel","Poisoned Stab"],"picked":"SKIP","floor":13},{"not_picked":["Dodge and Roll","Quick Slash"],"picked":"Caltrops","floor":14},{"not_picked":["Adrenaline","Night Terror"],"picked":"Corpse Explosion","floor":16},{"not_picked":["Quick Slash+1","Slice","Outmaneuver"],"picked":"SKIP","floor":18},{"not_picked":["Underhanded Strike","Outmaneuver"],"picked":"Calculated Gamble","floor":22},{"not_picked":["Cloak And Dagger","Die Die Die","Quick Slash"],"picked":"SKIP","floor":24},{"not_picked":["Heel Hook","Distraction"],"picked":"Noxious Fumes","floor":28},{"not_picked":["Accuracy","Poisoned Stab"],"picked":"Catalyst","floor":30},{"not_picked":["Doppelganger+1","Die Die Die"],"picked":"After Image","floor":33},{"not_picked":["Bouncing Flask+1","Quick Slash"],"picked":"Backflip+1","floor":35},{"not_picked":["Sucker Punch","Masterful Stab"],"picked":"Deflect+1","floor":38},{"not_picked":["Eviscerate","Dagger Spray"],"picked":"Deadly Poison+1","floor":39},{"not_picked":["Finisher","Blade Dance+1","All Out Attack"],"picked":"SKIP","floor":41},{"not_picked":["Poisoned Stab","Calculated Gamble+1","Prepared+1"],"picked":"SKIP","floor":45},{"not_picked":["Tactician+1","Poisoned Stab+1"],"picked":"Crippling Poison+1","floor":48}],"player_experience":758074,"relics_obtained":[{"floor":7,"key":"Whetstone"},{"floor":9,"key":"Lantern"},{"floor":13,"key":"Sundial"},{"floor":26,"key":"Oddly Smooth Stone"},{"floor":30,"key":"Toxic Egg 2"},{"floor":31,"key":"Snake Skull"},{"floor":47,"key":"Meat on the Bone"}],"event_choices":[{"cards_removed":["Strike_G"],"damage_healed":0,"gold_gain":0,"player_choice":"Offered Basic","damage_taken":0,"max_hp_gain":0,"max_hp_loss":0,"event_name":"Bonfire Elementals","floor":2,"gold_loss":0},{"damage_healed":0,"gold_gain":100,"player_choice":"Gold","damage_taken":0,"max_hp_gain":0,"max_hp_loss":0,"event_name":"Wheel of Change","floor":5,"gold_loss":0},{"damage_healed":0,"gold_gain":99,"player_choice":"Stole From Cult","damage_taken":0,"max_hp_gain":0,"max_hp_loss":0,"event_name":"Nest","floor":20,"gold_loss":0},{"damage_healed":0,"gold_gain":0,"cards_transformed":["Strike_G"],"player_choice":"Transformed","damage_taken":0,"max_hp_gain":0,"max_hp_loss":0,"event_name":"Transmorgrifier","floor":21,"gold_loss":0,"cards_obtained":["Cloak And Dagger"]},{"damage_healed":0,"gold_gain":0,"player_choice":"Upgraded","damage_taken":0,"max_hp_gain":0,"max_hp_loss":0,"event_name":"Upgrade Shrine","floor":36,"gold_loss":0,"cards_upgraded":["Noxious Fumes"]},{"damage_healed":0,"gold_gain":0,"player_choice":"Memory 1","damage_taken":0,"max_hp_gain":0,"max_hp_loss":0,"event_name":"SensoryStone","floor":46,"gold_loss":0}],"is_beta":false,"boss_relics":[{"not_picked":["HoveringKite","Runic Pyramid"],"picked":"Velvet Choker"},{"not_picked":["Runic Dome","Empty Cage"],"picked":"Cursed Key"}],"items_purged_floors":[12,37],"is_endless":false,"potions_floor_spawned":[7,10,13,16,22,28,30,38,39,41],"killed_by":"Awakened One","ascension_level":13}