{"gold_per_floor":[99,99,22,22,22,22,22,22,22,22,22,22,22,22,22,22,22,22,22,22,22,22],"floor_reached":22,"playtime":663,"items_purged":[],"score":290,"play_id":"a858076d-0639-4b25-af4b-0900cc443695","local_time":"20180915154001","is_ascension_mode":true,"campfire_choices":[{"data":"Defragment","floor":6,"key":"SMITH"},{"floor":10,"key":"REST"},{"data":"Zap","floor":15,"key":"SMITH"}],"neow_cost":"NONE","seed_source_timestamp":167774198081431,"circlet_count":0,"master_deck":["Strike_B+1","Strike_B+1","Strike_B+1","Strike_B+1","Defend_B+1","Defend_B+1","Defend_B+1","Defend_B+1","Zap+1","Dualcast","Hologram","Ball Lightning","Defragment+1","Barrage","Seek","Reboot","Chill","Coolheaded","Conserve Battery","Chaos","RitualDagger"],"relics":["Ectoplasm","Cables","Ancient Tea Set","Symbiotic Virus","Du-Vu Doll","Orrery"],"potions_floor_usage":[7,11,16],"damage_taken":[{"damage":4,"enemies":"Jaw Worm","floor":1,"turns":4},{"damage":1,"enemies":"2 Louse","floor":2,"turns":2},{"damage":15,"enemies":"Gremlin Nob","floor":7,"turns":3},{"damage":0,"enemies":"Small Slimes","floor":8,"turns":3},{"damage":1,"enemies":"Exordium Thugs","floor":11,"turns":4},{"damage":0,"enemies":"Lagavulin","floor":13,"turns":4},{"damage":25,"enemies":"Hexaghost","floor":16,"turns":6},{"damage":7,"enemies":"Shell Parasite","floor":18,"turns":4},{"damage":14,"enemies":"Colosseum Slavers","floor":22,"turns":3},{"damage":50,"enemies":"Colosseum Nobs","floor":22,"turns":4}],"seed_played":"-6172825544119774781","potions_obtained":[{"floor":1,"key":"Strength Potion"},{"floor":8,"key":"Block Potion"},{"floor":11,"key":"Block Potion"}],"is_trial":false,"path_per_floor":["M","M","$","?","?","R","E","M","T","R","M","$","E","$","R","B",null,"M","?","?","$"],"character_chosen":"DEFECT","items_purchased":["Defragment"],"campfire_rested":1,"item_purchase_floors":[3],"current_hp_per_floor":[64,63,63,51,51,51,36,36,36,58,57,57,57,57,57,32,64,57,51,51,51,0],"gold":22,"neow_bonus":"BOSS_RELIC","is_prod":false,"is_daily":false,"chose_seed":false,"campfire_upgraded":2,"win_rate":0,"timestamp":1537018801,"path_taken":["M","M","$","?","?","R","E","M","T","R","M","?","E","?","R","BOSS","M","?","?","$","?"],"build_version":"2018-09-06","purchased_purges":0,"victory":false,"max_hp_per_floor":[75,75,75,75,75,75,75,75,75,75,75,75,75,75,75,75,75,75,75,75,75,75],"card_choices":[{"not_picked":["Rip and Tear","Compile Driver"],"picked":"Hologram","floor":1},{"not_picked":["Conserve Battery","Rip and Tear"],"picked":"Ball Lightning","floor":2},{"not_picked":["Beam Cell","Ball Lightning","Darkness"],"picked":"SKIP","floor":7},{"not_picked":["BootSequence","Double Energy"],"picked":"Barrage","floor":8},{"not_picked":["Sweeping Beam","Gash","Ball Lightning"],"picked":"SKIP","floor":11},{"not_picked":["Steam Power","White Noise"],"picked":"Seek","floor":13},{"not_picked":["Hyperbeam","Biased Cognition"],"picked":"Reboot","floor":16},{"not_picked":["Cold Snap","Storm"],"picked":"Chill","floor":17},{"not_picked":["Self Repair","Leap"],"picked":"Coolheaded","floor":17},{"not_picked":["Go for the Eyes","Scrape"],"picked":"Conserve Battery","floor":17},{"not_picked":["Streamline","Steam+1"],"picked":"Chaos","floor":18}],"player_experience":418186,"relics_obtained":[{"floor":7,"key":"Ancient Tea Set"},{"floor":9,"key":"Symbiotic Virus"},{"floor":13,"key":"Du-Vu Doll"}],"event_choices":[{"event_name":"Scrap Ooze","player_choice":"success","floor":4,"damage_taken":12},{"event_name":"The Cleric","player_choice":"Leave","floor":5,"damage_taken":0},{"event_name":"Nest","player_choice":"Joined the Cult","floor":19,"damage_taken":0},{"event_name":"Back to Basics","player_choice":"Simplicity","floor":20,"damage_taken":0},{"event_name":"Colosseum","player_choice":"Fight","floor":22,"damage_taken":0},{"event_name":"Colosseum","player_choice":"Fought Nobs","floor":22,"damage_taken":0}],"is_beta":false,"boss_relics":[{"not_picked":["Runic Dome","Calling Bell"],"picked":"Orrery"}],"items_purged_floors":[],"is_endless":false,"potions_floor_spawned":[1,8,11],"killed_by":"Colosseum Nobs","ascension_level":7}