{"gold_per_floor":[360,360,10,23,35,68,94,119,197,197,197,214,2,33,33,136,136,148,180,180,195,294,322,322,341,391,391,410,166,195,295,295,391,391,407,1406,1406,1406,1205,1205,1238,1252,1279,838,855,1077,1132,1150,1150,1150],"floor_reached":51,"playtime":2216,"items_purged":["Regret","Strike_B","Normality","Normality"],"score":1424,"play_id":"c584b6e9-bee3-4544-97b3-9afae97344b9","local_time":"20180923213447","is_ascension_mode":true,"campfire_choices":[{"data":"Streamline","floor":10,"key":"SMITH"},{"data":"Sunder","floor":15,"key":"SMITH"},{"data":"Buffer","floor":24,"key":"SMITH"},{"data":"Defragment","floor":27,"key":"SMITH"},{"data":"Echo Form","floor":32,"key":"SMITH"},{"data":"Double Energy","floor":40,"key":"SMITH"},{"data":"Blizzard","floor":49,"key":"SMITH"}],"neow_cost":"TEN_PERCENT_HP_LOSS","seed_source_timestamp":709587995133964,"circlet_count":0,"master_deck":["Strike_B","Strike_B+1","Strike_B+1","Defend_B","Defend_B","Defend_B+1","Defend_B","Zap+1","Dualcast","AscendersBane","Beam Cell","Sunder+1","Streamline+1","Glacier","Conserve Battery","Bandage Up+1","Rebound","Buffer+1","Double Energy+1","Compile Driver+1","Glacier+1","Defragment+1","Echo Form+1","Loop+1","Machine Learning","Enlightenment","Defragment","Blizzard+1","Undo","Heatsinks","Electrodynamics"],"relics":["Cracked Core","Ice Cream","Whetstone","Orichalcum","Incense Burner","Sundial","Blood Vial","Unceasing Top","Sozu","Red Mask","Ancient Tea Set","Juzu Bracelet","Happy Flower","Coffee Dripper","Art of War","Bag of Marbles","War Paint","Dead Branch"],"potions_floor_usage":[14,18,19],"damage_taken":[{"damage":0,"enemies":"Small Slimes","floor":1,"turns":3},{"damage":0,"enemies":"Cultist","floor":4,"turns":2},{"damage":2,"enemies":"2 Louse","floor":5,"turns":2},{"damage":5,"enemies":"Lagavulin","floor":6,"turns":4},{"damage":10,"enemies":"Gremlin Nob","floor":8,"turns":3},{"damage":12,"enemies":"Gremlin Gang","floor":12,"turns":5},{"damage":3,"enemies":"3 Sentries","floor":14,"turns":6},{"damage":0,"enemies":"Slime Boss","floor":16,"turns":7},{"damage":2,"enemies":"Chosen","floor":18,"turns":3},{"damage":13,"enemies":"Masked Bandits","floor":19,"turns":5},{"damage":6,"enemies":"Shell Parasite","floor":21,"turns":3},{"damage":14,"enemies":"Gremlin Leader","floor":23,"turns":7},{"damage":0,"enemies":"Shelled Parasite and Fungi","floor":25,"turns":5},{"damage":0,"enemies":"3 Cultists","floor":28,"turns":5},{"damage":0,"enemies":"Book of Stabbing","floor":30,"turns":4},{"damage":0,"enemies":"Automaton","floor":33,"turns":9},{"damage":0,"enemies":"3 Shapes","floor":35,"turns":6},{"damage":0,"enemies":"Nemesis","floor":41,"turns":13},{"damage":11,"enemies":"Orb Walker","floor":42,"turns":5},{"damage":0,"enemies":"Maw","floor":45,"turns":6},{"damage":14,"enemies":"Mysterious Sphere","floor":47,"turns":10},{"damage":4,"enemies":"3 Darklings","floor":48,"turns":5},{"damage":4,"enemies":"Time Eater","floor":50,"turns":13}],"seed_played":"-3610075130765078331","potions_obtained":[{"floor":4,"key":"SpeedPotion"},{"floor":8,"key":"Regen Potion"},{"floor":16,"key":"Ancient Potion"}],"is_trial":false,"path_per_floor":["M","?","$","M","M","E","T","E","T","R","?","M","$","E","R","B",null,"M","?","$","M","?","E","R","M","T","R","M","$","E","?","R","B",null,"M","?","?","?","$","R","E","M","T","$","M","?","?","M","R","B"],"character_chosen":"DEFECT","items_purchased":["Ice Cream","Sunder","Conserve Battery","Bandage Up","Echo Form","Defragment","Undo","War Paint","Heatsinks"],"campfire_rested":0,"item_purchase_floors":[3,3,13,13,29,39,44,44,44],"current_hp_per_floor":[68,68,68,68,66,61,61,51,51,51,51,41,41,59,59,65,67,68,55,55,55,55,47,47,53,53,53,59,59,65,65,65,68,68,68,68,68,68,68,68,68,57,57,57,65,65,57,61,61,64],"gold":1150,"neow_bonus":"TWO_FIFTY_GOLD","is_prod":false,"is_daily":false,"chose_seed":false,"campfire_upgraded":7,"win_rate":0,"timestamp":1537731287,"path_taken":["M","?","$","?","M","E","?","E","T","R","?","M","$","E","R","BOSS","M","?","$","M","?","E","R","M","T","R","M","?","E","?","R","BOSS","M","?","?","?","?","R","E","M","T","$","M","?","?","M","R","BOSS"],"build_version":"2018-09-20","purchased_purges":4,"victory":true,"max_hp_per_floor":[68,68,68,68,68,68,68,68,68,68,68,68,68,68,68,68,68,68,68,68,68,68,68,68,68,68,68,68,68,68,68,68,68,68,68,68,68,68,68,68,68,68,68,68,68,68,68,68,68,68],"card_choices":[{"not_picked":["Compile Driver","Force Field"],"picked":"Beam Cell","floor":1},{"not_picked":["Lockon","Heatsinks"],"picked":"Streamline","floor":4},{"not_picked":["Compile Driver","Coolheaded","Turbo"],"picked":"SKIP","floor":5},{"not_picked":["Sweeping Beam","Static Discharge","Chill"],"picked":"SKIP","floor":6},{"not_picked":["Chill","Go for the Eyes"],"picked":"Glacier","floor":8},{"not_picked":["Coolheaded","Reinforced Body","Gash"],"picked":"SKIP","floor":12},{"not_picked":["Recycle","Go for the Eyes"],"picked":"Rebound","floor":14},{"not_picked":["Reboot","Core Surge"],"picked":"Buffer","floor":16},{"not_picked":["Stack+1","Streamline"],"picked":"Double Energy","floor":18},{"not_picked":["Barrage","Stack"],"picked":"Compile Driver+1","floor":19},{"not_picked":["Gash","Barrage+1","Turbo+1"],"picked":"SKIP","floor":21},{"not_picked":["Turbo+1","Self Repair"],"picked":"Glacier+1","floor":23},{"not_picked":["Rebound","Conserve Battery"],"picked":"Defragment","floor":25},{"not_picked":["Compile Driver","Hello World","Recycle"],"picked":"SKIP","floor":28},{"not_picked":["Redo","Lockon+1"],"picked":"Loop+1","floor":30},{"not_picked":["Fission","Thunder Strike"],"picked":"Machine Learning","floor":33},{"not_picked":["FTL+1","Sweeping Beam","Compile Driver"],"picked":"SKIP","floor":35},{"not_picked":["Chrysalis","Thinking Ahead"],"picked":"Enlightenment","floor":37},{"not_picked":["Ball Lightning","Coolheaded+1"],"picked":"Blizzard","floor":41},{"not_picked":["Coolheaded+1","Leap+1","Redo"],"picked":"SKIP","floor":42},{"not_picked":["Chaos+1","Rip and Tear","Redo+1"],"picked":"SKIP","floor":45},{"not_picked":["Coolheaded","Gash+1"],"picked":"Electrodynamics","floor":48}],"player_experience":437109,"relics_obtained":[{"floor":6,"key":"Whetstone"},{"floor":7,"key":"Orichalcum"},{"floor":8,"key":"Incense Burner"},{"floor":9,"key":"Sundial"},{"floor":14,"key":"Unceasing Top"},{"floor":19,"key":"Red Mask"},{"floor":23,"key":"Ancient Tea Set"},{"floor":26,"key":"Juzu Bracelet"},{"floor":30,"key":"Happy Flower"},{"floor":41,"key":"Art of War"},{"floor":43,"key":"Bag of Marbles"},{"floor":47,"key":"Dead Branch"}],"event_choices":[{"event_name":"Upgrade Shrine","player_choice":"Upgraded","floor":2,"damage_taken":0},{"event_name":"Big Fish","player_choice":"Box","floor":11,"damage_taken":0},{"event_name":"Masked Bandits","player_choice":"Fought Bandits","floor":19,"damage_taken":0},{"event_name":"Nest","player_choice":"Stole From Cult","floor":22,"damage_taken":0},{"event_name":"Golden Shrine","player_choice":"Pray","floor":31,"damage_taken":0},{"event_name":"MindBloom","player_choice":"Gold","floor":36,"damage_taken":0},{"event_name":"SensoryStone","player_choice":"Memory 1","floor":37,"damage_taken":0},{"event_name":"SecretPortal","player_choice":"Rejected Portal.","floor":38,"damage_taken":0},{"event_name":"Tomb of Lord Red Mask","player_choice":"Wore Mask","floor":46,"damage_taken":0},{"event_name":"Mysterious Sphere","player_choice":"Fight","floor":47,"damage_taken":0}],"is_beta":false,"boss_relics":[{"not_picked":["Astrolabe","Inserter"],"picked":"Sozu"},{"not_picked":["Tiny House","Eternal Feather"],"picked":"Coffee Dripper"}],"items_purged_floors":[13,29,39,44],"is_endless":false,"potions_floor_spawned":[4,8,16,19,23,45,47,48],"ascension_level":11}