{"gold_per_floor":[15,15,30,47,57,57,57,57,57,67,100,100,100,110,110,210,210,227,227],"floor_reached":19,"playtime":1381,"items_purged":[],"score":169,"play_id":"9163ca53-3b1a-4181-8f36-1a72558eacec","local_time":"20190224161541","is_ascension_mode":false,"campfire_choices":[{"data":"Outmaneuver","floor":6,"key":"SMITH"},{"data":"Blur","floor":8,"key":"SMITH"},{"floor":13,"key":"REST"},{"floor":15,"key":"REST"}],"neow_cost":"NO_GOLD","seed_source_timestamp":183995707474821,"circlet_count":0,"master_deck":["Defend_G","Defend_G","Defend_G","Defend_G","Defend_G","Strike_G","Strike_G","Strike_G","Strike_G","Strike_G","Survivor+1","Neutralize+1","Heel Hook","Blur+1","Outmaneuver+1","Sucker Punch+1","Outmaneuver","Backflip","Noxious Fumes","Venomology","Cloak And Dagger"],"relics":["Ring of the Snake","Thread and Needle","Regal Pillow","The Courier","HoveringKite"],"potions_floor_usage":[16,16,18],"damage_taken":[{"damage":0,"enemies":"Jaw Worm","floor":1,"turns":5},{"damage":0,"enemies":"2 Louse","floor":3,"turns":4},{"damage":0,"enemies":"Small Slimes","floor":4,"turns":4},{"damage":0,"enemies":"2 Fungi Beasts","floor":5,"turns":5},{"damage":15,"enemies":"Gremlin Gang","floor":10,"turns":13},{"damage":23,"enemies":"Lagavulin","floor":11,"turns":10},{"damage":0,"enemies":"Blue Slaver","floor":14,"turns":5},{"damage":31,"enemies":"Slime Boss","floor":16,"turns":12},{"damage":13,"enemies":"Chosen","floor":18,"turns":10},{"damage":8,"enemies":"Spheric Guardian","floor":19,"turns":4}],"seed_played":"-5862023260556906446","potions_obtained":[{"floor":4,"key":"AttackPotion"},{"floor":5,"key":"AttackPotion"},{"floor":11,"key":"FearPotion"}],"is_trial":false,"path_per_floor":["M","$","M","M","M","R","?","R","T","M","E","?","R","M","R","B",null,"M","M"],"character_chosen":"THE_SILENT","items_purchased":[],"campfire_rested":2,"item_purchase_floors":[],"current_hp_per_floor":[70,70,70,70,70,70,70,70,70,55,32,18,54,54,70,39,70,57,49],"gold":227,"neow_bonus":"ONE_RARE_RELIC","is_prod":false,"is_daily":false,"chose_seed":false,"campfire_upgraded":2,"win_rate":0,"timestamp":1550996141,"path_taken":["M","$","M","M","M","R","?","R","T","M","E","?","R","M","R","BOSS","M","M"],"build_version":"2019-01-23","purchased_purges":0,"victory":false,"max_hp_per_floor":[70,70,70,70,70,70,70,70,70,70,70,70,70,70,70,70,70,70,70],"card_choices":[{"not_picked":["Dagger Throw","Bane"],"picked":"Heel Hook","floor":1},{"not_picked":["Deflect","Dagger Spray"],"picked":"Blur","floor":3},{"not_picked":["Deadly Poison","PiercingWail"],"picked":"Outmaneuver","floor":4},{"not_picked":["Blade Dance","Malaise"],"picked":"Sucker Punch","floor":5},{"not_picked":["Acrobatics","Skewer"],"picked":"Outmaneuver","floor":10},{"not_picked":["Deflect","Prepared"],"picked":"Backflip","floor":11},{"not_picked":["Accuracy","All Out Attack"],"picked":"Noxious Fumes","floor":14},{"not_picked":["Unload","Phantasmal Killer"],"picked":"Venomology","floor":16},{"not_picked":["Slice","Dagger Spray"],"picked":"Cloak And Dagger","floor":18}],"player_experience":65820,"relics_obtained":[{"floor":9,"key":"Regal Pillow"},{"floor":11,"key":"The Courier"}],"event_choices":[{"damage_healed":0,"gold_gain":0,"player_choice":"Grow","damage_taken":0,"max_hp_gain":0,"max_hp_loss":0,"event_name":"Living Wall","floor":7,"gold_loss":0,"cards_upgraded":["Survivor"]},{"damage_healed":0,"gold_gain":0,"player_choice":"Entered Light","damage_taken":14,"max_hp_gain":0,"max_hp_loss":0,"event_name":"Shining Light","floor":12,"gold_loss":0,"cards_upgraded":["Neutralize","Sucker Punch"]}],"is_beta":false,"boss_relics":[{"not_picked":["Lizard Tail","Tiny House"],"picked":"HoveringKite"}],"items_purged_floors":[],"is_endless":false,"potions_floor_spawned":[4,5,11],"killed_by":"Spheric Guardian","ascension_level":0}