{"gold_per_floor":[111,0,0,13,13,13,27,27,98,98,98,114,114,147,147,244,244,258,258,286,32,55,82,82,112,112,126,145,161,161,177,177,275,275,288,304,304,604,616,649,649,682,729,757,757,776,790,700,700,700],"floor_reached":51,"playtime":3512,"items_purged":["Defend_G"],"score":1087,"play_id":"dc49f75d-9786-4f16-b370-67e7eece110a","local_time":"20190216013514","is_ascension_mode":true,"campfire_choices":[{"data":"Neutralize","floor":6,"key":"SMITH"},{"floor":8,"key":"REST"},{"floor":11,"key":"DIG"},{"data":"Adrenaline","floor":13,"key":"SMITH"},{"data":"Noxious Fumes","floor":15,"key":"SMITH"},{"data":"Adrenaline","floor":24,"key":"SMITH"},{"data":"Cloak And Dagger","floor":30,"key":"SMITH"},{"data":"Blade Dance","floor":32,"key":"SMITH"},{"data":"Cloak And Dagger","floor":41,"key":"SMITH"},{"data":"Tools of the Trade","floor":45,"key":"SMITH"},{"floor":49,"key":"DIG"}],"neow_cost":"NONE","seed_source_timestamp":78367135260701,"circlet_count":0,"master_deck":["Defend_G+1","Defend_G+1","Defend_G+1","Defend_G+1","Strike_G+1","Strike_G+1","Strike_G+1","Strike_G+1","Survivor","Neutralize+1","Cloak And Dagger+1","Noxious Fumes+1","Prepared+1","Blade Dance+1","Adrenaline+1","Slice+1","Adrenaline+1","Backflip","Leg Sweep+1","Finisher+1","Well Laid Plans+1","Blur","Quick Slash+1","Flying Knee+1","Infinite Blades","Cloak And Dagger+1","Infinite Blades","Blade Dance+1","Quick Slash+1","Tools of the Trade+1","Accuracy+1","Dash+1","PiercingWail+1","Backflip+1"],"relics":["Ring of the Serpent","Shovel","Shuriken","Molten Egg 2","Bronze Scales","StoneCalendar","Red Mask","Ornamental Fan","Bag of Marbles","Potion Belt","Prayer Wheel","Pantograph","Lizard Tail","Snake Skull","Art of War","Smiling Mask","Orichalcum","Tingsha"],"potions_floor_usage":[42,44,50,50,50],"damage_taken":[{"damage":8,"enemies":"Jaw Worm","floor":1,"turns":5},{"damage":1,"enemies":"Small Slimes","floor":4,"turns":3},{"damage":0,"enemies":"Cultist","floor":7,"turns":4},{"damage":0,"enemies":"Looter","floor":12,"turns":3},{"damage":12,"enemies":"3 Sentries","floor":14,"turns":6},{"damage":6,"enemies":"Hexaghost","floor":16,"turns":7},{"damage":8,"enemies":"2 Thieves","floor":18,"turns":4},{"damage":0,"enemies":"Masked Bandits","floor":20,"turns":3},{"damage":1,"enemies":"Book of Stabbing","floor":23,"turns":4},{"damage":0,"enemies":"Gremlin Leader","floor":25,"turns":3},{"damage":0,"enemies":"Shell Parasite","floor":27,"turns":3},{"damage":0,"enemies":"Centurion and Healer","floor":28,"turns":3},{"damage":0,"enemies":"Snake Plant","floor":29,"turns":2},{"damage":1,"enemies":"Snecko","floor":31,"turns":3},{"damage":16,"enemies":"Collector","floor":33,"turns":4},{"damage":0,"enemies":"3 Shapes","floor":35,"turns":6},{"damage":10,"enemies":"3 Darklings","floor":36,"turns":4},{"damage":2,"enemies":"Sphere and 2 Shapes","floor":39,"turns":5},{"damage":0,"enemies":"Nemesis","floor":40,"turns":5},{"damage":0,"enemies":"Giant Head","floor":42,"turns":4},{"damage":15,"enemies":"Reptomancer","floor":44,"turns":7},{"damage":2,"enemies":"Spire Growth","floor":46,"turns":4},{"damage":0,"enemies":"3 Darklings","floor":47,"turns":4},{"damage":13,"enemies":"Donu and Deca","floor":50,"turns":4}],"seed_played":"-7892066943244836691","potions_obtained":[{"floor":4,"key":"FearPotion"},{"floor":16,"key":"Swift Potion"},{"floor":18,"key":"GhostInAJar"},{"floor":28,"key":"PowerPotion"},{"floor":29,"key":"AttackPotion"},{"floor":44,"key":"SkillPotion"},{"floor":46,"key":"Fire Potion"}],"is_trial":false,"path_per_floor":["M","$","?","M","T","R","M","R","T","?","R","M","R","E","R","B",null,"M","?","?","$","T","E","R","E","T","M","M","M","R","M","R","B",null,"M","M","?","?","M","E","R","E","T","E","R","M","M","?","R","B",null],"character_chosen":"THE_SILENT","items_purchased":["Noxious Fumes","Ornamental Fan"],"campfire_rested":1,"item_purchase_floors":[2,21],"current_hp_per_floor":[62,62,37,36,36,36,36,59,59,44,44,44,44,32,32,26,64,56,56,56,56,56,55,55,55,55,55,55,55,55,54,54,61,73,73,63,63,63,61,61,61,61,61,46,46,44,44,44,44,56],"gold":700,"neow_bonus":"TEN_PERCENT_HP_BONUS","is_prod":false,"is_daily":false,"chose_seed":false,"campfire_upgraded":8,"win_rate":0,"timestamp":1550277314,"path_taken":["M","$","?","M","?","R","M","R","T","?","R","M","R","E","R","BOSS","M","?","?","$","?","E","R","E","T","?","M","M","R","M","R","BOSS","M","M","?","?","M","E","R","E","T","E","R","?","M","?","R","BOSS"],"build_version":"2019-01-23","purchased_purges":1,"victory":true,"max_hp_per_floor":[77,77,77,77,77,77,77,77,77,77,77,77,77,77,77,77,77,77,77,77,77,77,77,77,77,77,77,77,77,77,77,77,77,77,77,77,77,77,77,77,77,77,77,77,77,77,77,77,77,77],"card_choices":[{"not_picked":["Deflect","Endless Agony"],"picked":"Cloak And Dagger","floor":1},{"not_picked":["Dagger Throw","Acrobatics"],"picked":"Prepared","floor":4},{"not_picked":["Poisoned Stab","Heel Hook"],"picked":"Blade Dance","floor":7},{"not_picked":["Slice+1","Quick Slash+1"],"picked":"Adrenaline","floor":12},{"not_picked":["Flechettes+1","Prepared"],"picked":"Slice+1","floor":14},{"not_picked":["Doppelganger","Corpse Explosion"],"picked":"Adrenaline","floor":16},{"not_picked":["Expertise","Outmaneuver"],"picked":"Backflip","floor":18},{"not_picked":["Backflip","Reflex+1"],"picked":"Leg Sweep+1","floor":20},{"not_picked":["Distraction","Prepared"],"picked":"Finisher+1","floor":23},{"not_picked":["Outmaneuver","Catalyst+1"],"picked":"Well Laid Plans+1","floor":25},{"not_picked":["Expertise","Distraction+1"],"picked":"Blur","floor":27},{"not_picked":["Deflect","Sucker Punch+1"],"picked":"Quick Slash+1","floor":27},{"not_picked":["Prepared","PiercingWail"],"picked":"Flying Knee+1","floor":28},{"not_picked":["Expertise","Tools of the Trade"],"picked":"Infinite Blades","floor":28},{"not_picked":["Outmaneuver","Dagger Spray+1"],"picked":"Cloak And Dagger","floor":29},{"not_picked":["Well Laid Plans","Prepared"],"picked":"Infinite Blades","floor":29},{"not_picked":["Slice+1","Catalyst+1"],"picked":"Blade Dance","floor":31},{"not_picked":["Deadly Poison+1","Bane+1"],"picked":"Quick Slash+1","floor":31},{"not_picked":["Grand Finale+1","Unload+1"],"picked":"Tools of the Trade","floor":33},{"not_picked":["Catalyst","Deadly Poison+1"],"picked":"Accuracy+1","floor":35},{"not_picked":["Expertise","Blur","Leg Sweep"],"picked":"SKIP","floor":35},{"not_picked":["Dodge and Roll+1","Underhanded Strike+1"],"picked":"Dash+1","floor":36},{"not_picked":["Dodge and Roll+1","Slice+1"],"picked":"Footwork","floor":36},{"not_picked":["Poisoned Stab+1","Outmaneuver","Masterful Stab+1"],"picked":"SKIP","floor":39},{"not_picked":["Deflect","Underhanded Strike+1","Dodge and Roll"],"picked":"SKIP","floor":39},{"not_picked":["Poisoned Stab+1","Distraction"],"picked":"PiercingWail+1","floor":40},{"not_picked":["Masterful Stab+1","Dagger Spray+1","Caltrops+1"],"picked":"SKIP","floor":42},{"not_picked":["Grand Finale+1","Poisoned Stab+1","Underhanded Strike+1"],"picked":"SKIP","floor":44},{"not_picked":["Setup+1","Finisher+1","Sucker Punch+1"],"picked":"SKIP","floor":46},{"not_picked":["PiercingWail","Concentrate+1","Dagger Spray+1"],"picked":"SKIP","floor":46},{"not_picked":["Acrobatics","Deflect"],"picked":"Backflip+1","floor":47},{"not_picked":["Well Laid Plans","Dagger Throw+1","PiercingWail+1"],"picked":"SKIP","floor":47}],"player_experience":408961,"relics_obtained":[{"floor":5,"key":"Shuriken"},{"floor":9,"key":"Molten Egg 2"},{"floor":11,"key":"Bronze Scales"},{"floor":14,"key":"StoneCalendar"},{"floor":20,"key":"Red Mask"},{"floor":22,"key":"Bag of Marbles"},{"floor":23,"key":"Potion Belt"},{"floor":25,"key":"Prayer Wheel"},{"floor":26,"key":"Pantograph"},{"floor":40,"key":"Snake Skull"},{"floor":42,"key":"Art of War"},{"floor":43,"key":"Smiling Mask"},{"floor":44,"key":"Orichalcum"},{"floor":49,"key":"Tingsha"}],"event_choices":[{"damage_healed":0,"gold_gain":0,"player_choice":"Success","damage_taken":25,"relics_obtained":["Shovel"],"max_hp_gain":0,"max_hp_loss":0,"event_name":"Scrap Ooze","floor":3,"gold_loss":0},{"damage_healed":0,"gold_gain":0,"player_choice":"Entered Light","damage_taken":15,"max_hp_gain":0,"max_hp_loss":0,"event_name":"Shining Light","floor":10,"gold_loss":0,"cards_upgraded":["Defend_G","Blade Dance"]},{"damage_healed":0,"gold_gain":0,"player_choice":"Simplicity","damage_taken":0,"max_hp_gain":0,"max_hp_loss":0,"event_name":"Back to Basics","floor":19,"gold_loss":0,"cards_upgraded":["Defend_G","Defend_G","Defend_G","Strike_G","Strike_G","Strike_G","Strike_G","Strike_G"]},{"damage_healed":0,"gold_gain":0,"player_choice":"Fought Bandits","damage_taken":0,"max_hp_gain":0,"max_hp_loss":0,"event_name":"Masked Bandits","floor":20,"gold_loss":0},{"cards_removed":["Strike_G"],"damage_healed":0,"gold_gain":0,"player_choice":"Removed Attack","damage_taken":0,"max_hp_gain":0,"max_hp_loss":0,"event_name":"Falling","floor":37,"gold_loss":0},{"damage_healed":0,"gold_gain":300,"player_choice":"Gold","damage_taken":0,"max_hp_gain":0,"max_hp_loss":0,"event_name":"Wheel of Change","floor":38,"gold_loss":0},{"cards_removed":["Footwork"],"damage_healed":0,"gold_gain":0,"player_choice":"Upgrade and Remove","damage_taken":0,"max_hp_gain":0,"max_hp_loss":0,"event_name":"Designer","floor":48,"gold_loss":90,"cards_upgraded":["Prepared"]}],"is_beta":false,"boss_relics":[{"not_picked":["Runic Pyramid","Calling Bell"],"picked":"Ring of the Serpent"},{"not_picked":["Cursed Key","HoveringKite"],"picked":"Lizard Tail"}],"items_purged_floors":[2],"is_endless":false,"potions_floor_spawned":[4,16,18,28,29,33,40,44,46,47],"ascension_level":6}