{"gold_per_floor":[216,216,134,144,19,51,51,85,85,99,117,117,136,151,151,251,251,262,67,57,57,17,17],"floor_reached":23,"playtime":1905,"items_purged":[],"score":281,"play_id":"6c8654de-4f2e-4d66-8fe9-4d50fcd0ab06","local_time":"20190225133052","is_ascension_mode":true,"campfire_choices":[{"data":"Dash","floor":7,"key":"SMITH"},{"floor":15,"key":"REST"}],"neow_cost":"NONE","seed_source_timestamp":841171562170157,"circlet_count":0,"master_deck":["Defend_G","Defend_G","Defend_G","Defend_G","Defend_G","Strike_G","Strike_G","Strike_G","Strike_G","Strike_G","Survivor","Neutralize","Dash+1","Noxious Fumes","Deflect","Footwork","Backflip","Cloak And Dagger","Dodge and Roll","Well Laid Plans","Neutralize+1","Panacea+1","Heel Hook+1","Corpse Explosion","Backflip","Blur"],"relics":["Ring of the Snake","Molten Egg 2","Regal Pillow","Bottled Lightning","Black Star","Membership Card"],"potions_floor_usage":[6,11,16],"damage_taken":[{"damage":3,"enemies":"Jaw Worm","floor":1,"turns":7},{"damage":4,"enemies":"Small Slimes","floor":4,"turns":4},{"damage":19,"enemies":"Gremlin Nob","floor":6,"turns":5},{"damage":3,"enemies":"3 Sentries","floor":8,"turns":8},{"damage":0,"enemies":"Cultist","floor":10,"turns":4},{"damage":2,"enemies":"Gremlin Gang","floor":11,"turns":5},{"damage":9,"enemies":"2 Fungi Beasts","floor":13,"turns":4},{"damage":0,"enemies":"Blue Slaver","floor":14,"turns":5},{"damage":9,"enemies":"The Guardian","floor":16,"turns":13},{"damage":0,"enemies":"Shell Parasite","floor":18,"turns":9},{"damage":19,"enemies":"2 Thieves","floor":20,"turns":5},{"damage":49,"enemies":"Book of Stabbing","floor":23,"turns":8}],"seed_played":"3808483958679215763","potions_obtained":[{"floor":1,"key":"FearPotion"},{"floor":10,"key":"Poison Potion"},{"floor":11,"key":"Dexterity Potion"}],"is_trial":false,"path_per_floor":["M","?","$","M","$","E","R","E","T","M","M","?","M","M","R","B",null,"M","$","M","?","$","E"],"character_chosen":"THE_SILENT","items_purchased":["Noxious Fumes","Footwork","Backflip","Membership Card","Blur"],"campfire_rested":1,"item_purchase_floors":[3,5,5,19,22],"current_hp_per_floor":[60,60,60,56,56,37,37,34,34,34,32,32,23,23,59,50,65,65,65,46,46,46,0],"gold":17,"neow_bonus":"HUNDRED_GOLD","is_prod":false,"is_daily":false,"chose_seed":false,"campfire_upgraded":1,"win_rate":0,"timestamp":1551079852,"path_taken":["M","?","$","M","$","E","R","E","T","M","M","?","M","M","R","BOSS","M","$","M","?","$","E"],"build_version":"2019-01-23","purchased_purges":0,"victory":false,"max_hp_per_floor":[70,70,70,70,70,70,70,70,70,70,70,70,70,70,70,70,70,70,70,70,70,70,70],"card_choices":[{"not_picked":["Endless Agony","Backflip"],"picked":"Dash","floor":1},{"not_picked":["Flying Knee","Bouncing Flask"],"picked":"Deflect","floor":4},{"not_picked":["Outmaneuver","Flying Knee"],"picked":"Cloak And Dagger","floor":6},{"not_picked":["Quick Slash+1","Die Die Die+1","Deadly Poison"],"picked":"SKIP","floor":8},{"not_picked":["Deadly Poison","Reflex"],"picked":"Dodge and Roll","floor":10},{"not_picked":["Dodge and Roll","Finisher+1"],"picked":"Well Laid Plans","floor":11},{"not_picked":["Backflip","Deadly Poison"],"picked":"Heel Hook+1","floor":13},{"not_picked":["Bouncing Flask","Flechettes+1","Night Terror"],"picked":"SKIP","floor":14},{"not_picked":["Venomology","Die Die Die+1"],"picked":"Corpse Explosion","floor":16},{"not_picked":["Skewer+1","Cloak And Dagger"],"picked":"Backflip","floor":18},{"not_picked":["Prepared","Predator+1","Quick Slash+1"],"picked":"SKIP","floor":20}],"player_experience":878075,"relics_obtained":[{"floor":6,"key":"Molten Egg 2"},{"floor":8,"key":"Regal Pillow"},{"floor":9,"key":"Bottled Lightning"}],"event_choices":[{"damage_healed":0,"gold_gain":0,"player_choice":"Leave","damage_taken":0,"max_hp_gain":0,"max_hp_loss":0,"event_name":"The Cleric","floor":2,"gold_loss":0},{"damage_healed":0,"gold_gain":0,"player_choice":"2 cards matched","damage_taken":0,"max_hp_gain":0,"max_hp_loss":0,"event_name":"Match and Keep!","floor":12,"gold_loss":0,"cards_obtained":["Neutralize","Panacea"]},{"damage_healed":0,"gold_gain":0,"player_choice":"Upgraded","damage_taken":0,"max_hp_gain":0,"max_hp_loss":0,"event_name":"Upgrade Shrine","floor":21,"gold_loss":0,"cards_upgraded":["Panacea"]}],"is_beta":false,"boss_relics":[{"not_picked":["Snecko Eye","Calling Bell"],"picked":"Black Star"}],"items_purged_floors":[],"is_endless":false,"potions_floor_spawned":[1,10,11],"killed_by":"Book of Stabbing","ascension_level":8}