{"gold_per_floor":[109,124,137,160,170,203,203,236,236,249,249,261,292,307,307,378,378,394,394,409,24,40,40,54,54,54,14,14,14,46,58,58,58],"floor_reached":33,"playtime":1896,"items_purged":["Strike_R"],"score":545,"play_id":"c9e58a88-3a54-4ae1-ac9f-4fa01a21f60f","local_time":"20190203140241","is_ascension_mode":true,"campfire_choices":[{"data":"Shrug It Off","floor":7,"key":"SMITH"},{"data":"Armaments","floor":11,"key":"SMITH"},{"floor":15,"key":"REST"},{"floor":25,"key":"REST"},{"data":"Limit Break","floor":28,"key":"SMITH"},{"floor":32,"key":"REST"}],"neow_cost":"NONE","seed_source_timestamp":320267990123580,"circlet_count":0,"master_deck":["AscendersBane","Strike_R","Strike_R","Strike_R","Strike_R","Defend_R","Defend_R","Defend_R","Defend_R","Bash","Clothesline","Reckless Charge","Flame Barrier","Shrug It Off+1","Cleave","Feed","Exhume","Armaments+1","Body Slam","Impervious","Pommel Strike","Double Tap","Whirlwind","Corruption","Limit Break+1","Twin Strike","Dropkick","Spot Weakness","Disarm","Exhume","Shockwave"],"relics":["Burning Blood","Centennial Puzzle","Oddly Smooth Stone","Bronze Scales","Ancient Tea Set","Orichalcum","Lizard Tail","Omamori","Pen Nib","Lantern","Blood Vial","Mummified Hand"],"potions_floor_usage":[6,8,8,13,16,22,24,31,33],"damage_taken":[{"damage":4,"enemies":"Cultist","floor":1,"turns":3},{"damage":0,"enemies":"Small Slimes","floor":2,"turns":3},{"damage":10,"enemies":"Jaw Worm","floor":3,"turns":4},{"damage":3,"enemies":"Red Slaver","floor":5,"turns":3},{"damage":23,"enemies":"3 Sentries","floor":6,"turns":8},{"damage":22,"enemies":"Lagavulin","floor":8,"turns":10},{"damage":6,"enemies":"Exordium Thugs","floor":10,"turns":8},{"damage":5,"enemies":"Looter","floor":12,"turns":4},{"damage":8,"enemies":"Gremlin Nob","floor":13,"turns":4},{"damage":8,"enemies":"3 Louse","floor":14,"turns":2},{"damage":40,"enemies":"Hexaghost","floor":16,"turns":10},{"damage":0,"enemies":"3 Byrds","floor":18,"turns":4},{"damage":20,"enemies":"Shell Parasite","floor":20,"turns":6},{"damage":53,"enemies":"Cultist and Chosen","floor":22,"turns":7},{"damage":11,"enemies":"Centurion and Healer","floor":24,"turns":9},{"damage":76,"enemies":"Slavers","floor":30,"turns":9},{"damage":3,"enemies":"Snecko","floor":31,"turns":4},{"damage":93,"enemies":"Automaton","floor":33,"turns":6}],"seed_played":"-3021021208947413301","potions_obtained":[{"floor":3,"key":"Weak Potion"},{"floor":5,"key":"Poison Potion"},{"floor":6,"key":"GamblersBrew"},{"floor":8,"key":"Swift Potion"},{"floor":10,"key":"Ancient Potion"},{"floor":22,"key":"SteroidPotion"},{"floor":30,"key":"PowerPotion"},{"floor":31,"key":"Strength Potion"}],"is_trial":false,"path_per_floor":["M","M","M","T","M","E","R","E","T","M","R","M","E","M","R","B",null,"M","?","M","$","M","?","M","R","T","$","R","?","E","M","R","B"],"character_chosen":"IRONCLAD","items_purchased":["Omamori","EssenceOfSteel","FearPotion","Disarm"],"campfire_rested":3,"item_purchase_floors":[21,21,21,27],"current_hp_per_floor":[70,75,71,71,74,57,57,41,41,44,44,48,46,48,73,39,74,80,80,66,66,22,22,21,48,48,48,48,48,30,35,63,0],"gold":58,"neow_bonus":"THREE_CARDS","is_prod":false,"is_daily":false,"chose_seed":false,"campfire_upgraded":3,"win_rate":0,"timestamp":1549231361,"path_taken":["M","M","M","?","M","E","R","E","T","M","R","?","E","M","R","BOSS","M","?","M","$","?","?","?","R","T","?","R","?","E","M","R","BOSS"],"build_version":"2019-01-23","purchased_purges":1,"victory":false,"max_hp_per_floor":[75,75,75,75,75,75,75,75,75,78,78,81,81,85,85,85,85,85,85,85,85,88,88,92,92,92,92,92,92,96,96,96,96],"card_choices":[{"not_picked":["Evolve","Twin Strike"],"picked":"Clothesline","floor":0},{"not_picked":["Heavy Blade","Second Wind"],"picked":"Reckless Charge","floor":1},{"not_picked":["Intimidate","Iron Wave"],"picked":"Flame Barrier","floor":2},{"not_picked":["Clash","Flex"],"picked":"Shrug It Off","floor":3},{"not_picked":["Perfected Strike","Iron Wave"],"picked":"Cleave","floor":5},{"not_picked":["Armaments","Clothesline"],"picked":"Feed","floor":6},{"not_picked":["Infernal Blade","Offering"],"picked":"Exhume","floor":8},{"not_picked":["Clash","Twin Strike"],"picked":"Armaments","floor":10},{"not_picked":["Rampage","Havoc"],"picked":"Body Slam","floor":12},{"not_picked":["Uppercut","Whirlwind"],"picked":"Impervious","floor":13},{"not_picked":["Wild Strike","Clothesline"],"picked":"Pommel Strike","floor":14},{"not_picked":["Limit Break","Offering"],"picked":"Double Tap","floor":16},{"not_picked":["Second Wind","Clothesline"],"picked":"Whirlwind","floor":18},{"not_picked":["Corruption","Heavy Blade+1"],"picked":"Twin Strike","floor":20},{"not_picked":["Shrug It Off+1","Wild Strike"],"picked":"Dropkick","floor":22},{"not_picked":["Dropkick","Twin Strike"],"picked":"Spot Weakness","floor":24},{"not_picked":["Twin Strike","Rampage+1"],"picked":"Exhume","floor":30},{"not_picked":["Spot Weakness","Havoc"],"picked":"Shockwave","floor":31}],"player_experience":529864,"relics_obtained":[{"floor":4,"key":"Centennial Puzzle"},{"floor":6,"key":"Oddly Smooth Stone"},{"floor":8,"key":"Bronze Scales"},{"floor":9,"key":"Ancient Tea Set"},{"floor":13,"key":"Orichalcum"},{"floor":26,"key":"Lantern"},{"floor":30,"key":"Mummified Hand"}],"event_choices":[{"damage_healed":0,"gold_gain":0,"player_choice":"2 cards matched","damage_taken":0,"max_hp_gain":0,"max_hp_loss":0,"event_name":"Match and Keep!","floor":19,"gold_loss":0,"cards_obtained":["Corruption","Limit Break"]},{"damage_healed":0,"gold_gain":0,"player_choice":"Gave Potion","damage_taken":0,"relics_obtained":["Pen Nib"],"max_hp_gain":0,"max_hp_loss":0,"event_name":"WeMeetAgain","floor":23,"gold_loss":0},{"damage_healed":0,"gold_gain":0,"player_choice":"Stole Relic","damage_taken":0,"relics_obtained":["Blood Vial"],"max_hp_gain":0,"max_hp_loss":0,"event_name":"Addict","floor":29,"gold_loss":0,"cards_obtained":["Shame"]}],"is_beta":false,"boss_relics":[{"not_picked":["Calling Bell","Runic Dome"],"picked":"Lizard Tail"}],"items_purged_floors":[21],"is_endless":false,"potions_floor_spawned":[3,5,6,8,10,12,22,30,31],"killed_by":"Automaton","ascension_level":16}