{"gold_per_floor":[119,194,194,194,11,31,54,92,92,122,136,136,172,172,172,172],"floor_reached":16,"playtime":1600,"items_purged":[],"score":124,"play_id":"6b16bba4-d7a7-4a28-b5f9-1f764e4832a4","local_time":"20190127231158","is_ascension_mode":true,"campfire_choices":[{"floor":10,"key":"DIG"},{"floor":15,"key":"DIG"}],"neow_cost":"NONE","seed_source_timestamp":25141795732028,"circlet_count":0,"master_deck":["Strike_R","Strike_R","Strike_R","Defend_R","Defend_R","Defend_R","Defend_R","Bash","Thunderclap","Iron Wave","Battle Trance","Flex","Inflame","Metallicize"],"relics":["Burning Blood","Golden Idol","Blood Vial","Shovel","Gambling Chip","Tiny Chest","Happy Flower","Omamori"],"potions_floor_usage":[13,16,16],"damage_taken":[{"damage":2,"enemies":"Small Slimes","floor":1,"turns":4},{"damage":4,"enemies":"2 Louse","floor":6,"turns":2},{"damage":1,"enemies":"Cultist","floor":7,"turns":3},{"damage":25,"enemies":"3 Sentries","floor":8,"turns":8},{"damage":6,"enemies":"Blue Slaver","floor":11,"turns":3},{"damage":18,"enemies":"Lagavulin","floor":13,"turns":8},{"damage":54,"enemies":"Slime Boss","floor":16,"turns":10}],"seed_played":"1931154615028177280","potions_obtained":[{"floor":6,"key":"Explosive Potion"},{"floor":7,"key":"GamblersBrew"},{"floor":8,"key":"EssenceOfSteel"}],"is_trial":false,"path_per_floor":["?","?","?","M","?","?"],"character_chosen":"IRONCLAD","items_purchased":["Battle Trance","Blood Vial"],"campfire_rested":0,"item_purchase_floors":[5,5],"current_hp_per_floor":[88,77,77,77,77,81,81,62,62,62,64,57,47,52,52,0],"gold":172,"neow_bonus":"TEN_PERCENT_HP_BONUS","is_prod":false,"is_daily":false,"chose_seed":false,"campfire_upgraded":0,"win_rate":0,"timestamp":1548601918,"path_taken":["M","?","?","?","$","M","?","E","T","R","M","?","E","?","R","BOSS"],"build_version":"2019-01-23","purchased_purges":0,"victory":false,"max_hp_per_floor":[88,88,81,81,81,81,81,81,81,81,81,81,81,86,86,86],"card_choices":[{"not_picked":["Armaments","Havoc"],"picked":"Thunderclap","floor":1},{"not_picked":["Sever Soul","Fire Breathing"],"picked":"Flex","floor":6},{"not_picked":["Iron Wave","Hemokinesis"],"picked":"Inflame","floor":7},{"not_picked":["Clash","Warcry","Sentinel"],"picked":"SKIP","floor":8},{"not_picked":["Pommel Strike","Warcry"],"picked":"Metallicize","floor":11},{"not_picked":["Bloodletting","Barricade","Havoc"],"picked":"SKIP","floor":13}],"player_experience":64724,"relics_obtained":[{"floor":8,"key":"Shovel"},{"floor":9,"key":"Gambling Chip"},{"floor":10,"key":"Tiny Chest"},{"floor":13,"key":"Happy Flower"},{"floor":15,"key":"Omamori"}],"event_choices":[{"damage_healed":0,"gold_gain":75,"player_choice":"Gather Gold","damage_taken":11,"max_hp_gain":0,"max_hp_loss":0,"event_name":"World of Goop","floor":2,"gold_loss":0},{"damage_healed":0,"gold_gain":0,"player_choice":"Lose Max HP","damage_taken":0,"relics_obtained":["Golden Idol"],"max_hp_gain":0,"max_hp_loss":7,"event_name":"Golden Idol","floor":3,"gold_loss":0},{"damage_healed":0,"gold_gain":0,"cards_transformed":["Strike_R"],"player_choice":"Transformed","damage_taken":0,"max_hp_gain":0,"max_hp_loss":0,"event_name":"Transmorgrifier","floor":4,"gold_loss":0,"cards_obtained":["Iron Wave"]},{"cards_removed":["Strike_R"],"damage_healed":0,"gold_gain":0,"player_choice":"Card Removal","damage_taken":7,"max_hp_gain":0,"max_hp_loss":0,"event_name":"Golden Wing","floor":12,"gold_loss":0},{"damage_healed":0,"gold_gain":0,"player_choice":"Donut","damage_taken":0,"max_hp_gain":5,"max_hp_loss":0,"event_name":"Big Fish","floor":14,"gold_loss":0}],"is_beta":false,"boss_relics":[],"items_purged_floors":[],"is_endless":false,"potions_floor_spawned":[6,7,8],"killed_by":"Slime Boss","ascension_level":3}