{"gold_per_floor":[119,136,156,175,175,175,5,16,43,57,7,75,101,116,116,190,190,190,190,115,115,115,115,115,115,115,115,115,115,115,115,115,115],"floor_reached":33,"playtime":2183,"items_purged":["Pain"],"score":499,"play_id":"48d649ef-7728-49a5-9242-e6844c95c0bb","local_time":"20181223210822","is_ascension_mode":true,"campfire_choices":[{"data":"Seeing Red","floor":6,"key":"SMITH"},{"data":"Uppercut","floor":15,"key":"SMITH"},{"floor":23,"key":"REST"},{"floor":27,"key":"REST"},{"floor":30,"key":"REST"},{"data":"Barricade","floor":32,"key":"SMITH"}],"neow_cost":"NONE","seed_source_timestamp":15783134326537,"circlet_count":0,"master_deck":["AscendersBane","Strike_R","Strike_R","Defend_R","Defend_R","Defend_R","Defend_R","Bash","Blind","Seeing Red+1","Evolve","Uppercut+1","Intimidate","Good Instincts","Headbutt","Clothesline","Flex","Carnage","Barricade+1","Pommel Strike","Dual Wield+1","Battle Trance","Thunderclap","Shrug It Off"],"relics":["Burning Blood","WarpedTongs","Ancient Tea Set","Matryoshka","Orichalcum","Ectoplasm","Smiling Mask","Shuriken","Anchor","Pear"],"potions_floor_usage":[4,16,22,24],"damage_taken":[{"damage":5,"enemies":"2 Louse","floor":1,"turns":4},{"damage":2,"enemies":"Cultist","floor":2,"turns":5},{"damage":14,"enemies":"Jaw Worm","floor":3,"turns":4},{"damage":7,"enemies":"3 Louse","floor":4,"turns":4},{"damage":4,"enemies":"Looter","floor":8,"turns":3},{"damage":7,"enemies":"2 Fungi Beasts","floor":10,"turns":3},{"damage":30,"enemies":"Gremlin Nob","floor":13,"turns":5},{"damage":1,"enemies":"Large Slime","floor":14,"turns":6},{"damage":17,"enemies":"Slime Boss","floor":16,"turns":11},{"damage":21,"enemies":"Shell Parasite","floor":18,"turns":7},{"damage":0,"enemies":"Spheric Guardian","floor":22,"turns":3},{"damage":34,"enemies":"Book of Stabbing","floor":24,"turns":6},{"damage":27,"enemies":"Snake Plant","floor":25,"turns":6},{"damage":57,"enemies":"Gremlin Leader","floor":29,"turns":8},{"damage":15,"enemies":"Centurion and Healer","floor":31,"turns":5},{"damage":54,"enemies":"Automaton","floor":33,"turns":6}],"seed_played":"7048412610379706004","potions_obtained":[{"floor":3,"key":"SteroidPotion"},{"floor":4,"key":"SpeedPotion"},{"floor":10,"key":"Dexterity Potion"},{"floor":16,"key":"LiquidBronze"}],"is_trial":false,"path_per_floor":["M","M","M","M","?","R","$","M","T","M","?","T","E","M","R","B",null,"M","?","?","?","M","R","E","M","T","R","?","E","R","M","R","B"],"character_chosen":"IRONCLAD","items_purchased":["Good Instincts"],"campfire_rested":3,"item_purchase_floors":[7],"current_hp_per_floor":[73,77,69,68,68,68,68,70,70,69,69,69,45,50,50,39,70,55,55,55,40,46,71,43,22,22,47,75,34,62,53,53,0],"gold":115,"neow_bonus":"RANDOM_COLORLESS","is_prod":false,"is_daily":false,"chose_seed":false,"campfire_upgraded":3,"win_rate":0,"timestamp":1545628102,"path_taken":["M","M","M","M","?","R","?","M","T","M","?","?","E","M","R","BOSS","M","?","?","?","M","R","E","M","T","R","?","E","R","M","R","BOSS"],"build_version":"2018-12-20","purchased_purges":1,"victory":false,"max_hp_per_floor":[80,80,80,80,80,80,80,80,80,80,80,80,80,80,80,80,80,80,80,80,85,85,85,85,85,85,85,85,95,95,95,95,95],"card_choices":[{"not_picked":["Warcry","Bloodletting"],"picked":"Seeing Red","floor":1},{"not_picked":["Iron Wave","Intimidate"],"picked":"Evolve","floor":2},{"not_picked":["Clash","Fire Breathing"],"picked":"Uppercut","floor":3},{"not_picked":["Pommel Strike","Twin Strike"],"picked":"Intimidate","floor":4},{"not_picked":["Heavy Blade","Thunderclap"],"picked":"Headbutt","floor":8},{"not_picked":["Power Through","Warcry"],"picked":"Clothesline","floor":10},{"not_picked":["Combust","Bloodletting"],"picked":"Flex","floor":13},{"not_picked":["Entrench","Bloodletting"],"picked":"Carnage","floor":14},{"not_picked":["Immolate","Juggernaut"],"picked":"Barricade","floor":16},{"not_picked":["Sword Boomerang","Flex+1","Havoc"],"picked":"SKIP","floor":18},{"not_picked":["Bloodletting","Perfected Strike"],"picked":"Pommel Strike","floor":22},{"not_picked":["Headbutt","Clothesline"],"picked":"Dual Wield+1","floor":24},{"not_picked":["Rampage","Fire Breathing"],"picked":"Battle Trance","floor":25},{"not_picked":["Flame Barrier","Dark Embrace"],"picked":"Thunderclap","floor":29},{"not_picked":["Perfected Strike","Sentinel"],"picked":"Shrug It Off","floor":31}],"player_experience":434650,"relics_obtained":[{"floor":9,"key":"Ancient Tea Set"},{"floor":12,"key":"Matryoshka"},{"floor":13,"key":"Orichalcum"},{"floor":24,"key":"Smiling Mask"},{"floor":26,"key":"Shuriken"},{"floor":26,"key":"Anchor"},{"floor":29,"key":"Pear"}],"event_choices":[{"damage_healed":0,"gold_gain":0,"player_choice":"Rummage","damage_taken":0,"relics_obtained":["WarpedTongs"],"max_hp_gain":0,"max_hp_loss":0,"event_name":"Accursed Blacksmith","floor":5,"gold_loss":0,"cards_obtained":["Pain"]},{"cards_removed":["Strike_R"],"damage_healed":0,"gold_gain":0,"player_choice":"Card Removal","damage_taken":0,"max_hp_gain":0,"max_hp_loss":0,"event_name":"The Cleric","floor":11,"gold_loss":50},{"cards_removed":["Strike_R"],"damage_healed":0,"gold_gain":0,"player_choice":"Elegance","damage_taken":0,"max_hp_gain":0,"max_hp_loss":0,"event_name":"Back to Basics","floor":19,"gold_loss":0},{"cards_removed":["Strike_R"],"damage_healed":0,"gold_gain":0,"player_choice":"Gave Gold","damage_taken":0,"max_hp_gain":0,"max_hp_loss":0,"event_name":"Beggar","floor":20,"gold_loss":75},{"damage_healed":0,"gold_gain":0,"player_choice":"Shed Blood","damage_taken":20,"max_hp_gain":5,"max_hp_loss":0,"event_name":"Forgotten Altar","floor":21,"gold_loss":0},{"damage_healed":28,"gold_gain":0,"player_choice":"Heal","damage_taken":0,"max_hp_gain":0,"max_hp_loss":0,"event_name":"The Library","floor":28,"gold_loss":0}],"is_beta":false,"boss_relics":[{"not_picked":["Runic Dome","Black Blood"],"picked":"Ectoplasm"}],"items_purged_floors":[7],"is_endless":false,"potions_floor_spawned":[3,4,10,13,14,16,18],"killed_by":"Automaton","ascension_level":13}