{"gold_per_floor":[119,119,119,119,294,320,320,353,353,365,382,407,425,441,441,538,538,550,145,145,1,16,16],"floor_reached":23,"playtime":9402,"items_purged":["Doubt"],"score":398,"play_id":"25ba006b-8ed2-40d2-aa49-f8e8c04b47da","local_time":"20190126232202","is_ascension_mode":true,"campfire_choices":[{"floor":7,"key":"REST"},{"data":"Noxious Fumes","floor":15,"key":"SMITH"}],"neow_cost":"NONE","seed_source_timestamp":28183996592993,"circlet_count":0,"master_deck":["AscendersBane","Defend_G+1","Defend_G","Defend_G","Strike_G","Strike_G","Strike_G+1","Strike_G+1","Survivor","Neutralize","Sucker Punch+1","Leg Sweep","Crippling Poison","Noxious Fumes+1","Sucker Punch","Dodge and Roll","Heel Hook","Corpse Explosion","Bane+1","Dodge and Roll+1","Slice+1","Predator","Infinite Blades","Infinite Blades"],"relics":["Ring of the Snake","NeowsBlessing","Bronze Scales","Matryoshka","Whetstone","Mummified Hand","Ice Cream","Dream Catcher","Orichalcum","Astrolabe","Ginger","Juzu Bracelet"],"potions_floor_usage":[13,16],"damage_taken":[{"damage":0,"enemies":"Small Slimes","floor":1,"turns":1},{"damage":0,"enemies":"Gremlin Nob","floor":6,"turns":1},{"damage":0,"enemies":"3 Sentries","floor":8,"turns":1},{"damage":1,"enemies":"Jaw Worm","floor":10,"turns":4},{"damage":0,"enemies":"Cultist","floor":11,"turns":4},{"damage":0,"enemies":"2 Fungi Beasts","floor":13,"turns":3},{"damage":0,"enemies":"Blue Slaver","floor":14,"turns":4},{"damage":21,"enemies":"The Guardian","floor":16,"turns":12},{"damage":8,"enemies":"Chosen","floor":18,"turns":5},{"damage":13,"enemies":"2 Thieves","floor":22,"turns":5},{"damage":27,"enemies":"Book of Stabbing","floor":23,"turns":5}],"seed_played":"2194671711995020099","potions_obtained":[{"floor":6,"key":"Energy Potion"},{"floor":10,"key":"Ancient Potion"},{"floor":11,"key":"SkillPotion"},{"floor":16,"key":"Explosive Potion"},{"floor":22,"key":"LiquidBronze"}],"is_trial":false,"path_per_floor":["M","?","?","?","?","E","R","E","T","M","M","T","M","M","R","B",null,"M","$","?","$","M","E"],"character_chosen":"THE_SILENT","items_purchased":["Infinite Blades","Ginger","Juzu Bracelet"],"campfire_rested":1,"item_purchase_floors":[19,19,21],"current_hp_per_floor":[63,49,31,31,31,31,52,52,52,51,51,51,51,51,51,30,60,52,52,52,52,39,12],"gold":16,"neow_bonus":"THREE_ENEMY_KILL","is_prod":false,"is_daily":false,"chose_seed":false,"campfire_upgraded":1,"win_rate":0,"timestamp":1548541322,"path_taken":["M","?","?","?","?","E","R","E","T","?","M","?","M","M","R","BOSS","M","?","?","$","M","E"],"build_version":"2019-01-23","purchased_purges":1,"victory":false,"max_hp_per_floor":[70,70,70,70,70,70,70,70,70,70,70,70,70,70,70,70,70,70,70,70,70,70,70],"card_choices":[{"not_picked":["Blade Dance","Choke"],"picked":"Sucker Punch","floor":1},{"not_picked":["Prepared","Bane"],"picked":"Leg Sweep","floor":6},{"not_picked":["Prepared","Poisoned Stab"],"picked":"Crippling Poison","floor":8},{"not_picked":["Dagger Throw","Bane"],"picked":"Noxious Fumes","floor":10},{"not_picked":["Slice","Blade Dance"],"picked":"Sucker Punch","floor":11},{"not_picked":["Underhanded Strike","Bane"],"picked":"Dodge and Roll","floor":13},{"not_picked":["Poisoned Stab","All Out Attack"],"picked":"Heel Hook","floor":14},{"not_picked":["Phantasmal Killer","Glass Knife"],"picked":"Corpse Explosion","floor":16},{"not_picked":["Deflect","Blade Dance"],"picked":"Predator","floor":18},{"not_picked":["Reflex","Distraction"],"picked":"Infinite Blades","floor":22}],"player_experience":2058162,"relics_obtained":[{"floor":6,"key":"Matryoshka"},{"floor":8,"key":"Whetstone"},{"floor":9,"key":"Mummified Hand"},{"floor":9,"key":"Ice Cream"},{"floor":12,"key":"Dream Catcher"},{"floor":12,"key":"Orichalcum"}],"event_choices":[{"damage_healed":0,"gold_gain":0,"player_choice":"Entered Light","damage_taken":14,"max_hp_gain":0,"max_hp_loss":0,"event_name":"Shining Light","floor":2,"gold_loss":0,"cards_upgraded":["Sucker Punch","Defend_G"]},{"damage_healed":0,"gold_gain":0,"player_choice":"Success","damage_taken":18,"relics_obtained":["Bronze Scales"],"max_hp_gain":0,"max_hp_loss":0,"event_name":"Scrap Ooze","floor":3,"gold_loss":0},{"damage_healed":0,"gold_gain":0,"player_choice":"Ignored","damage_taken":0,"max_hp_gain":0,"max_hp_loss":0,"event_name":"Golden Wing","floor":4,"gold_loss":0},{"damage_healed":0,"gold_gain":175,"player_choice":"AGREE","damage_taken":0,"max_hp_gain":0,"max_hp_loss":0,"event_name":"Liars Game","floor":5,"gold_loss":0,"cards_obtained":["Doubt"]},{"damage_healed":0,"gold_gain":0,"player_choice":"Ignored","damage_taken":0,"max_hp_gain":0,"max_hp_loss":0,"event_name":"Vampires","floor":20,"gold_loss":0}],"is_beta":false,"boss_relics":[{"not_picked":["Coffee Dripper","Cursed Key"],"picked":"Astrolabe"}],"items_purged_floors":[19],"is_endless":false,"potions_floor_spawned":[6,10,11,16,22],"killed_by":"Book of Stabbing","ascension_level":12}