{"gold_per_floor":[118,193,34,34,49,49,79,79,105,127,139,180,206,230,242,254],"floor_reached":16,"playtime":447,"items_purged":["Strike_B"],"score":198,"play_id":"2451ba03-5964-4e93-bcb2-ae8e68804e9a","local_time":"20181110205111","is_ascension_mode":true,"campfire_choices":[{"data":"Sunder","floor":6,"key":"SMITH"},{"floor":8,"key":"REST"},{"floor":15,"key":"REST"}],"neow_cost":"NONE","seed_source_timestamp":27410456381050,"circlet_count":0,"master_deck":["AscendersBane","Strike_B","Strike_B","Defend_B","Defend_B","Defend_B","Defend_B","Zap","Dualcast","Ball Lightning","Sunder+1","Genetic Algorithm","Steam","Steam","Conserve Battery","Beam Cell"],"relics":["Black Star","Frozen Egg 2","Question Card","MawBank","Peace Pipe","Thread and Needle"],"potions_floor_usage":[12],"damage_taken":[{"damage":2,"enemies":"Jaw Worm","floor":1,"turns":6},{"damage":0,"enemies":"2 Louse","floor":5,"turns":1},{"damage":34,"enemies":"3 Sentries","floor":7,"turns":7},{"damage":1,"enemies":"Cultist","floor":10,"turns":3},{"damage":18,"enemies":"Lagavulin","floor":12,"turns":5},{"damage":0,"enemies":"2 Fungi Beasts","floor":13,"turns":4},{"damage":2,"enemies":"Lots of Slimes","floor":14,"turns":6},{"damage":43,"enemies":"Slime Boss","floor":16,"turns":5}],"seed_played":"-8092235970506362724","potions_obtained":[{"floor":7,"key":"Poison Potion"},{"floor":12,"key":"Energy Potion"},{"floor":13,"key":"SpeedPotion"}],"is_trial":false,"path_per_floor":["M","?","$","?","M","R","E","R","T","M","?","E","M","M","R","B"],"character_chosen":"DEFECT","items_purchased":["Sunder"],"campfire_rested":2,"item_purchase_floors":[3],"current_hp_per_floor":[62,51,51,51,51,51,17,38,38,37,37,19,19,17,38,0],"gold":254,"neow_bonus":"BOSS_RELIC","is_prod":false,"is_daily":false,"chose_seed":false,"campfire_upgraded":1,"win_rate":0,"timestamp":1541879471,"path_taken":["M","?","$","?","M","R","E","R","T","?","?","E","M","?","R","BOSS"],"build_version":"2018-11-08","purchased_purges":1,"victory":false,"max_hp_per_floor":[71,71,71,71,71,71,71,71,71,71,71,71,71,71,71,71],"card_choices":[{"not_picked":["Streamline","Barrage"],"picked":"Ball Lightning","floor":1},{"not_picked":["Darkness","Redo"],"picked":"Genetic Algorithm","floor":5},{"not_picked":["White Noise","Redo"],"picked":"Steam","floor":7},{"not_picked":["Rip and Tear","Undo","Gash"],"picked":"Steam","floor":10},{"not_picked":["Reboot","Storm+1","Sweeping Beam"],"picked":"Conserve Battery","floor":12},{"not_picked":["Coolheaded","Sweeping Beam","Cold Snap","Tempest"],"picked":"SKIP","floor":13},{"not_picked":["Gash","Coolheaded","Hologram"],"picked":"Beam Cell","floor":14}],"player_experience":648361,"relics_obtained":[{"floor":7,"key":"Frozen Egg 2"},{"floor":7,"key":"Question Card"},{"floor":9,"key":"MawBank"},{"floor":12,"key":"Peace Pipe"},{"floor":12,"key":"Thread and Needle"}],"event_choices":[{"damage_healed":0,"gold_gain":75,"player_choice":"Gather Gold","damage_taken":11,"max_hp_gain":0,"max_hp_loss":0,"event_name":"World of Goop","floor":2,"gold_loss":0},{"damage_healed":0,"gold_gain":0,"player_choice":"Ignored","damage_taken":0,"max_hp_gain":0,"max_hp_loss":0,"event_name":"WeMeetAgain","floor":4,"gold_loss":0},{"cards_removed":["Strike_B"],"damage_healed":0,"gold_gain":0,"player_choice":"Purged","damage_taken":0,"max_hp_gain":0,"max_hp_loss":0,"event_name":"Purifier","floor":11,"gold_loss":0}],"is_beta":false,"boss_relics":[],"items_purged_floors":[3],"is_endless":false,"potions_floor_spawned":[7,12,13,14],"killed_by":"Slime Boss","ascension_level":16}