{"gold_per_floor":[12,12,35,47,77,89,133,145,181,193,205,217,179,219,231,243],"floor_reached":16,"playtime":901,"items_purged":[],"score":170,"play_id":"73d87a1c-fbf4-4414-b201-4d55ddd3bbb2","local_time":"20180928182709","is_ascension_mode":true,"campfire_choices":[{"data":"Zap","floor":6,"key":"SMITH"},{"data":"Fusion","floor":8,"key":"SMITH"},{"data":"Dualcast","floor":10,"key":"SMITH"},{"data":"Glacier","floor":15,"key":"SMITH"}],"neow_cost":"NO_GOLD","seed_source_timestamp":200174275439039,"circlet_count":0,"master_deck":["Strike_B","Strike_B","Defend_B","Defend_B","Defend_B","Zap+1","Dualcast+1","AscendersBane","Coolheaded","Darkness+1","Steam+1","Fusion+1","Glacier+1"],"relics":["Cracked Core","MawBank","Calipers","Omamori","Blue Candle"],"potions_floor_usage":[16],"damage_taken":[{"damage":2,"enemies":"Jaw Worm","floor":1,"turns":3},{"damage":5,"enemies":"Small Slimes","floor":3,"turns":5},{"damage":0,"enemies":"Cultist","floor":5,"turns":3},{"damage":14,"enemies":"Lagavulin","floor":7,"turns":5},{"damage":11,"enemies":"3 Sentries","floor":14,"turns":7},{"damage":40,"enemies":"Slime Boss","floor":16,"turns":9}],"seed_played":"-6444326014391251067","potions_obtained":[{"floor":7,"key":"Poison Potion"},{"floor":14,"key":"Strength Potion"}],"is_trial":false,"path_per_floor":["M","?","M","?","M","R","E","R","T","R","$","?","?","E","R"],"character_chosen":"DEFECT","items_purchased":[],"campfire_rested":0,"item_purchase_floors":[],"current_hp_per_floor":[66,59,54,54,54,54,40,40,40,40,40,40,40,29,29,0],"gold":243,"neow_bonus":"REMOVE_TWO","is_prod":false,"is_daily":false,"chose_seed":false,"campfire_upgraded":4,"win_rate":0,"timestamp":1538152029,"path_taken":["M","?","M","?","M","R","E","R","T","R","?","?","?","E","R","BOSS"],"build_version":"2018-09-27","purchased_purges":0,"victory":false,"max_hp_per_floor":[75,75,75,75,75,75,75,75,75,75,75,75,75,75,75,75],"card_choices":[{"not_picked":["Sweeping Beam","Steam Power"],"picked":"Coolheaded","floor":1},{"not_picked":["Cold Snap","Streamline"],"picked":"Darkness","floor":3},{"not_picked":["Sweeping Beam","Barrage"],"picked":"Steam","floor":5},{"not_picked":["Fusion","Rip and Tear","Chaos"],"picked":"SKIP","floor":7},{"not_picked":["Rip and Tear","Chaos"],"picked":"Fusion","floor":7},{"not_picked":["Compile Driver","Turbo"],"picked":"Glacier","floor":14}],"player_experience":452262,"relics_obtained":[{"floor":7,"key":"Calipers"},{"floor":9,"key":"Omamori"},{"floor":14,"key":"Blue Candle"}],"event_choices":[{"event_name":"Scrap Ooze","player_choice":"success","floor":2,"damage_taken":7},{"event_name":"Accursed Blacksmith","player_choice":"Forge","floor":4,"damage_taken":0},{"event_name":"Upgrade Shrine","player_choice":"Upgraded","floor":12,"damage_taken":0},{"event_name":"The Cleric","player_choice":"Card Removal","floor":13,"damage_taken":0}],"is_beta":false,"boss_relics":[],"items_purged_floors":[],"is_endless":false,"potions_floor_spawned":[7,14],"killed_by":"Slime Boss","ascension_level":12}