{"gold_per_floor":[209,219,70,70,84,84,99,99,99,99,117,137,152,181,181,181],"floor_reached":16,"playtime":796,"items_purged":[],"score":182,"play_id":"7f2b2337-49ce-4582-9574-8d6561f6a2b4","local_time":"20190131111904","is_ascension_mode":true,"campfire_choices":[{"data":"Bash","floor":6.0,"key":"SMITH"},{"data":"Pummel","floor":8.0,"key":"SMITH"},{"data":"Clash","floor":10.0,"key":"SMITH"},{"floor":15.0,"key":"REST"}],"neow_cost":"NONE","seed_source_timestamp":76552857049252,"circlet_count":0,"master_deck":["AscendersBane","Strike_R","Strike_R","Strike_R","Strike_R","Defend_R","Defend_R","Defend_R","Defend_R","Bash+1","Clash+1","Thunderclap","Pummel+1","Offering","Cleave","Whirlwind+1"],"special_seed":0,"relics":["Burning Blood","Happy Flower","Letter Opener","Molten Egg 2"],"potions_floor_usage":[],"damage_taken":[{"damage":10.0,"enemies":"Small Slimes","floor":1.0,"turns":4.0},{"damage":6.0,"enemies":"Cultist","floor":2.0,"turns":3.0},{"damage":8.0,"enemies":"Jaw Worm","floor":5.0,"turns":4.0},{"damage":16.0,"enemies":"Exordium Wildlife","floor":7.0,"turns":6.0},{"damage":22.0,"enemies":"Gremlin Gang","floor":11.0,"turns":6.0},{"damage":9.0,"enemies":"Red Slaver","floor":12.0,"turns":3.0},{"damage":6.0,"enemies":"Lots of Slimes","floor":13.0,"turns":2.0},{"damage":15.0,"enemies":"Lagavulin","floor":14.0,"turns":3.0},{"damage":46,"enemies":"Hexaghost","floor":16,"turns":7}],"seed_played":"5327450074782666216","potions_obtained":[{"floor":1.0,"key":"SkillPotion"},{"floor":5.0,"key":"Dexterity Potion"},{"floor":7.0,"key":"SteroidPotion"},{"floor":11.0,"key":"AttackPotion"}],"is_trial":false,"path_per_floor":["?","M"],"character_chosen":"IRONCLAD","items_purchased":["Happy Flower"],"campfire_rested":1,"item_purchase_floors":[3],"current_hp_per_floor":[64,64,64,64,62,62,52,52,52,52,36,33,33,24,46,0],"gold":181,"neow_bonus":"HUNDRED_GOLD","is_prod":false,"is_daily":false,"chose_seed":false,"campfire_upgraded":3,"win_rate":0,"timestamp":1548904744,"path_taken":["M","M","$","?","M","R","M","R","T","R","M","M","?","E","R","BOSS"],"build_version":"2019-01-23","purchased_purges":0,"victory":false,"max_hp_per_floor":[75,75,75,75,75,75,75,75,75,75,75,75,75,75,75,75],"card_choices":[{"not_picked":["Iron Wave","Clothesline"],"picked":"Clash","floor":1.0},{"not_picked":["Havoc","Fire Breathing","Armaments"],"picked":"SKIP","floor":2.0},{"not_picked":["Rage","Infernal Blade"],"picked":"Thunderclap","floor":5.0},{"not_picked":["Thunderclap","Entrench"],"picked":"Pummel","floor":7.0},{"not_picked":["Sentinel","Havoc","True Grit"],"picked":"SKIP","floor":11.0},{"not_picked":["Corruption","Combust"],"picked":"Offering","floor":12.0},{"not_picked":["Armaments","Blood for Blood"],"picked":"Cleave","floor":13.0},{"not_picked":["Uppercut","Thunderclap"],"picked":"Whirlwind","floor":14.0}],"player_experience":174064,"relics_obtained":[{"floor":9.0,"key":"Letter Opener"},{"floor":14.0,"key":"Molten Egg 2"}],"event_choices":[{"cards_removed":["Strike_R"],"damage_healed":0.0,"max_hp_gain":0.0,"max_hp_loss":0.0,"gold_gain":0.0,"event_name":"Bonfire Elementals","player_choice":"Offered Basic","floor":4.0,"gold_loss":0.0,"damage_taken":0.0}],"is_beta":false,"boss_relics":[],"items_purged_floors":[],"is_endless":false,"potions_floor_spawned":[1,5,7,11,12],"killed_by":"Hexaghost","ascension_level":15}