{"gold_per_floor":[115,132,14,0,13,47,47,58,58,58,68,68,86,86],"floor_reached":14,"playtime":843,"items_purged":[],"score":170,"play_id":"0236d170-2b3a-46fa-b7c6-9f28aba61382","local_time":"20181120164341","is_ascension_mode":true,"campfire_choices":[{"data":"Defragment","floor":7,"key":"SMITH"},{"data":"Sunder","floor":12,"key":"SMITH"}],"neow_cost":"CURSE","seed_source_timestamp":359782930234939,"circlet_count":0,"master_deck":["AscendersBane","Strike_B","Strike_B","Strike_B","Defend_B","Defend_B","Defend_B","Zap","Dualcast","Injury","Buffer","Blizzard","Compile Driver","Leap","Defragment+1","Reinforced Body","Beam Cell","Steam+1","Sunder+1","Leap+1","Ball Lightning"],"relics":["Cracked Core","Toxic Egg 2","Calipers"],"potions_floor_usage":[2,13],"damage_taken":[{"damage":7,"enemies":"Small Slimes","floor":1,"turns":3},{"damage":0,"enemies":"2 Louse","floor":2,"turns":2},{"damage":3,"enemies":"Cultist","floor":5,"turns":5},{"damage":14,"enemies":"Lagavulin","floor":6,"turns":9},{"damage":17,"enemies":"3 Louse","floor":8,"turns":4},{"damage":6,"enemies":"Exordium Wildlife","floor":11,"turns":6},{"damage":0,"enemies":"Red Slaver","floor":13,"turns":4},{"damage":17,"enemies":"3 Louse","floor":14,"turns":2}],"seed_played":"8890327108917256802","potions_obtained":[{"floor":1,"key":"AttackPotion"},{"floor":6,"key":"Energy Potion"},{"floor":10,"key":"Ancient Potion"}],"is_trial":false,"path_per_floor":["M","M","$","?","M","E","R","M","T","?","M","R","M","M"],"character_chosen":"DEFECT","items_purchased":["Defragment","Reinforced Body"],"campfire_rested":0,"item_purchase_floors":[3,3],"current_hp_per_floor":[57,57,57,57,54,40,40,23,23,23,17,17,17,0],"gold":86,"neow_bonus":"TRANSFORM_TWO_CARDS","is_prod":false,"is_daily":false,"chose_seed":false,"campfire_upgraded":2,"win_rate":0,"timestamp":1542728621,"path_taken":["M","M","$","?","M","E","R","M","T","?","M","R","?","M"],"build_version":"2018-11-15","purchased_purges":0,"victory":false,"max_hp_per_floor":[71,71,71,71,71,71,71,71,71,71,71,71,71,71],"card_choices":[{"not_picked":["Rebound","Stack"],"picked":"Compile Driver","floor":1},{"not_picked":["Conserve Battery","Fusion"],"picked":"Leap","floor":2},{"not_picked":["Beam Cell","Hello World","Barrage"],"picked":"SKIP","floor":5},{"not_picked":["Hello World","Barrage"],"picked":"Beam Cell","floor":5},{"not_picked":["Turbo","Static Discharge"],"picked":"Steam","floor":6},{"not_picked":["Aggregate+1","Steam+1"],"picked":"Sunder","floor":8},{"not_picked":["Sweeping Beam","Blizzard"],"picked":"Leap+1","floor":11},{"not_picked":["Recycle+1","Compile Driver"],"picked":"Ball Lightning","floor":13}],"player_experience":670006,"relics_obtained":[{"floor":6,"key":"Toxic Egg 2"},{"floor":9,"key":"Calipers"}],"event_choices":[{"damage_healed":0,"gold_gain":0,"player_choice":"Left Gold","damage_taken":0,"max_hp_gain":0,"max_hp_loss":0,"event_name":"World of Goop","floor":4,"gold_loss":14},{"damage_healed":0,"gold_gain":0,"player_choice":"Got Potions","damage_taken":0,"max_hp_gain":0,"max_hp_loss":0,"event_name":"Lab","floor":10,"gold_loss":0}],"is_beta":false,"boss_relics":[],"items_purged_floors":[],"is_endless":false,"potions_floor_spawned":[1,6],"killed_by":"3 Louse","ascension_level":17}