{"gold_per_floor":[115,115,128,14,30,30,47,72,72,88,38,53,53,53,53,179,179,199,199,139],"floor_reached":20,"playtime":807,"items_purged":["Defend_R","Strike_R"],"score":289,"play_id":"337aa25e-36c3-41e8-8194-68d5f7ca37b8","local_time":"20190225142303","is_ascension_mode":true,"campfire_choices":[{"data":"Flex","floor":6,"key":"SMITH"},{"data":"Evolve","floor":15,"key":"SMITH"}],"neow_cost":"NONE","seed_source_timestamp":845401646253883,"circlet_count":0,"master_deck":["Strike_R","Strike_R","Strike_R","Strike_R","Defend_R","Defend_R","Bash","Flex+1","Rage","Clothesline","Inflame","Inflame","Heavy Blade","Perfected Strike","Uppercut","Evolve+1","Bludgeon","Rage","RitualDagger"],"relics":["Burning Blood","Smiling Mask","Pantograph","Golden Idol","Black Star"],"potions_floor_usage":[8,8,8,16],"damage_taken":[{"damage":1,"enemies":"2 Louse","floor":1,"turns":4},{"damage":0,"enemies":"Cultist","floor":3,"turns":3},{"damage":8,"enemies":"Small Slimes","floor":5,"turns":3},{"damage":11,"enemies":"Blue Slaver","floor":7,"turns":3},{"damage":0,"enemies":"Lagavulin","floor":8,"turns":4},{"damage":14,"enemies":"Exordium Wildlife","floor":10,"turns":4},{"damage":9,"enemies":"2 Fungi Beasts","floor":12,"turns":3},{"damage":77,"enemies":"Slime Boss","floor":16,"turns":9},{"damage":27,"enemies":"Spheric Guardian","floor":18,"turns":4},{"damage":43,"enemies":"2 Thieves","floor":20,"turns":3}],"seed_played":"7470219545210295417","potions_obtained":[{"floor":0,"key":"Dexterity Potion"},{"floor":0,"key":"SpeedPotion"},{"floor":0,"key":"FearPotion"},{"floor":1,"key":"Strength Potion"},{"floor":7,"key":"Energy Potion"},{"floor":12,"key":"Weak Potion"}],"is_trial":false,"path_per_floor":["M","?","M","$","M","R","M","E","T","M","$","M","?","?","R","B",null,"M","?","M"],"character_chosen":"IRONCLAD","items_purchased":["Inflame"],"campfire_rested":0,"item_purchase_floors":[4],"current_hp_per_floor":[77,77,80,80,78,78,73,79,79,71,71,68,73,73,73,8,61,40,34,0],"gold":139,"neow_bonus":"THREE_SMALL_POTIONS","is_prod":false,"is_daily":false,"chose_seed":false,"campfire_upgraded":2,"win_rate":0,"timestamp":1551082983,"path_taken":["M","?","M","$","M","R","M","E","T","M","$","?","?","?","R","BOSS","M","?","M"],"build_version":"2019-01-23","purchased_purges":2,"victory":false,"max_hp_per_floor":[80,80,80,80,80,80,80,80,80,80,80,80,85,79,79,79,79,79,79,79],"card_choices":[{"not_picked":["Searing Blow","Shrug It Off"],"picked":"Flex","floor":1},{"not_picked":["Sword Boomerang","Body Slam"],"picked":"Clothesline","floor":3},{"not_picked":["Havoc","Shrug It Off"],"picked":"Inflame","floor":5},{"not_picked":["Iron Wave","Blood for Blood"],"picked":"Heavy Blade","floor":7},{"not_picked":["Twin Strike","Shrug It Off"],"picked":"Perfected Strike","floor":8},{"not_picked":["Rupture","Bloodletting"],"picked":"Uppercut","floor":10},{"not_picked":["Warcry","Burning Pact"],"picked":"Evolve","floor":12},{"not_picked":["Berserk","Exhume"],"picked":"Bludgeon","floor":16},{"not_picked":["Bloodletting","Dual Wield"],"picked":"Rage","floor":18}],"player_experience":882230,"relics_obtained":[{"floor":8,"key":"Smiling Mask"},{"floor":9,"key":"Pantograph"}],"event_choices":[{"damage_healed":0,"gold_gain":0,"cards_transformed":["Defend_R"],"player_choice":"Transformed","damage_taken":0,"max_hp_gain":0,"max_hp_loss":0,"event_name":"Transmorgrifier","floor":2,"gold_loss":0,"cards_obtained":["Rage"]},{"damage_healed":0,"gold_gain":0,"player_choice":"Donut","damage_taken":0,"max_hp_gain":5,"max_hp_loss":0,"event_name":"Big Fish","floor":13,"gold_loss":0},{"damage_healed":0,"gold_gain":0,"player_choice":"Lose Max HP","damage_taken":0,"relics_obtained":["Golden Idol"],"max_hp_gain":0,"max_hp_loss":6,"event_name":"Golden Idol","floor":14,"gold_loss":0},{"damage_healed":0,"gold_gain":0,"player_choice":"Joined the Cult","damage_taken":6,"max_hp_gain":0,"max_hp_loss":0,"event_name":"Nest","floor":19,"gold_loss":0,"cards_obtained":["RitualDagger"]}],"is_beta":false,"boss_relics":[{"not_picked":["Ectoplasm","Philosopher\u0027s Stone"],"picked":"Black Star"}],"items_purged_floors":[4,11],"is_endless":false,"potions_floor_spawned":[1,7,12],"killed_by":"2 Thieves","ascension_level":9}