{"gold_per_floor":[118,31,43,43,61,92,92,110,110,175,251,270,495,528,528,629,629,647,22,72,72,91,91,141,157,157,172,172,206,206,256,256,256],"floor_reached":33,"playtime":2394,"items_purged":[],"score":289,"play_id":"d44e664f-933f-4a04-b9be-eed37966a110","local_time":"20190222235603","is_ascension_mode":true,"campfire_choices":[{"data":"Perfected Strike","floor":7,"key":"SMITH"},{"floor":15,"key":"REST"},{"data":"Juggernaut","floor":23,"key":"SMITH"},{"floor":28,"key":"REST"},{"data":"Searing Blow+1","floor":30,"key":"SMITH"},{"data":"Armaments","floor":32,"key":"SMITH"}],"neow_cost":"NONE","seed_source_timestamp":37802614863653,"circlet_count":0,"master_deck":["Strike_R+1","Strike_R","Strike_R","Strike_R+1","Strike_R","Defend_R","Defend_R","Defend_R","Defend_R","Bash","Rage","Madness","Iron Wave","Warcry","Perfected Strike+1","Flex","Impervious","Armaments+1","Whirlwind","Doubt","Infernal Blade","Juggernaut+1","Shockwave","Heavy Blade","Metallicize","Twin Strike","Shame","Pommel Strike+1","Necronomicurse","Flame Barrier+1","Pummel+1","Searing Blow+2"],"relics":["Burning Blood","Whetstone","SsserpentHead","Regal Pillow","Singing Bowl","Odd Mushroom","Incense Burner","Snecko Eye","Blood Vial","HandDrill","Bronze Scales","Molten Egg 2","Necronomicon","Unceasing Top","Orichalcum","Prayer Wheel"],"potions_floor_usage":[16,27,33,33],"damage_taken":[{"damage":7,"enemies":"2 Louse","floor":1,"turns":3},{"damage":3,"enemies":"Cultist","floor":3,"turns":4},{"damage":2,"enemies":"Jaw Worm","floor":5,"turns":3},{"damage":22,"enemies":"Lagavulin","floor":6,"turns":6},{"damage":1,"enemies":"2 Fungi Beasts","floor":8,"turns":3},{"damage":5,"enemies":"Looter","floor":10,"turns":3},{"damage":3,"enemies":"The Mushroom Lair","floor":11,"turns":5},{"damage":14,"enemies":"Exordium Wildlife","floor":12,"turns":6},{"damage":21,"enemies":"3 Sentries","floor":14,"turns":6},{"damage":61,"enemies":"The Guardian","floor":16,"turns":10},{"damage":32,"enemies":"Spheric Guardian","floor":18,"turns":6},{"damage":0,"enemies":"Chosen","floor":22,"turns":3},{"damage":17,"enemies":"Snecko","floor":25,"turns":5},{"damage":6,"enemies":"Chosen and Byrds","floor":27,"turns":6},{"damage":14,"enemies":"Slavers","floor":29,"turns":6},{"damage":94,"enemies":"Collector","floor":33,"turns":8}],"seed_played":"-1358136735748147899","potions_obtained":[{"floor":1,"key":"Regen Potion"},{"floor":11,"key":"SpeedPotion"},{"floor":12,"key":"SkillPotion"},{"floor":14,"key":"Energy Potion"},{"floor":16,"key":"Regen Potion"}],"is_trial":false,"path_per_floor":["M","$","M","?","M","E","R","M","T","M","?","M","?","E","R","B",null,"M","$","?","$","M","R","?","M","T","M","R","E","R","T","R","B"],"character_chosen":"IRONCLAD","items_purchased":["Madness","Blood Vial","HandDrill","Bronze Scales","Heavy Blade","Metallicize","Twin Strike"],"campfire_rested":2,"item_purchase_floors":[2,19,19,19,19,19,19],"current_hp_per_floor":[79,79,80,80,80,64,64,69,69,70,73,65,65,50,80,40,80,54,54,54,54,62,62,46,37,37,53,80,72,72,72,72,0],"gold":256,"neow_bonus":"RANDOM_COMMON_RELIC","is_prod":false,"is_daily":false,"chose_seed":false,"campfire_upgraded":4,"win_rate":0,"timestamp":1550850963,"path_taken":["M","$","M","?","M","E","R","M","T","?","?","M","?","E","R","BOSS","M","$","?","$","M","R","?","M","T","M","R","E","R","?","R","BOSS"],"build_version":"2019-01-23","purchased_purges":0,"victory":false,"max_hp_per_floor":[80,80,80,80,80,80,80,80,80,80,80,80,80,80,80,80,80,80,80,80,80,80,80,80,80,80,80,80,80,80,80,80,80],"card_choices":[{"not_picked":["Evolve","Rampage"],"picked":"Rage","floor":1},{"not_picked":["Headbutt","Sentinel"],"picked":"Iron Wave","floor":3},{"not_picked":["Wild Strike","Entrench"],"picked":"Warcry","floor":5},{"not_picked":["Clash","Wild Strike"],"picked":"Perfected Strike","floor":6},{"not_picked":["Clothesline","Pommel Strike"],"picked":"Flex","floor":8},{"not_picked":["Clash","Shrug It Off"],"picked":"Impervious","floor":10},{"not_picked":["Havoc","Sword Boomerang"],"picked":"Armaments","floor":11},{"not_picked":["Warcry","Perfected Strike"],"picked":"Whirlwind","floor":12},{"not_picked":["Clothesline","Pommel Strike"],"picked":"Infernal Blade","floor":14},{"not_picked":["Fiend Fire","Bludgeon"],"picked":"Juggernaut","floor":16},{"not_picked":["Clash","Sword Boomerang"],"picked":"Shockwave","floor":18},{"not_picked":["Infernal Blade","Burning Pact"],"picked":"Pommel Strike+1","floor":22},{"not_picked":["Headbutt+1","True Grit"],"picked":"Flame Barrier+1","floor":25},{"not_picked":["Rupture","Second Wind+1"],"picked":"Pummel+1","floor":27},{"not_picked":["Fire Breathing","Clothesline+1"],"picked":"Searing Blow+1","floor":29}],"player_experience":41578,"relics_obtained":[{"floor":6,"key":"Regal Pillow"},{"floor":9,"key":"Singing Bowl"},{"floor":11,"key":"Odd Mushroom"},{"floor":14,"key":"Incense Burner"},{"floor":24,"key":"Necronomicon"},{"floor":26,"key":"Unceasing Top"},{"floor":29,"key":"Orichalcum"},{"floor":31,"key":"Prayer Wheel"}],"event_choices":[{"damage_healed":0,"gold_gain":0,"player_choice":"Trade","damage_taken":0,"relics_obtained":["SsserpentHead"],"max_hp_gain":0,"max_hp_loss":0,"event_name":"FaceTrader","floor":4,"gold_loss":0},{"damage_healed":0,"gold_gain":0,"player_choice":"Fought Mushrooms","damage_taken":0,"max_hp_gain":0,"max_hp_loss":0,"event_name":"Mushrooms","floor":11,"gold_loss":0},{"damage_healed":0,"gold_gain":175,"player_choice":"AGREE","damage_taken":0,"max_hp_gain":0,"max_hp_loss":0,"event_name":"Liars Game","floor":13,"gold_loss":0,"cards_obtained":["Doubt"]},{"damage_healed":0,"gold_gain":0,"player_choice":"Stole Relic","damage_taken":0,"relics_obtained":["Molten Egg 2"],"max_hp_gain":0,"max_hp_loss":0,"event_name":"Addict","floor":20,"gold_loss":0,"cards_obtained":["Shame"]},{"damage_healed":0,"gold_gain":0,"player_choice":"Obtained Book","damage_taken":16,"max_hp_gain":0,"max_hp_loss":0,"event_name":"Cursed Tome","floor":24,"gold_loss":0}],"is_beta":false,"boss_relics":[{"not_picked":["Busted Crown","Cursed Key"],"picked":"Snecko Eye"}],"items_purged_floors":[],"is_endless":false,"potions_floor_spawned":[1,11,12,14,16,22,25],"killed_by":"Collector","ascension_level":1}