{"gold_per_floor":[117,42,42,17,36,36,49,49,75,75,90,90,102,102,102,205,205,222,222,77,91,109,109,109,109,109,109,137,137,137,167,167,167],"floor_reached":33,"playtime":1757,"items_purged":["Defend_R","Writhe"],"score":393,"play_id":"25a218c5-7d8f-4ff2-b24c-05392e149da1","local_time":"20190129152607","is_ascension_mode":true,"campfire_choices":[{"data":"Perfected Strike","floor":6.0,"key":"SMITH"},{"data":"Havoc","floor":10.0,"key":"SMITH"},{"data":"Bash","floor":12.0,"key":"SMITH"},{"floor":15.0,"key":"REST"},{"data":"Offering","floor":23.0,"key":"SMITH"},{"data":"Cleave","floor":25.0,"key":"SMITH"},{"floor":27.0,"key":"REST"},{"data":"Headbutt","floor":29.0,"key":"SMITH"},{"data":"Pommel Strike","floor":32.0,"key":"SMITH"}],"neow_cost":"NONE","seed_source_timestamp":6229112073754,"circlet_count":0,"master_deck":["Strike_R+1","Strike_R+1","Strike_R+1","Strike_R+1","Strike_R+1","Defend_R+1","Defend_R+1","Bash+1","Brutality","Perfected Strike+1","Havoc+1","Shrug It Off","Pommel Strike+1","Iron Wave","Offering+1","Wild Strike","Cleave+1","Wild Strike","Twin Strike","Decay","Headbutt+1","Twin Strike"],"special_seed":0,"relics":["Burning Blood","Juzu Bracelet","Meat on the Bone","Velvet Choker","Singing Bowl","Shuriken","StoneCalendar","Vajra"],"potions_floor_usage":[33,33],"damage_taken":[{"damage":11.0,"enemies":"Cultist","floor":1.0,"turns":4.0},{"damage":13.0,"enemies":"Small Slimes","floor":5.0,"turns":4.0},{"damage":0.0,"enemies":"2 Louse","floor":7.0,"turns":2.0},{"damage":0.0,"enemies":"Large Slime","floor":11.0,"turns":2.0},{"damage":15.0,"enemies":"Lots of Slimes","floor":13.0,"turns":4.0},{"damage":55.0,"enemies":"Hexaghost","floor":16.0,"turns":12.0},{"damage":7.0,"enemies":"Chosen","floor":18.0,"turns":3.0},{"damage":28.0,"enemies":"2 Thieves","floor":21.0,"turns":3.0},{"damage":24.0,"enemies":"3 Cultists","floor":22.0,"turns":4.0},{"damage":17.0,"enemies":"Gremlin Leader","floor":28.0,"turns":5.0},{"damage":25.0,"enemies":"Book of Stabbing","floor":31.0,"turns":3.0},{"damage":99,"enemies":"Automaton","floor":33,"turns":6}],"seed_played":"-3592571033876391356","potions_obtained":[{"floor":5.0,"key":"LiquidBronze"},{"floor":7.0,"key":"Dexterity Potion"},{"floor":16.0,"key":"Swift Potion"},{"floor":21.0,"key":"BloodPotion"},{"floor":22.0,"key":"EssenceOfSteel"}],"is_trial":false,"path_per_floor":["?","M","?","?","?","?","?"],"character_chosen":"IRONCLAD","items_purchased":["Havoc","Cleave"],"campfire_rested":2,"item_purchase_floors":[4,20],"current_hp_per_floor":[67,67,67,67,60,60,66,50,50,50,56,56,47,47,71,34,69,68,68,68,58,52,52,52,52,52,76,65,65,65,58,58,0],"gold":167,"neow_bonus":"ONE_RANDOM_RARE_CARD","is_prod":false,"is_daily":false,"chose_seed":false,"campfire_upgraded":7,"win_rate":0,"timestamp":1548746767,"path_taken":["M","$","?","$","M","R","?","?","T","R","M","R","M","?","R","BOSS","M","?","$","M","M","R","?","R","T","R","E","R","?","E","R","BOSS"],"build_version":"2019-01-23","purchased_purges":2,"victory":false,"max_hp_per_floor":[80,80,80,80,80,80,80,80,80,80,80,80,80,80,80,80,80,80,80,80,80,80,80,80,80,80,80,80,80,80,80,80,80],"card_choices":[{"not_picked":["Shrug It Off","Metallicize"],"picked":"Perfected Strike","floor":1.0},{"not_picked":["Rupture","Fire Breathing"],"picked":"Shrug It Off","floor":5.0},{"not_picked":["Spot Weakness","Intimidate"],"picked":"Pommel Strike","floor":7.0},{"not_picked":["Juggernaut","Heavy Blade","Anger"],"picked":"SKIP","floor":11.0},{"not_picked":["Shrug It Off","Carnage"],"picked":"Iron Wave","floor":13.0},{"not_picked":["Barricade","Reaper"],"picked":"Offering","floor":16.0},{"not_picked":["Pummel","Clothesline"],"picked":"Wild Strike","floor":18.0},{"not_picked":["Sword Boomerang","Shockwave+1"],"picked":"Wild Strike","floor":21.0},{"not_picked":["Sentinel","Armaments"],"picked":"Twin Strike","floor":22.0},{"not_picked":["Cleave+1","Disarm"],"picked":"Headbutt","floor":28.0},{"not_picked":["Warcry","Thunderclap"],"picked":"Twin Strike","floor":31.0}],"player_experience":119417,"relics_obtained":[{"floor":9.0,"key":"Juzu Bracelet"},{"floor":26.0,"key":"Shuriken"},{"floor":28.0,"key":"StoneCalendar"},{"floor":31.0,"key":"Vajra"}],"event_choices":[{"cards_removed":["Defend_R"],"damage_healed":0.0,"max_hp_gain":0.0,"max_hp_loss":0.0,"gold_gain":0.0,"event_name":"Purifier","player_choice":"Purged","floor":3.0,"gold_loss":0.0,"damage_taken":0.0},{"damage_healed":0.0,"max_hp_gain":0.0,"max_hp_loss":0.0,"gold_gain":0.0,"event_name":"Shining Light","player_choice":"Entered Light","floor":8.0,"gold_loss":0.0,"damage_taken":16.0,"cards_upgraded":["Strike_R","Strike_R"]},{"damage_healed":0.0,"max_hp_gain":0.0,"max_hp_loss":0.0,"gold_gain":0.0,"event_name":"Dead Adventurer","player_choice":"Searched \u00271\u0027 times","floor":14.0,"gold_loss":0.0,"damage_taken":0.0,"relics_obtained":["Meat on the Bone"]},{"damage_healed":0.0,"max_hp_gain":0.0,"max_hp_loss":0.0,"gold_gain":0.0,"event_name":"The Mausoleum","player_choice":"Opened","floor":19.0,"gold_loss":0.0,"damage_taken":0.0,"relics_obtained":["Singing Bowl"],"cards_obtained":["Writhe"]},{"damage_healed":0.0,"max_hp_gain":0.0,"max_hp_loss":0.0,"gold_gain":0.0,"event_name":"Wheel of Change","player_choice":"Cursed","floor":24.0,"gold_loss":0.0,"damage_taken":0.0,"cards_obtained":["Decay"]},{"damage_healed":0.0,"max_hp_gain":0.0,"max_hp_loss":0.0,"gold_gain":0.0,"event_name":"Back to Basics","player_choice":"Simplicity","floor":30.0,"gold_loss":0.0,"damage_taken":0.0,"cards_upgraded":["Strike_R","Strike_R","Strike_R","Defend_R","Defend_R"]}],"is_beta":false,"boss_relics":[{"not_picked":["Cursed Key","Snecko Eye"],"picked":"Velvet Choker"}],"items_purged_floors":[2,20],"is_endless":false,"potions_floor_spawned":[5,7,16,21,22],"killed_by":"Automaton","ascension_level":9}