{"gold_per_floor":[212,37,52,125,125,125,141,171,226,226,226,226,226,251,251,328,328,347,33,51,51,66,66,100,126,180,105,105],"floor_reached":28,"playtime":1082,"items_purged":["Strike_G"],"score":472,"play_id":"7a2e63eb-610b-4b78-b678-9bb8101ce6bb","local_time":"20190104191828","is_ascension_mode":true,"campfire_choices":[{"data":"Blade Dance","floor":6.0,"key":"SMITH"},{"floor":11.0,"key":"REST"},{"data":"Cloak And Dagger","floor":13.0,"key":"SMITH"},{"data":"Envenom","floor":15.0,"key":"SMITH"},{"floor":23.0,"key":"REST"}],"neow_cost":"NONE","seed_source_timestamp":1233195987257713,"circlet_count":0,"master_deck":["AscendersBane","Defend_G","Defend_G+1","Defend_G","Defend_G+1","Defend_G","Strike_G","Strike_G","Strike_G","Survivor","Neutralize","Backflip","Infinite Blades","Choke","Blade Dance+1","Blade Dance","Cloak And Dagger+1","Envenom+1","A Thousand Cuts","Backflip","Apotheosis","Blur","Adrenaline"],"special_seed":0,"relics":["Ring of the Snake","Potion Belt","WingedGreaves","Ancient Tea Set","Boot","Black Star","Bag of Preparation","Pantograph","War Paint","Vajra"],"potions_floor_usage":[25,25,28],"damage_taken":[{"damage":1.0,"enemies":"2 Louse","floor":1.0,"turns":3.0},{"damage":1.0,"enemies":"Jaw Worm","floor":3.0,"turns":3.0},{"damage":0.0,"enemies":"Small Slimes","floor":7.0,"turns":2.0},{"damage":25.0,"enemies":"Lagavulin","floor":8.0,"turns":7.0},{"damage":10.0,"enemies":"3 Sentries","floor":14.0,"turns":7.0},{"damage":28.0,"enemies":"The Guardian","floor":16.0,"turns":12.0},{"damage":17.0,"enemies":"2 Thieves","floor":18.0,"turns":5.0},{"damage":12.0,"enemies":"3 Byrds","floor":20.0,"turns":4.0},{"damage":6.0,"enemies":"Centurion and Healer","floor":22.0,"turns":9.0},{"damage":1.0,"enemies":"Gremlin Leader","floor":24.0,"turns":6.0},{"damage":45,"enemies":"Book of Stabbing","floor":25,"turns":5},{"damage":19,"enemies":"Gremlin Leader","floor":28,"turns":5}],"seed_played":"7303428444961794832","potions_obtained":[{"floor":3.0,"key":"Regen Potion"},{"floor":14.0,"key":"Strength Potion"},{"floor":16.0,"key":"SteroidPotion"},{"floor":18.0,"key":"GhostInAJar"},{"floor":22.0,"key":"Fire Potion"},{"floor":25,"key":"Regen Potion"}],"is_trial":false,"path_per_floor":["M","$","M","?","?","R","M","E","T","?","R","?","R","E","R","B",null,"M","$","M","?","M","R","E","E","T","?","E"],"character_chosen":"THE_SILENT","items_purchased":["Infinite Blades","Choke","Blade Dance","Backflip","Apotheosis"],"campfire_rested":2,"item_purchase_floors":[2,2,2,19,19],"current_hp_per_floor":[58,58,57,57,22,22,22,12,12,12,31,53,53,43,43,15,53,36,36,24,37,31,50,49,4,4,4,0],"gold":105,"neow_bonus":"HUNDRED_GOLD","is_prod":false,"is_daily":false,"chose_seed":false,"campfire_upgraded":3,"win_rate":0,"timestamp":1546625908,"path_taken":["M","$","M","?","?","R","M","E","T","?","R","?","R","E","R","BOSS","M","$","M","?","M","R","E","E","T","?","E"],"build_version":"2019-01-03v3","purchased_purges":1,"victory":false,"max_hp_per_floor":[66,66,66,66,66,66,66,66,66,66,66,66,66,66,66,66,66,66,66,66,66,66,66,66,66,66,66,66],"card_choices":[{"not_picked":["Dagger Throw","Sucker Punch"],"picked":"Backflip","floor":1.0},{"not_picked":["Setup","Crippling Poison"],"picked":"Blade Dance","floor":3.0},{"not_picked":["Poisoned Stab","Acrobatics","Quick Slash"],"picked":"SKIP","floor":7.0},{"not_picked":["Calculated Gamble","Blade Dance"],"picked":"Cloak And Dagger","floor":8.0},{"not_picked":["Slice","Cloak And Dagger"],"picked":"Envenom","floor":14.0},{"not_picked":["Bullet Time","Wraith Form v2"],"picked":"A Thousand Cuts","floor":16.0},{"not_picked":["Deadly Poison","Accuracy","Outmaneuver"],"picked":"SKIP","floor":18.0},{"not_picked":["Dagger Throw","Catalyst","Quick Slash"],"picked":"SKIP","floor":20.0},{"not_picked":["Prepared","Blade Dance","Backstab"],"picked":"SKIP","floor":22.0},{"not_picked":["Slice+1","Outmaneuver"],"picked":"Blur","floor":24.0},{"not_picked":["Deadly Poison","Blade Dance"],"picked":"Adrenaline","floor":25}],"player_experience":815435,"relics_obtained":[{"floor":8.0,"key":"WingedGreaves"},{"floor":9.0,"key":"Ancient Tea Set"},{"floor":14.0,"key":"Boot"},{"floor":24.0,"key":"Bag of Preparation"},{"floor":25,"key":"Pantograph"},{"floor":25,"key":"War Paint"},{"floor":26,"key":"Vajra"}],"event_choices":[{"damage_healed":0.0,"max_hp_gain":0.0,"max_hp_loss":0.0,"gold_gain":73.0,"event_name":"Golden Wing","player_choice":"Gained Gold","floor":4.0,"gold_loss":0.0,"damage_taken":0.0},{"damage_healed":0.0,"max_hp_gain":0.0,"max_hp_loss":0.0,"gold_gain":0.0,"event_name":"Scrap Ooze","player_choice":"Success","floor":5.0,"gold_loss":0.0,"damage_taken":35.0,"relics_obtained":["Potion Belt"]},{"damage_healed":0.0,"max_hp_gain":0.0,"max_hp_loss":0.0,"gold_gain":0.0,"event_name":"Dead Adventurer","player_choice":"Searched \u00270\u0027 times","floor":10.0,"gold_loss":0.0,"damage_taken":0.0},{"damage_healed":22.0,"max_hp_gain":0.0,"max_hp_loss":0.0,"gold_gain":0.0,"event_name":"Big Fish","player_choice":"Banana","floor":12.0,"gold_loss":0.0,"damage_taken":0.0},{"damage_healed":13.0,"max_hp_gain":0.0,"max_hp_loss":0.0,"gold_gain":0.0,"event_name":"The Library","player_choice":"Heal","floor":21.0,"gold_loss":0.0,"damage_taken":0.0},{"cards_removed":["Strike_G"],"damage_healed":0,"gold_gain":0,"player_choice":"Gave Gold","damage_taken":0,"max_hp_gain":0,"max_hp_loss":0,"event_name":"Beggar","floor":27,"gold_loss":75}],"is_beta":false,"boss_relics":[{"not_picked":["Empty Cage","Runic Pyramid"],"picked":"Black Star"}],"items_purged_floors":[19],"is_endless":false,"potions_floor_spawned":[3,14,16,18,22,25],"killed_by":"Gremlin Leader","ascension_level":16}