{"gold_per_floor":[111,131,147,158,174,174,202,218,241,253,282,247,276,287,287,383,383,402,347,382,25,25,25,56,56,56,84,9,9,9,42,42,137,137,148,13,13,13],"floor_reached":38,"playtime":12718,"items_purged":[],"score":788,"play_id":"dd2142cc-c251-4837-ac80-dfa776e9933e","local_time":"20181215150330","is_ascension_mode":true,"campfire_choices":[{"data":"Blood for Blood","floor":6,"key":"SMITH"},{"floor":15,"key":"REST"},{"data":"Seeing Red","floor":23,"key":"SMITH"},{"floor":25,"key":"REST"},{"data":"Anger","floor":30,"key":"SMITH"},{"data":"Ghostly","floor":32,"key":"SMITH"}],"neow_cost":"NONE","seed_source_timestamp":138056573099189,"circlet_count":0,"master_deck":["AscendersBane","Strike_R","Strike_R","Strike_R","Strike_R","Defend_R","Defend_R","Defend_R","Defend_R","Bash","Dropkick","Anger+1","Headbutt","Blood for Blood+1","Seeing Red+1","Whirlwind","Flex","Impervious","Blood for Blood","Brutality","Battle Trance","Shockwave","Ghostly+1","Ghostly","Ghostly","Ghostly","Ghostly","Demon Form","Iron Wave","Forethought"],"relics":["Burning Blood","Anchor","Letter Opener","Centennial Puzzle","Dodecahedron","Pen Nib","Mark of Pain","Tiny Chest","Red Mask","Lee\u0027s Waffle","Happy Flower","Singing Bowl","PreservedInsect","Paper Frog","Smiling Mask","Cursed Key"],"potions_floor_usage":[7,10,11,11,16,16,29,31],"damage_taken":[{"damage":6,"enemies":"Cultist","floor":1,"turns":4},{"damage":2,"enemies":"Jaw Worm","floor":2,"turns":2},{"damage":0,"enemies":"Small Slimes","floor":3,"turns":3},{"damage":10,"enemies":"Exordium Wildlife","floor":4,"turns":4},{"damage":11,"enemies":"3 Louse","floor":5,"turns":4},{"damage":12,"enemies":"Gremlin Nob","floor":7,"turns":3},{"damage":8,"enemies":"Blue Slaver","floor":8,"turns":3},{"damage":0,"enemies":"Lots of Slimes","floor":10,"turns":1},{"damage":30,"enemies":"Lagavulin","floor":11,"turns":4},{"damage":24,"enemies":"Gremlin Nob","floor":13,"turns":4},{"damage":12,"enemies":"Exordium Thugs","floor":14,"turns":3},{"damage":56,"enemies":"Hexaghost","floor":16,"turns":6},{"damage":6,"enemies":"3 Byrds","floor":18,"turns":4},{"damage":51,"enemies":"Masked Bandits","floor":20,"turns":4},{"damage":25,"enemies":"Slavers","floor":24,"turns":6},{"damage":10,"enemies":"Book of Stabbing","floor":27,"turns":3},{"damage":0,"enemies":"Spheric Guardian","floor":29,"turns":1},{"damage":0,"enemies":"Gremlin Leader","floor":31,"turns":7},{"damage":36,"enemies":"Automaton","floor":33,"turns":12},{"damage":5,"enemies":"Orb Walker","floor":35,"turns":3},{"damage":46,"enemies":"3 Shapes","floor":38,"turns":1}],"seed_played":"3843750145773328274","potions_obtained":[{"floor":1,"key":"BloodPotion"},{"floor":4,"key":"Weak Potion"},{"floor":7,"key":"PowerPotion"},{"floor":10,"key":"Poison Potion"},{"floor":13,"key":"Strength Potion"},{"floor":14,"key":"SteroidPotion"},{"floor":20,"key":"SmokeBomb"},{"floor":27,"key":"EssenceOfSteel"}],"is_trial":false,"path_per_floor":["M","M","M","M","M","R","E","M","T","M","E","?","E","M","R","B",null,"M","?","?","$","?","R","E","R","T","E","?","M","R","E","R","B",null,"M","$","?","M"],"character_chosen":"IRONCLAD","items_purchased":["Lee\u0027s Waffle","Happy Flower","Forethought","Weak Potion"],"campfire_rested":2,"item_purchase_floors":[21,21,36,36],"current_hp_per_floor":[72,76,80,76,71,71,65,63,63,69,53,73,55,49,73,23,66,66,66,21,87,43,43,26,39,39,37,37,43,43,49,49,19,42,43,43,43,0],"gold":13,"neow_bonus":"RANDOM_COMMON_RELIC","is_prod":false,"is_daily":false,"chose_seed":false,"campfire_upgraded":4,"win_rate":0,"timestamp":1544915010,"path_taken":["M","M","M","M","?","R","E","M","T","M","E","?","E","M","R","BOSS","M","?","?","?","?","R","E","R","T","E","?","M","R","E","R","BOSS","M","$","?","M"],"build_version":"2018-12-13","purchased_purges":0,"victory":false,"max_hp_per_floor":[80,80,80,80,80,80,80,80,80,80,80,80,80,80,80,80,80,80,80,80,87,43,43,45,45,45,47,47,47,47,49,49,49,49,49,49,49,49],"card_choices":[{"not_picked":["Shockwave","Ghostly Armor"],"picked":"Dropkick","floor":1},{"not_picked":["Havoc","Reckless Charge"],"picked":"Anger","floor":2},{"not_picked":["Metallicize","Reckless Charge","Bloodletting"],"picked":"SKIP","floor":3},{"not_picked":["True Grit","Warcry"],"picked":"Headbutt","floor":4},{"not_picked":["Pommel Strike","Sword Boomerang"],"picked":"Blood for Blood","floor":5},{"not_picked":["Twin Strike","Shrug It Off"],"picked":"Seeing Red","floor":7},{"not_picked":["Iron Wave","Sword Boomerang"],"picked":"Whirlwind","floor":8},{"not_picked":["Clothesline","Shockwave"],"picked":"Flex","floor":10},{"not_picked":["Armaments","Twin Strike"],"picked":"Impervious","floor":11},{"not_picked":["Flex","Armaments"],"picked":"Blood for Blood","floor":13},{"not_picked":["Entrench","Clash","Headbutt"],"picked":"SKIP","floor":14},{"not_picked":["Dark Embrace","Impervious"],"picked":"Brutality","floor":16},{"not_picked":["Sever Soul","True Grit"],"picked":"Battle Trance","floor":18},{"not_picked":["Sentinel","Pummel"],"picked":"Shockwave","floor":20},{"not_picked":["Disarm+1","Rage","Perfected Strike"],"picked":"Singing Bowl","floor":24},{"not_picked":["Pummel","Heavy Blade","Entrench"],"picked":"Singing Bowl","floor":27},{"not_picked":["Heavy Blade","Wild Strike+1","True Grit"],"picked":"Singing Bowl","floor":31},{"not_picked":["Brutality","Barricade"],"picked":"Demon Form","floor":33},{"not_picked":["Wild Strike","Hemokinesis"],"picked":"Iron Wave","floor":35}],"player_experience":399956,"relics_obtained":[{"floor":7,"key":"Letter Opener"},{"floor":9,"key":"Centennial Puzzle"},{"floor":11,"key":"Dodecahedron"},{"floor":13,"key":"Pen Nib"},{"floor":20,"key":"Red Mask"},{"floor":24,"key":"Singing Bowl"},{"floor":26,"key":"PreservedInsect"},{"floor":27,"key":"Paper Frog"},{"floor":31,"key":"Smiling Mask"}],"event_choices":[{"damage_healed":20,"gold_gain":0,"player_choice":"Healed","damage_taken":0,"max_hp_gain":0,"max_hp_loss":0,"event_name":"The Cleric","floor":12,"gold_loss":35},{"damage_healed":0,"gold_gain":0,"player_choice":"Obtained Relic","damage_taken":0,"relics_obtained":["Tiny Chest"],"max_hp_gain":0,"max_hp_loss":0,"event_name":"Addict","floor":19,"gold_loss":85},{"damage_healed":0,"gold_gain":0,"player_choice":"Fought Bandits","damage_taken":0,"max_hp_gain":0,"max_hp_loss":0,"event_name":"Masked Bandits","floor":20,"gold_loss":0},{"damage_healed":0,"gold_gain":0,"player_choice":"Became a Ghost","damage_taken":0,"max_hp_gain":0,"max_hp_loss":44,"event_name":"Ghosts","floor":22,"gold_loss":0,"cards_obtained":["Ghostly","Ghostly","Ghostly","Ghostly","Ghostly"]},{"cards_removed":["Strike_R"],"damage_healed":0,"gold_gain":0,"player_choice":"Gave Gold","damage_taken":0,"max_hp_gain":0,"max_hp_loss":0,"event_name":"Beggar","floor":28,"gold_loss":75},{"damage_healed":0,"gold_gain":0,"player_choice":"Leave","damage_taken":0,"max_hp_gain":0,"max_hp_loss":0,"event_name":"FaceTrader","floor":37,"gold_loss":0}],"is_beta":false,"boss_relics":[{"not_picked":["Snecko Eye","Calling Bell"],"picked":"Mark of Pain"},{"not_picked":["Velvet Choker","Pandora\u0027s Box"],"picked":"Cursed Key"}],"items_purged_floors":[],"is_endless":false,"potions_floor_spawned":[1,4,7,10,13,14,20,27,29],"killed_by":"3 Shapes","ascension_level":12}