{"gold_per_floor":[117,127,127,302,313,345,362,362,362,374,386,413,432,444,444,540,540,558,577,55,70,70,70],"floor_reached":23,"playtime":2184,"items_purged":["Doubt"],"score":232,"play_id":"a279ed36-4c2b-4577-a5b6-9085da4b5361","local_time":"20190227102043","is_ascension_mode":false,"campfire_choices":[{"floor":8,"key":"REST"},{"floor":15,"key":"REST"}],"neow_cost":"NONE","seed_source_timestamp":1267681612381562,"circlet_count":0,"master_deck":["Strike_R","Strike_R","Strike_R+1","Strike_R+1","Strike_R","Defend_R","Defend_R","Defend_R","Defend_R","Bash","Heavy Blade","Perfected Strike","Wild Strike","Battle Trance","Bludgeon","Inflame","Bloodletting","Rupture","Brutality","Second Wind+1","Headbutt"],"relics":["Black Blood","Calipers","Paper Frog","Darkstone Periapt","Oddly Smooth Stone","Mango"],"potions_floor_usage":[6,12,16,16,16,16,19,19],"damage_taken":[{"damage":5,"enemies":"Cultist","floor":1,"turns":4},{"damage":0,"enemies":"Small Slimes","floor":2,"turns":3},{"damage":0,"enemies":"2 Louse","floor":5,"turns":2},{"damage":45,"enemies":"Lagavulin","floor":6,"turns":8},{"damage":5,"enemies":"Looter","floor":7,"turns":4},{"damage":4,"enemies":"3 Louse","floor":10,"turns":4},{"damage":11,"enemies":"Large Slime","floor":11,"turns":5},{"damage":15,"enemies":"3 Sentries","floor":12,"turns":6},{"damage":17,"enemies":"Exordium Thugs","floor":13,"turns":4},{"damage":0,"enemies":"Exordium Wildlife","floor":14,"turns":3},{"damage":68,"enemies":"The Guardian","floor":16,"turns":10},{"damage":35,"enemies":"3 Byrds","floor":18,"turns":7},{"damage":47,"enemies":"2 Thieves","floor":19,"turns":4},{"damage":18,"enemies":"Snecko","floor":21,"turns":4},{"damage":41,"enemies":"Centurion and Healer","floor":23,"turns":5}],"seed_played":"7223763975873412664","potions_obtained":[{"floor":2,"key":"PowerPotion"},{"floor":7,"key":"GamblersBrew"},{"floor":10,"key":"EssenceOfSteel"},{"floor":13,"key":"EntropicBrew"},{"floor":16,"key":"BloodPotion"},{"floor":18,"key":"LiquidBronze"},{"floor":21,"key":"Ancient Potion"}],"is_trial":false,"path_per_floor":["M","M","?","?","M","E","M","R","T","M","M","E","M","M","R","B",null,"M","M","$","M","$","M"],"character_chosen":"IRONCLAD","items_purchased":["Oddly Smooth Stone","Mango"],"campfire_rested":2,"item_purchase_floors":[20,20],"current_hp_per_floor":[88,88,70,70,76,37,38,64,64,66,61,52,41,47,73,11,88,63,34,48,40,40,0],"gold":70,"neow_bonus":"TEN_PERCENT_HP_BONUS","is_prod":false,"is_daily":false,"chose_seed":false,"campfire_upgraded":0,"win_rate":0.0,"timestamp":1551280843,"path_taken":["M","?","?","?","M","E","M","R","T","M","M","E","M","M","R","BOSS","M","M","$","M","$","M"],"build_version":"2019-01-23","purchased_purges":1,"victory":false,"max_hp_per_floor":[88,88,88,88,88,88,88,88,88,88,88,88,88,88,88,88,88,88,88,102,102,102,102],"card_choices":[{"not_picked":["Carnage","Body Slam"],"picked":"Heavy Blade","floor":1},{"not_picked":["Thunderclap","Warcry"],"picked":"Perfected Strike","floor":2},{"not_picked":["Searing Blow","Thunderclap","Clothesline"],"picked":"SKIP","floor":5},{"not_picked":["Body Slam","Twin Strike"],"picked":"Wild Strike","floor":6},{"not_picked":["Burning Pact","Dropkick"],"picked":"Battle Trance","floor":7},{"not_picked":["Armaments","Iron Wave"],"picked":"Bludgeon","floor":10},{"not_picked":["Sword Boomerang","Reckless Charge","Heavy Blade"],"picked":"SKIP","floor":11},{"not_picked":["Twin Strike","Iron Wave"],"picked":"Inflame","floor":12},{"not_picked":["Cleave","Armaments"],"picked":"Bloodletting","floor":13},{"not_picked":["True Grit","Clash"],"picked":"Rupture","floor":14},{"not_picked":["Offering","Juggernaut"],"picked":"Brutality","floor":16},{"not_picked":["Iron Wave","Heavy Blade","Clash"],"picked":"SKIP","floor":18},{"not_picked":["Wild Strike","Shockwave"],"picked":"Second Wind+1","floor":19},{"not_picked":["Twin Strike","Body Slam"],"picked":"Headbutt","floor":21}],"player_experience":26458,"relics_obtained":[{"floor":6,"key":"Calipers"},{"floor":9,"key":"Paper Frog"},{"floor":12,"key":"Darkstone Periapt"}],"event_choices":[{"damage_healed":0,"gold_gain":0,"player_choice":"Entered Light","damage_taken":18,"max_hp_gain":0,"max_hp_loss":0,"event_name":"Shining Light","floor":3,"gold_loss":0,"cards_upgraded":["Strike_R","Strike_R"]},{"damage_healed":0,"gold_gain":175,"player_choice":"AGREE","damage_taken":0,"max_hp_gain":0,"max_hp_loss":0,"event_name":"Liars Game","floor":4,"gold_loss":0,"cards_obtained":["Doubt"]}],"is_beta":false,"boss_relics":[{"not_picked":["Coffee Dripper","Calling Bell"],"picked":"Black Blood"}],"items_purged_floors":[20],"is_endless":false,"potions_floor_spawned":[2,7,10,13,16,18,21],"killed_by":"Centurion and Healer","ascension_level":0}