{"gold_per_floor":[114,114,114,60,60,103,103,103,103,134,148,189,189,3,3,97,97,118,118,118,132,148,148,187,187,211,211,123,123,123,46,46,139,139,152,152,167,93,112,112,162,178,202,236,236,259,297,312,312,312],"floor_reached":51,"playtime":2231,"items_purged":[],"score":1447,"play_id":"664286dd-2513-40cb-bf4a-9b3ef0d51eb8","local_time":"20190219202745","is_ascension_mode":true,"campfire_choices":[{"floor":8.0,"key":"REST"},{"floor":15.0,"key":"REST"},{"data":"Apotheosis","floor":23.0,"key":"SMITH"},{"data":"True Grit","floor":25.0,"key":"SMITH"},{"data":"Rage","floor":27.0,"key":"SMITH"},{"data":"Inflame","floor":29.0,"key":"SMITH"},{"data":"Ghostly","floor":32.0,"key":"SMITH"},{"data":"Metallicize","floor":40.0,"key":"SMITH"},{"data":"Ghostly","floor":45.0,"key":"SMITH"},{"data":"Ghostly","floor":49.0,"key":"SMITH"}],"neow_cost":"NONE","seed_source_timestamp":247322292721000,"circlet_count":0,"master_deck":["AscendersBane","Strike_R","Defend_R","Defend_R","Defend_R","Bash+1","Sword Boomerang+1","Rage+1","Feed","Whirlwind","Apotheosis+1","Berserk","Dropkick","True Grit+1","Inflame+1","Ghostly+1","Ghostly+1","Ghostly+1","Inflame","Offering","Double Tap+1","Metallicize+1","Shockwave+1","Iron Wave","Metallicize+1"],"special_seed":0,"relics":["Burning Blood","Anchor","Golden Idol","Vajra","WingedGreaves","FossilizedHelix","Turnip","StoneCalendar","Eternal Feather","Shuriken","Orichalcum","Astrolabe","Centennial Puzzle","Red Skull","Self Forming Clay"],"potions_floor_usage":[50,50],"damage_taken":[{"damage":8.0,"enemies":"Jaw Worm","floor":1.0,"turns":4.0},{"damage":25.0,"enemies":"Gremlin Nob","floor":6.0,"turns":4.0},{"damage":28.0,"enemies":"3 Sentries","floor":10.0,"turns":10.0},{"damage":0.0,"enemies":"Small Slimes","floor":11.0,"turns":3.0},{"damage":12.0,"enemies":"Gremlin Nob","floor":12.0,"turns":4.0},{"damage":0.0,"enemies":"Slime Boss","floor":16.0,"turns":7.0},{"damage":0.0,"enemies":"3 Byrds","floor":18.0,"turns":6.0},{"damage":24.0,"enemies":"2 Thieves","floor":21.0,"turns":5.0},{"damage":43.0,"enemies":"Snecko","floor":22.0,"turns":7.0},{"damage":10.0,"enemies":"Gremlin Leader","floor":24.0,"turns":5.0},{"damage":17.0,"enemies":"Champ","floor":33.0,"turns":11.0},{"damage":6.0,"enemies":"3 Darklings","floor":35.0,"turns":7.0},{"damage":3.0,"enemies":"3 Shapes","floor":37.0,"turns":4.0},{"damage":9.0,"enemies":"Writhing Mass","floor":39.0,"turns":5.0},{"damage":17.0,"enemies":"Spire Growth","floor":42.0,"turns":6.0},{"damage":0.0,"enemies":"Giant Head","floor":44.0,"turns":7.0},{"damage":25.0,"enemies":"3 Darklings","floor":46.0,"turns":5.0},{"damage":11.0,"enemies":"Nemesis","floor":47.0,"turns":7.0},{"damage":0.0,"enemies":"Writhing Mass","floor":48.0,"turns":6.0},{"damage":14,"enemies":"Time Eater","floor":50,"turns":9}],"seed_played":"3743036458890302025","potions_obtained":[{"floor":6.0,"key":"Block Potion"},{"floor":10.0,"key":"Weak Potion"},{"floor":16.0,"key":"PowerPotion"},{"floor":22.0,"key":"EssenceOfSteel"}],"is_trial":false,"path_per_floor":["M","?","?","$","?","E","?","R","T","E","M","E","T","$","R","B",null,"M","T","?","M","M","R","E","R","T","R","$","R","?","$","R","B",null,"M","?","M","$","M","R","?","M","T","E","R","M","E","M","R","B",null],"character_chosen":"IRONCLAD","items_purchased":["Sword Boomerang","Apotheosis","Inflame","Inflame","Metallicize"],"campfire_rested":2,"item_purchase_floors":[4,14,28,31,38],"current_hp_per_floor":[66,55,29,29,29,10,10,32,32,10,16,10,10,10,32,42,70,80,80,80,62,25,34,30,39,39,48,48,57,41,41,41,30,38,38,38,41,41,38,41,37,26,26,32,41,22,21,27,42,34],"gold":312,"neow_bonus":"UPGRADE_CARD","is_prod":false,"is_daily":false,"chose_seed":false,"campfire_upgraded":8,"win_rate":0,"timestamp":1550579265,"path_taken":["M","?","?","$","?","E","?","R","T","E","?","E","?","?","R","BOSS","M","?","?","?","?","R","E","R","T","R","?","R","?","$","R","BOSS","M","?","M","$","M","R","?","M","T","E","R","M","E","M","R","BOSS"],"build_version":"2019-02-06","purchased_purges":0,"victory":true,"max_hp_per_floor":[75,75,75,75,75,75,75,75,75,75,75,75,75,75,75,79,79,83,83,83,83,83,83,83,83,83,83,83,83,41,41,41,41,41,41,41,41,41,41,41,41,41,41,41,41,41,45,45,45,45],"card_choices":[{"not_picked":["Anger","True Grit","Havoc"],"picked":"SKIP","floor":1.0},{"not_picked":["Heavy Blade","Corruption","Twin Strike"],"picked":"SKIP","floor":6.0},{"not_picked":["Clash","Anger"],"picked":"Rage","floor":10.0},{"not_picked":["Anger","Power Through"],"picked":"Feed","floor":11.0},{"not_picked":["Wild Strike","Cleave"],"picked":"Whirlwind","floor":12.0},{"not_picked":["Immolate","Juggernaut"],"picked":"Berserk","floor":16.0},{"not_picked":["Combust","Anger","Second Wind"],"picked":"SKIP","floor":18.0},{"not_picked":["Flex","Clash","Armaments"],"picked":"SKIP","floor":21.0},{"not_picked":["Headbutt+1","Immolate"],"picked":"Dropkick","floor":22.0},{"not_picked":["True Grit","Thunderclap+1","Immolate"],"picked":"SKIP","floor":24.0},{"not_picked":["Thunderclap+1","Immolate"],"picked":"True Grit","floor":24.0},{"not_picked":["Berserk","Barricade"],"picked":"Offering","floor":33.0},{"not_picked":["Wild Strike+1","Thunderclap"],"picked":"Iron Wave","floor":35.0},{"not_picked":["Second Wind","Burning Pact","Cleave"],"picked":"SKIP","floor":37.0},{"not_picked":["Feed","Rupture","Searing Blow"],"picked":"SKIP","floor":39.0},{"not_picked":["Pommel Strike","Bloodletting","Armaments"],"picked":"SKIP","floor":42.0},{"not_picked":["Immolate","Seeing Red","Twin Strike+1"],"picked":"SKIP","floor":44.0},{"not_picked":["Havoc+1","Searing Blow","Feel No Pain"],"picked":"SKIP","floor":46.0},{"not_picked":["Sword Boomerang","Rampage","True Grit"],"picked":"SKIP","floor":47.0},{"not_picked":["Headbutt","Flex","Havoc"],"picked":"SKIP","floor":48.0}],"player_experience":721671,"relics_obtained":[{"floor":6.0,"key":"Vajra"},{"floor":9.0,"key":"WingedGreaves"},{"floor":10.0,"key":"FossilizedHelix"},{"floor":12.0,"key":"Turnip"},{"floor":13.0,"key":"StoneCalendar"},{"floor":19.0,"key":"Shuriken"},{"floor":24.0,"key":"Orichalcum"},{"floor":43.0,"key":"Centennial Puzzle"},{"floor":44.0,"key":"Red Skull"},{"floor":47.0,"key":"Self Forming Clay"}],"event_choices":[{"damage_healed":0.0,"max_hp_gain":0.0,"max_hp_loss":0.0,"gold_gain":0.0,"event_name":"Scrap Ooze","player_choice":"Success","floor":2.0,"gold_loss":0.0,"damage_taken":11.0,"relics_obtained":["Anchor"]},{"damage_healed":0.0,"max_hp_gain":0.0,"max_hp_loss":0.0,"gold_gain":0.0,"event_name":"Golden Idol","player_choice":"Take Damage","floor":3.0,"gold_loss":0.0,"damage_taken":26.0,"relics_obtained":["Golden Idol"]},{"damage_healed":0.0,"max_hp_gain":0.0,"max_hp_loss":0.0,"gold_gain":0.0,"event_name":"Living Wall","player_choice":"Grow","floor":5.0,"gold_loss":0.0,"damage_taken":0.0,"cards_upgraded":["Sword Boomerang"]},{"damage_healed":0.0,"max_hp_gain":0.0,"max_hp_loss":0.0,"gold_gain":0.0,"event_name":"Dead Adventurer","player_choice":"Searched \u00270\u0027 times","floor":7.0,"gold_loss":0.0,"damage_taken":0.0},{"cards_removed":["Strike_R"],"damage_healed":0.0,"max_hp_gain":0.0,"max_hp_loss":0.0,"gold_gain":0.0,"event_name":"Bonfire Elementals","player_choice":"Offered Basic","floor":20.0,"gold_loss":0.0,"damage_taken":0.0},{"damage_healed":0.0,"max_hp_gain":0.0,"max_hp_loss":42.0,"gold_gain":0.0,"event_name":"Ghosts","player_choice":"Became a Ghost","floor":30.0,"gold_loss":0.0,"damage_taken":0.0,"cards_obtained":["Ghostly","Ghostly","Ghostly"]},{"cards_removed":["Strike_R"],"damage_healed":0.0,"max_hp_gain":0.0,"max_hp_loss":0.0,"gold_gain":0.0,"event_name":"Falling","player_choice":"Removed Attack","floor":36.0,"gold_loss":0.0,"damage_taken":0.0},{"damage_healed":0.0,"max_hp_gain":0.0,"max_hp_loss":0.0,"gold_gain":50.0,"event_name":"FaceTrader","player_choice":"Touch","floor":41.0,"gold_loss":0.0,"damage_taken":4.0}],"is_beta":true,"boss_relics":[{"not_picked":["Pandora\u0027s Box","Velvet Choker"],"picked":"Eternal Feather"},{"not_picked":["Tiny House","Runic Cube"],"picked":"Astrolabe"}],"items_purged_floors":[],"is_endless":false,"potions_floor_spawned":[6,10,16,22,33,35,39,48],"ascension_level":16}