{"gold_per_floor":[117,133,21,40,40,40,56,56,82,120,148,180,212,244,256,371,383,405,377,377,389,407,438,438,457,457,469,469,485,485,512,512,613,613,632,632,652,577,577,577,577,590,590,590,609,709,147,165,165,165,165,165,40,73,73],"floor_reached":56,"playtime":2196,"items_purged":["Strike_R","Strike_R","Strike_R"],"score":1273,"play_id":"191c81dc-a8a0-42b2-9bb4-0ccd36b01f61","local_time":"20181129011603","is_ascension_mode":false,"campfire_choices":[{"data":"Entrench","floor":6,"key":"SMITH"},{"data":"Discovery","floor":15,"key":"SMITH"},{"data":"Body Slam","floor":24,"key":"SMITH"},{"data":"Magnetism","floor":30,"key":"SMITH"},{"floor":32,"key":"REST"},{"data":"Metallicize","floor":40,"key":"SMITH"},{"floor":49,"key":"RECALL"},{"data":"Bash","floor":52,"key":"SMITH"}],"neow_cost":"CURSE","seed_source_timestamp":542067540710662,"circlet_count":0,"master_deck":["Defend_R","Defend_R","Defend_R","Bash+1","Magnetism+1","Discovery+1","Body Slam+1","Entrench+1","Metallicize+1","Shrug It Off","Shrug It Off","Juggernaut+1","Iron Wave+1","Entrench+1","Entrench+1"],"relics":["Burning Blood","Centennial Puzzle","Busted Crown","Nloth\u0027s Gift","Calipers","Regal Pillow","Dodecahedron","Runic Dome","Ice Cream","Turnip","Pen Nib","Ancient Tea Set"],"potions_floor_usage":[10,10,16,23,28,28,37,50,55,55,55],"damage_taken":[{"damage":4,"enemies":"Cultist","floor":1,"turns":3},{"damage":1,"enemies":"Jaw Worm","floor":2,"turns":3},{"damage":0,"enemies":"Small Slimes","floor":4,"turns":3},{"damage":8,"enemies":"Gremlin Gang","floor":7,"turns":6},{"damage":15,"enemies":"3 Sentries","floor":10,"turns":8},{"damage":3,"enemies":"Exordium Wildlife","floor":11,"turns":5},{"damage":3,"enemies":"Large Slime","floor":12,"turns":2},{"damage":6,"enemies":"Looter","floor":13,"turns":3},{"damage":0,"enemies":"Red Slaver","floor":14,"turns":6},{"damage":40,"enemies":"Hexaghost","floor":16,"turns":15},{"damage":4,"enemies":"3 Byrds","floor":18,"turns":5},{"damage":4,"enemies":"2 Thieves","floor":20,"turns":4},{"damage":3,"enemies":"Chosen and Byrds","floor":22,"turns":7},{"damage":27,"enemies":"Gremlin Leader","floor":23,"turns":5},{"damage":22,"enemies":"Snake Plant","floor":25,"turns":6},{"damage":0,"enemies":"Snecko","floor":27,"turns":5},{"damage":12,"enemies":"Colosseum Slavers","floor":28,"turns":4},{"damage":3,"enemies":"Centurion and Healer","floor":29,"turns":7},{"damage":7,"enemies":"Book of Stabbing","floor":31,"turns":5},{"damage":18,"enemies":"Automaton","floor":33,"turns":12},{"damage":0,"enemies":"Orb Walker","floor":35,"turns":4},{"damage":4,"enemies":"3 Darklings","floor":37,"turns":6},{"damage":0,"enemies":"Maw","floor":42,"turns":6},{"damage":0,"enemies":"Transient","floor":45,"turns":5},{"damage":0,"enemies":"Mind Bloom Boss Battle","floor":46,"turns":4},{"damage":3,"enemies":"4 Shapes","floor":48,"turns":7},{"damage":0,"enemies":"Awakened One","floor":50,"turns":5},{"damage":15,"enemies":"Shield and Spear","floor":54,"turns":7},{"damage":2,"enemies":"The Heart","floor":55,"turns":9}],"seed_played":"4926784759442251762","potions_obtained":[{"floor":1,"key":"Strength Potion"},{"floor":2,"key":"Swift Potion"},{"floor":4,"key":"FearPotion"},{"floor":16,"key":"Ancient Potion"},{"floor":20,"key":"PowerPotion"},{"floor":23,"key":"SpeedPotion"},{"floor":25,"key":"EssenceOfSteel"},{"floor":27,"key":"Swift Potion"},{"floor":31,"key":"Energy Potion"},{"floor":35,"key":"Block Potion"},{"floor":37,"key":"GamblersBrew"},{"floor":54,"key":"Swift Potion"}],"is_trial":false,"path_per_floor":["M","M","$","M","?","R","M","?","T","E","M","M","M","M","R","B",null,"M","?","M","?","M","E","R","M","T","M","?","M","R","E","R","B",null,"M","?","M","$","?","R","?","M","T","?","M","?","$","M","R","B",null,"R","$","E","B",null],"character_chosen":"IRONCLAD","items_purchased":["Entrench","Metallicize","Turnip","Pen Nib"],"campfire_rested":1,"item_purchase_floors":[3,3,47,47],"current_hp_per_floor":[80,80,80,80,80,80,78,71,71,62,65,68,68,74,74,40,80,80,80,80,80,80,59,59,43,43,49,43,46,46,45,80,68,80,80,80,80,80,80,80,80,80,80,80,80,80,80,80,80,80,80,80,80,71,75],"gold":73,"neow_bonus":"RANDOM_COLORLESS_2","is_prod":false,"is_daily":false,"chose_seed":false,"campfire_upgraded":6,"win_rate":0,"timestamp":1543450563,"path_taken":["M","M","$","M","?","R","M","?","T","E","M","M","M","M","R","BOSS","M","?","?","?","?","E","R","M","T","M","?","M","R","E","R","BOSS","M","?","?","$","?","R","?","M","T","?","?","?","$","M","R","BOSS","R","$","E","BOSS"],"build_version":"2018-11-15","purchased_purges":3,"victory":true,"max_hp_per_floor":[80,80,80,80,80,80,80,80,80,80,80,80,80,80,80,80,80,80,80,80,80,80,80,80,80,80,80,80,80,80,80,80,80,80,80,80,80,80,80,80,80,80,80,80,80,80,80,80,80,80,80,80,80,80,80],"card_choices":[{"not_picked":["Dropkick","Perfected Strike"],"picked":"Body Slam","floor":1},{"not_picked":["Clothesline","Whirlwind","Warcry"],"picked":"SKIP","floor":2},{"not_picked":["Anger","Carnage"],"picked":"Shrug It Off","floor":4},{"not_picked":["Anger","Twin Strike","Searing Blow"],"picked":"SKIP","floor":7},{"not_picked":["Heavy Blade","Perfected Strike","Bludgeon"],"picked":"SKIP","floor":10},{"not_picked":["Blood for Blood","Headbutt"],"picked":"Shrug It Off","floor":11},{"not_picked":["Body Slam","Pommel Strike","Sever Soul"],"picked":"SKIP","floor":12},{"not_picked":["Shrug It Off","Sword Boomerang","Headbutt"],"picked":"SKIP","floor":13},{"not_picked":["Perfected Strike","Twin Strike","Flex"],"picked":"SKIP","floor":14},{"not_picked":["Feed","Berserk"],"picked":"Juggernaut","floor":16},{"not_picked":["Havoc+1"],"picked":"SKIP","floor":18},{"not_picked":["Carnage"],"picked":"SKIP","floor":20},{"not_picked":["Fire Breathing"],"picked":"SKIP","floor":22},{"not_picked":["Heavy Blade"],"picked":"SKIP","floor":23},{"not_picked":["Warcry"],"picked":"SKIP","floor":25},{"not_picked":["Sword Boomerang"],"picked":"SKIP","floor":27},{"not_picked":["Thunderclap"],"picked":"SKIP","floor":29},{"not_picked":[],"picked":"Iron Wave+1","floor":31},{"not_picked":["Perfected Strike+1"],"picked":"SKIP","floor":35},{"not_picked":["Blood for Blood+1"],"picked":"SKIP","floor":37},{"not_picked":["Berserk"],"picked":"SKIP","floor":42},{"not_picked":["Dark Embrace"],"picked":"SKIP","floor":45},{"not_picked":[],"picked":"Entrench+1","floor":48},{"not_picked":["Dropkick"],"picked":"SKIP","floor":54}],"player_experience":689052,"relics_obtained":[{"floor":9,"key":"MawBank"},{"floor":10,"key":"Centennial Puzzle"},{"floor":23,"key":"Calipers"},{"floor":26,"key":"Regal Pillow"},{"floor":31,"key":"Dodecahedron"},{"floor":46,"key":"Ice Cream"},{"floor":54,"key":"Ancient Tea Set"}],"event_choices":[{"cards_removed":["Regret"],"damage_healed":0,"gold_gain":0,"player_choice":"Forget","damage_taken":0,"max_hp_gain":0,"max_hp_loss":0,"event_name":"Living Wall","floor":5,"gold_loss":0},{"cards_removed":["Strike_R"],"damage_healed":0,"gold_gain":0,"player_choice":"Card Removal","damage_taken":7,"max_hp_gain":0,"max_hp_loss":0,"event_name":"Golden Wing","floor":8,"gold_loss":0},{"damage_healed":0,"gold_gain":0,"player_choice":"Upgrade","damage_taken":0,"max_hp_gain":0,"max_hp_loss":0,"event_name":"Designer","floor":19,"gold_loss":40,"cards_upgraded":["Juggernaut"]},{"damage_healed":0,"gold_gain":0,"player_choice":"Traded Relic","damage_taken":0,"relics_obtained":["Nloth\u0027s Gift"],"max_hp_gain":0,"max_hp_loss":0,"event_name":"N\u0027loth","floor":21,"relics_lost":["MawBank"],"gold_loss":0},{"damage_healed":0,"gold_gain":0,"player_choice":"Fight","damage_taken":0,"max_hp_gain":0,"max_hp_loss":0,"event_name":"Colosseum","floor":28,"gold_loss":0},{"damage_healed":0,"gold_gain":0,"player_choice":"Fled From Nobs","damage_taken":0,"max_hp_gain":0,"max_hp_loss":0,"event_name":"Colosseum","floor":28,"gold_loss":0},{"damage_healed":0,"gold_gain":0,"player_choice":"Copied","damage_taken":0,"max_hp_gain":0,"max_hp_loss":0,"event_name":"Duplicator","floor":36,"gold_loss":0,"cards_obtained":["Entrench"]},{"damage_healed":0,"gold_gain":0,"player_choice":"Ignored","damage_taken":0,"max_hp_gain":0,"max_hp_loss":0,"event_name":"Mysterious Sphere","floor":39,"gold_loss":0},{"cards_removed":["Defend_R"],"damage_healed":0,"gold_gain":0,"player_choice":"Removed Skill","damage_taken":0,"max_hp_gain":0,"max_hp_loss":0,"event_name":"Falling","floor":41,"gold_loss":0},{"cards_removed":["Strike_R"],"damage_healed":0,"gold_gain":0,"player_choice":"Purged","damage_taken":0,"max_hp_gain":0,"max_hp_loss":0,"event_name":"Purifier","floor":44,"gold_loss":0},{"damage_healed":0,"gold_gain":0,"player_choice":"Fight","damage_taken":0,"max_hp_gain":0,"max_hp_loss":0,"event_name":"MindBloom","floor":46,"gold_loss":0}],"is_beta":false,"boss_relics":[{"not_picked":["Cursed Key","Orrery"],"picked":"Busted Crown"},{"not_picked":["Eternal Feather","Snecko Eye"],"picked":"Runic Dome"}],"items_purged_floors":[38,47,53],"is_endless":false,"potions_floor_spawned":[1,2,4,16,20,23,25,27,31,35,37,42,54],"ascension_level":0}