{"gold_per_floor":[109,121,86,105,105,130,130,149,149,180,180,193,193,209,209,285,285,301,301,301,17,17,17,33,33],"floor_reached":25,"playtime":1612,"items_purged":[],"score":369,"play_id":"14cca695-eb83-4ba8-ad35-f739186d1acc","local_time":"20190115202058","is_ascension_mode":true,"campfire_choices":[{"data":"Clothesline","floor":7,"key":"SMITH"},{"floor":11,"key":"REST"},{"floor":15,"key":"REST"},{"floor":23,"key":"REST"}],"neow_cost":"TEN_PERCENT_HP_LOSS","seed_source_timestamp":322046951721982,"circlet_count":0,"master_deck":["AscendersBane","Strike_R","Strike_R","Strike_R","Defend_R","Defend_R","Defend_R","Defend_R","Bash","Clothesline","Clothesline+1","Seeing Red+1","Flex","Feel No Pain","Demon Form","Havoc","Combust","Fire Breathing","Seeing Red+1","Armaments"],"relics":["Burning Blood","Thread and Needle","Champion Belt","Sundial","Meat on the Bone","White Beast Statue","HandDrill"],"potions_floor_usage":[14,16,16,18,24,25],"damage_taken":[{"damage":7,"enemies":"Jaw Worm","floor":1,"turns":3},{"damage":13,"enemies":"Small Slimes","floor":2,"turns":5},{"damage":4,"enemies":"2 Louse","floor":4,"turns":3},{"damage":23,"enemies":"Gremlin Nob","floor":6,"turns":5},{"damage":1,"enemies":"Exordium Wildlife","floor":8,"turns":3},{"damage":34,"enemies":"3 Sentries","floor":10,"turns":8},{"damage":5,"enemies":"2 Fungi Beasts","floor":12,"turns":5},{"damage":11,"enemies":"Gremlin Gang","floor":14,"turns":3},{"damage":66,"enemies":"The Guardian","floor":16,"turns":16},{"damage":46,"enemies":"Spheric Guardian","floor":18,"turns":7},{"damage":36,"enemies":"Shell Parasite","floor":24,"turns":7},{"damage":61,"enemies":"Cultist and Chosen","floor":25,"turns":5}],"seed_played":"-7392651585258561014","potions_obtained":[{"floor":1,"key":"FearPotion"},{"floor":6,"key":"PowerPotion"},{"floor":14,"key":"AttackPotion"},{"floor":18,"key":"Fruit Juice"},{"floor":24,"key":"GamblersBrew"}],"is_trial":false,"path_per_floor":["M","M","?","M","?","E","R","M","T","E","R","M","?","M","R","B",null,"M","?","?","$","?","R","M","M"],"character_chosen":"IRONCLAD","items_purchased":["HandDrill","BloodPotion"],"campfire_rested":3,"item_purchase_floors":[21,21],"current_hp_per_floor":[67,60,68,68,68,51,51,56,56,28,48,49,42,49,68,20,56,33,48,48,48,48,69,46,0],"gold":33,"neow_bonus":"ONE_RARE_RELIC","is_prod":false,"is_daily":false,"chose_seed":false,"campfire_upgraded":1,"win_rate":0,"timestamp":1547612458,"path_taken":["M","M","?","M","?","E","R","M","T","E","R","M","?","M","R","BOSS","M","?","?","?","?","R","M","M"],"build_version":"2019-01-10","purchased_purges":0,"victory":false,"max_hp_per_floor":[68,68,68,68,68,68,68,68,68,68,68,68,68,68,68,68,68,73,73,73,73,73,73,73,73],"card_choices":[{"not_picked":["Infernal Blade","Cleave"],"picked":"Clothesline","floor":1},{"not_picked":["Rupture","Reckless Charge"],"picked":"Clothesline","floor":2},{"not_picked":["Infernal Blade","Havoc"],"picked":"Seeing Red","floor":4},{"not_picked":["Combust","Anger"],"picked":"Flex","floor":6},{"not_picked":["Havoc","Clothesline"],"picked":"Cleave","floor":8},{"not_picked":["Rampage","Warcry","Rupture"],"picked":"SKIP","floor":10},{"not_picked":["Inflame","Fire Breathing","Second Wind"],"picked":"SKIP","floor":12},{"not_picked":["Twin Strike","Searing Blow"],"picked":"Feel No Pain","floor":14},{"not_picked":["Limit Break","Fiend Fire"],"picked":"Demon Form","floor":16},{"not_picked":["Twin Strike","Headbutt"],"picked":"Havoc","floor":18},{"not_picked":["Evolve","Searing Blow+1"],"picked":"Armaments","floor":24}],"player_experience":488568,"relics_obtained":[{"floor":6,"key":"Champion Belt"},{"floor":9,"key":"Sundial"},{"floor":10,"key":"Meat on the Bone"}],"event_choices":[{"damage_healed":17,"gold_gain":0,"player_choice":"Healed","damage_taken":0,"max_hp_gain":0,"max_hp_loss":0,"event_name":"The Cleric","floor":3,"gold_loss":35},{"damage_healed":0,"gold_gain":0,"player_choice":"Grow","damage_taken":0,"max_hp_gain":0,"max_hp_loss":0,"event_name":"Living Wall","floor":5,"gold_loss":0,"cards_upgraded":["Seeing Red"]},{"cards_removed":["Cleave"],"damage_healed":0,"gold_gain":0,"player_choice":"Card Removal","damage_taken":7,"max_hp_gain":0,"max_hp_loss":0,"event_name":"Golden Wing","floor":13,"gold_loss":0},{"damage_healed":15,"gold_gain":0,"player_choice":"Heal","damage_taken":0,"max_hp_gain":0,"max_hp_loss":0,"event_name":"The Library","floor":19,"gold_loss":0},{"damage_healed":0,"gold_gain":0,"cards_transformed":["Strike_R","Strike_R"],"player_choice":"Became Test Subject","damage_taken":0,"max_hp_gain":0,"max_hp_loss":0,"event_name":"Drug Dealer","floor":20,"gold_loss":0,"cards_obtained":["Combust","Fire Breathing"]},{"damage_healed":0,"gold_gain":0,"player_choice":"Copied","damage_taken":0,"max_hp_gain":0,"max_hp_loss":0,"event_name":"Duplicator","floor":22,"gold_loss":0,"cards_obtained":["Seeing Red"]}],"is_beta":false,"boss_relics":[{"not_picked":["Black Blood","Cursed Key"],"picked":"White Beast Statue"}],"items_purged_floors":[],"is_endless":false,"potions_floor_spawned":[1,6,8,14,18,24],"killed_by":"Cultist and Chosen","ascension_level":15}