{"gold_per_floor":[17,33,45,57,57,57,73,106,177,177,204,204,25,25,25,127,127,137,52,68,85,98,133,133,166,166,182,182,107,139,14,14,114,114,131,0,0,0,12,42,42,52,124,155,155,155,155,182,182,182],"floor_reached":51,"playtime":2985,"items_purged":["Writhe","Strike_R"],"score":1058,"play_id":"442168c8-16be-4d60-8306-43b5a33e57ff","local_time":"20190226132636","is_ascension_mode":true,"campfire_choices":[{"data":"Body Slam","floor":6.0,"key":"SMITH"},{"data":"Flame Barrier","floor":10.0,"key":"SMITH"},{"data":"Bash","floor":12.0,"key":"SMITH"},{"data":"Apotheosis","floor":15.0,"key":"SMITH"},{"floor":24.0,"key":"REST"},{"floor":32.0,"key":"REST"},{"floor":41.0,"key":"REST"},{"floor":45.0,"key":"REST"},{"data":"Shrug It Off","floor":47.0,"key":"SMITH"},{"floor":49.0,"key":"REST"}],"neow_cost":"NO_GOLD","seed_source_timestamp":0,"circlet_count":0,"master_deck":["Strike_R","Strike_R","Defend_R","Defend_R","Defend_R","Bash+1","Twin Strike","Ghostly Armor","Whirlwind","Metallicize","Body Slam+1","Flame Barrier+1","Anger+1","Apotheosis+1","Limit Break","Flex","Disarm","Pommel Strike+1","Iron Wave+1","Flex","Limit Break","Shrug It Off+1","Inflame","Impervious","Madness","Madness","Iron Wave+1"],"special_seed":0,"relics":["Burning Blood","Molten Egg 2","Dodecahedron","Kunai","Boot","Lizard Tail","Red Skull","Ginger","Lantern","Pear","Dream Catcher","Blood Vial","Philosopher\u0027s Stone","Red Mask","Bottled Flame","Sundial","Magic Flower","Nunchaku"],"potions_floor_usage":[50,50,50],"damage_taken":[{"damage":0.0,"enemies":"Cultist","floor":1.0,"turns":3.0},{"damage":4.0,"enemies":"Jaw Worm","floor":2.0,"turns":4.0},{"damage":6.0,"enemies":"Small Slimes","floor":3.0,"turns":4.0},{"damage":0.0,"enemies":"Exordium Wildlife","floor":4.0,"turns":2.0},{"damage":0.0,"enemies":"Blue Slaver","floor":7.0,"turns":4.0},{"damage":28.0,"enemies":"3 Sentries","floor":8.0,"turns":11.0},{"damage":5.0,"enemies":"Lagavulin","floor":11.0,"turns":7.0},{"damage":0.0,"enemies":"The Guardian","floor":16.0,"turns":10.0},{"damage":27.0,"enemies":"Shell Parasite","floor":18.0,"turns":6.0},{"damage":3.0,"enemies":"Spheric Guardian","floor":20.0,"turns":4.0},{"damage":27.0,"enemies":"Snecko","floor":21.0,"turns":7.0},{"damage":19.0,"enemies":"Centurion and Healer","floor":22.0,"turns":5.0},{"damage":39.0,"enemies":"Slavers","floor":23.0,"turns":4.0},{"damage":24.0,"enemies":"Gremlin Leader","floor":25.0,"turns":7.0},{"damage":19.0,"enemies":"Cultist and Chosen","floor":27.0,"turns":6.0},{"damage":14.0,"enemies":"Slavers","floor":30.0,"turns":3.0},{"damage":58.0,"enemies":"Collector","floor":33.0,"turns":7.0},{"damage":0.0,"enemies":"3 Shapes","floor":35.0,"turns":6.0},{"damage":0.0,"enemies":"Orb Walker","floor":39.0,"turns":3.0},{"damage":23.0,"enemies":"Reptomancer","floor":40.0,"turns":7.0},{"damage":28.0,"enemies":"Transient","floor":42.0,"turns":5.0},{"damage":14.0,"enemies":"Giant Head","floor":44.0,"turns":8.0},{"damage":57.0,"enemies":"Reptomancer","floor":48.0,"turns":6.0},{"damage":36,"enemies":"Awakened One","floor":50,"turns":11}],"seed_played":"-4667823680331304257","potions_obtained":[{"floor":1.0,"key":"FearPotion"},{"floor":4.0,"key":"Weak Potion"},{"floor":7.0,"key":"Strength Potion"},{"floor":16.0,"key":"FearPotion"},{"floor":22.0,"key":"FearPotion"},{"floor":25.0,"key":"Strength Potion"},{"floor":30.0,"key":"Swift Potion"},{"floor":33.0,"key":"Weak Potion"},{"floor":35.0,"key":"Poison Potion"},{"floor":42.0,"key":"SkillPotion"},{"floor":46.0,"key":"Poison Potion"},{"floor":46.0,"key":"PowerPotion"},{"floor":46.0,"key":"Strength Potion"},{"floor":48.0,"key":"Weak Potion"}],"is_trial":false,"path_per_floor":["M","M","M","M","T","R","M","E","T","R","E","R","$","?","R","B",null,"M","?","M","M","M","E","R","E","T","M","?","$","E","$","R","B",null,"M","?","?","$","M","E","R","M","T","E","R","?","R","E","R","B",null],"character_chosen":"IRONCLAD","items_purchased":["Apotheosis","Shrug It Off"],"campfire_rested":5,"item_purchase_floors":[13,31],"current_hp_per_floor":[80,80,80,80,80,80,80,58,58,58,59,59,59,59,59,65,76,55,55,58,37,24,39,63,45,55,42,42,42,34,34,61,11,70,78,78,67,67,75,60,87,67,67,61,88,88,88,42,69,45],"gold":182,"neow_bonus":"TRANSFORM_TWO_CARDS","is_prod":false,"is_daily":false,"chose_seed":false,"campfire_upgraded":5,"win_rate":0,"timestamp":1551183996,"path_taken":["M","M","M","?","?","R","M","E","T","R","E","R","$","?","R","BOSS","M","?","M","M","M","E","R","E","T","M","?","$","E","?","R","BOSS","M","?","?","?","?","E","R","M","T","E","R","?","R","E","R","BOSS"],"build_version":"2019-02-06","purchased_purges":2,"victory":true,"max_hp_per_floor":[80,80,80,80,80,80,80,80,80,80,80,80,80,80,80,80,80,80,80,80,80,80,80,80,80,90,90,90,90,90,90,90,90,90,90,90,90,90,90,90,90,90,90,90,90,90,90,90,90,90],"card_choices":[{"not_picked":["Havoc","Headbutt"],"picked":"Whirlwind","floor":1.0},{"not_picked":["Fire Breathing","Flex"],"picked":"Metallicize","floor":2.0},{"not_picked":["Headbutt","Fire Breathing"],"picked":"Body Slam","floor":3.0},{"not_picked":["Sword Boomerang","Thunderclap","Havoc"],"picked":"SKIP","floor":4.0},{"not_picked":["Sentinel","Sword Boomerang+1","Warcry"],"picked":"SKIP","floor":7.0},{"not_picked":["Brutality","Infernal Blade"],"picked":"Flame Barrier","floor":8.0},{"not_picked":["Headbutt+1","Intimidate"],"picked":"Anger+1","floor":11.0},{"not_picked":["Fiend Fire+1","Barricade"],"picked":"Limit Break","floor":16.0},{"not_picked":["Havoc","Sword Boomerang+1"],"picked":"Flex","floor":18.0},{"not_picked":["Flame Barrier","Headbutt+1"],"picked":"Disarm","floor":20.0},{"not_picked":["Thunderclap+1","Corruption"],"picked":"Pommel Strike+1","floor":21.0},{"not_picked":["Fire Breathing","Uppercut+1"],"picked":"Iron Wave+1","floor":22.0},{"not_picked":["Twin Strike+1","Heavy Blade+1","Intimidate"],"picked":"SKIP","floor":23.0},{"not_picked":["Heavy Blade+1","Headbutt+1","True Grit"],"picked":"SKIP","floor":25.0},{"not_picked":["Thunderclap+1","Heavy Blade+1"],"picked":"Flex","floor":27.0},{"not_picked":["Body Slam+1","Cleave+1"],"picked":"Limit Break","floor":30.0},{"not_picked":["Clash+1","Body Slam+1"],"picked":"Inflame","floor":32.0},{"not_picked":["Dark Embrace","Bludgeon+1"],"picked":"Impervious","floor":33.0},{"not_picked":["True Grit+1","Evolve","Power Through+1"],"picked":"SKIP","floor":35.0},{"not_picked":["Evolve","Armaments","Anger+1"],"picked":"SKIP","floor":39.0},{"not_picked":["Wild Strike+1","Twin Strike+1","Blood for Blood+1"],"picked":"SKIP","floor":40.0},{"not_picked":["Dropkick+1","Rage","Thunderclap+1"],"picked":"SKIP","floor":42.0},{"not_picked":["Entrench","Pommel Strike+1"],"picked":"Iron Wave+1","floor":44.0},{"not_picked":["Hemokinesis+1","Wild Strike+1","Armaments+1"],"picked":"SKIP","floor":48.0}],"player_experience":68017,"relics_obtained":[{"floor":5.0,"key":"Molten Egg 2"},{"floor":8.0,"key":"Dodecahedron"},{"floor":9.0,"key":"Kunai"},{"floor":11.0,"key":"Boot"},{"floor":23.0,"key":"Ginger"},{"floor":25.0,"key":"Lantern"},{"floor":26.0,"key":"Pear"},{"floor":30.0,"key":"Blood Vial"},{"floor":40.0,"key":"Bottled Flame"},{"floor":43.0,"key":"Sundial"},{"floor":44.0,"key":"Magic Flower"},{"floor":48.0,"key":"Nunchaku"}],"event_choices":[{"cards_removed":["Defend_R"],"damage_healed":0.0,"max_hp_gain":0.0,"max_hp_loss":0.0,"gold_gain":0.0,"event_name":"Purifier","player_choice":"Purged","floor":14.0,"gold_loss":0.0,"damage_taken":0.0},{"damage_healed":0.0,"max_hp_gain":0.0,"max_hp_loss":0.0,"gold_gain":0.0,"event_name":"Addict","player_choice":"Obtained Relic","floor":19.0,"gold_loss":85.0,"damage_taken":0.0,"relics_obtained":["Red Skull"]},{"damage_healed":0.0,"max_hp_gain":0.0,"max_hp_loss":0.0,"gold_gain":0.0,"event_name":"The Mausoleum","player_choice":"Opened","floor":28.0,"gold_loss":0.0,"damage_taken":0.0,"relics_obtained":["Dream Catcher"],"cards_obtained":["Writhe"]},{"damage_healed":0.0,"max_hp_gain":0.0,"max_hp_loss":0.0,"gold_gain":0.0,"event_name":"Tomb of Lord Red Mask","player_choice":"Paid","floor":36.0,"gold_loss":131.0,"damage_taken":0.0,"relics_obtained":["Red Mask"]},{"damage_healed":0.0,"max_hp_gain":0.0,"max_hp_loss":0.0,"gold_gain":0.0,"event_name":"Winding Halls","player_choice":"Embrace Madness","floor":37.0,"gold_loss":0.0,"damage_taken":11.0,"cards_obtained":["Madness","Madness"]},{"damage_healed":0.0,"max_hp_gain":0.0,"max_hp_loss":0.0,"gold_gain":0.0,"event_name":"Lab","player_choice":"Got Potions","floor":46.0,"gold_loss":0.0,"damage_taken":0.0}],"is_beta":true,"boss_relics":[{"not_picked":["Calling Bell","Tiny House"],"picked":"Lizard Tail"},{"not_picked":["Eternal Feather","White Beast Statue"],"picked":"Philosopher\u0027s Stone"}],"items_purged_floors":[29,31],"is_endless":false,"potions_floor_spawned":[1,4,7,16,22,25,30,33,35,42,48],"ascension_level":5}