{"gold_per_floor":[110,110,120,19,19,45,45,58,106,106,121,81,94,19,19,19],"floor_reached":16,"playtime":752,"items_purged":["Injury"],"score":180,"play_id":"bbba4721-eb61-4c80-8b57-c3cb949c5b5e","local_time":"20190129230236","is_ascension_mode":true,"campfire_choices":[{"floor":10,"key":"REST"},{"data":"Armaments","floor":15,"key":"SMITH"}],"neow_cost":"CURSE","seed_source_timestamp":83962399939221,"circlet_count":0,"master_deck":["AscendersBane","Strike_R","Strike_R","Strike_R","Strike_R","Strike_R","Defend_R","Defend_R","Defend_R","Defend_R","Bash","Discovery","Jack Of All Trades","Power Through","Clothesline","Armaments+1","Reckless Charge","Body Slam","Body Slam","Whirlwind","Feel No Pain"],"relics":["Burning Blood","Vajra","Bird Faced Urn","Strawberry","Blood Vial"],"potions_floor_usage":[6,11,16,16],"damage_taken":[{"damage":13,"enemies":"Jaw Worm","floor":1,"turns":4},{"damage":1,"enemies":"Cultist","floor":3,"turns":3},{"damage":39,"enemies":"Gremlin Nob","floor":6,"turns":5},{"damage":3,"enemies":"2 Louse","floor":8,"turns":3},{"damage":1,"enemies":"Lots of Slimes","floor":11,"turns":3},{"damage":1,"enemies":"2 Fungi Beasts","floor":13,"turns":4},{"damage":62,"enemies":"The Guardian","floor":16,"turns":12}],"seed_played":"-7321715766109801577","potions_obtained":[{"floor":1,"key":"SteroidPotion"},{"floor":8,"key":"Explosive Potion"},{"floor":12,"key":"LiquidBronze"},{"floor":12,"key":"Poison Potion"}],"is_trial":false,"path_per_floor":["M","?","M","$","?","E","$","M","T","R","M","?","M","$","R","B"],"character_chosen":"IRONCLAD","items_purchased":["Armaments","Reckless Charge"],"campfire_rested":1,"item_purchase_floors":[4,4],"current_hp_per_floor":[61,61,66,66,40,14,14,17,17,41,48,48,57,57,57,0],"gold":19,"neow_bonus":"RANDOM_COLORLESS_2","is_prod":false,"is_daily":false,"chose_seed":false,"campfire_upgraded":1,"win_rate":0,"timestamp":1548831756,"path_taken":["M","?","?","$","?","E","$","M","T","R","M","?","?","$","R","BOSS"],"build_version":"2019-01-23","purchased_purges":1,"victory":false,"max_hp_per_floor":[75,75,75,75,75,82,82,82,82,82,82,82,82,82,82,82],"card_choices":[{"not_picked":["Ghostly Armor","Heavy Blade"],"picked":"Power Through","floor":1},{"not_picked":["Pummel","Hemokinesis"],"picked":"Clothesline","floor":3},{"not_picked":["Second Wind","Perfected Strike"],"picked":"Body Slam","floor":6},{"not_picked":["Cleave","Thunderclap"],"picked":"Body Slam","floor":8},{"not_picked":["Pummel","Thunderclap"],"picked":"Whirlwind","floor":11},{"not_picked":["Dual Wield","Perfected Strike"],"picked":"Feel No Pain","floor":13}],"player_experience":506650,"relics_obtained":[{"floor":2,"key":"Vajra"},{"floor":6,"key":"Strawberry"},{"floor":9,"key":"Blood Vial"}],"event_choices":[{"damage_healed":0,"gold_gain":0,"player_choice":"Relic","damage_taken":0,"max_hp_gain":0,"max_hp_loss":0,"event_name":"Wheel of Change","floor":2,"gold_loss":0},{"damage_healed":0,"gold_gain":0,"player_choice":"Success","damage_taken":26,"relics_obtained":["Bird Faced Urn"],"max_hp_gain":0,"max_hp_loss":0,"event_name":"Scrap Ooze","floor":5,"gold_loss":0},{"damage_healed":0,"gold_gain":0,"player_choice":"Bought 3 Potions","damage_taken":0,"max_hp_gain":0,"max_hp_loss":0,"event_name":"The Woman in Blue","floor":12,"gold_loss":0}],"is_beta":false,"boss_relics":[],"items_purged_floors":[14],"is_endless":false,"potions_floor_spawned":[1,8],"killed_by":"The Guardian","ascension_level":16}