{"gold_per_floor":[119,139,154,229,179,29,60,60,60,76,76,76,76,94,94,196,196,212,212,28,28,28,28],"floor_reached":23,"playtime":4403,"items_purged":["Defend_B"],"score":252,"play_id":"f4328bcc-8a38-4beb-b41f-190abe2f100d","local_time":"20180914164423","is_ascension_mode":true,"campfire_choices":[{"floor":8,"key":"REST"},{"data":"Zap","floor":11,"key":"SMITH"},{"data":"Auto Shields","floor":13,"key":"SMITH"},{"data":"Go for the Eyes","floor":15,"key":"SMITH"}],"neow_cost":"NONE","seed_source_timestamp":81490020004887,"circlet_count":0,"master_deck":["Strike_B","Strike_B","Defend_B","Defend_B","Defend_B","Zap+1","Dualcast","Leap","Rebound","Gash","Leap","Gash","Auto Shields+1","Rip and Tear","Go for the Eyes+1","Multi-Cast","Steam","RitualDagger","All For One","Turbo"],"relics":["Orrery","Symbiotic Virus","Meat on the Bone","Nuclear Battery"],"potions_floor_usage":[7,16,23],"damage_taken":[{"damage":0,"enemies":"2 Louse","floor":1,"turns":3},{"damage":1,"enemies":"Small Slimes","floor":2,"turns":4},{"damage":9,"enemies":"Jaw Worm","floor":3,"turns":4},{"damage":13,"enemies":"Lagavulin","floor":7,"turns":8},{"damage":13,"enemies":"Large Slime","floor":10,"turns":7},{"damage":8,"enemies":"3 Louse","floor":14,"turns":3},{"damage":29,"enemies":"Hexaghost","floor":16,"turns":9},{"damage":27,"enemies":"2 Thieves","floor":18,"turns":4},{"damage":45,"enemies":"Book of Stabbing","floor":23,"turns":4}],"seed_played":"-526285593807622730","potions_obtained":[{"floor":1,"key":"Energy Potion"},{"floor":10,"key":"Energy Potion"},{"floor":14,"key":"Weak Potion"},{"floor":18,"key":"Energy Potion"}],"is_trial":false,"path_per_floor":["M","M","M","?","?","$","E","R","T","M","R","$","R","M","R","B",null,"M","?","$","?","$"],"character_chosen":"DEFECT","items_purchased":["Auto Shields","All For One","Turbo"],"campfire_rested":1,"item_purchase_floors":[6,20,20],"current_hp_per_floor":[68,67,58,47,47,47,34,56,56,43,43,43,43,47,47,30,64,49,43,43,43,43,0],"gold":28,"neow_bonus":"BOSS_RELIC","is_prod":false,"is_daily":false,"chose_seed":false,"campfire_upgraded":3,"win_rate":0,"timestamp":1536936263,"path_taken":["M","M","M","?","?","$","E","R","T","M","R","?","R","M","R","BOSS","M","?","$","?","$","E"],"build_version":"2018-09-06","purchased_purges":1,"victory":false,"max_hp_per_floor":[75,75,75,75,75,75,75,75,75,75,75,75,75,75,75,75,75,75,75,75,75,75,75],"card_choices":[{"not_picked":["Barrage","Coolheaded"],"picked":"Leap","floor":0},{"not_picked":["Sweeping Beam","Stack"],"picked":"Rebound","floor":0},{"not_picked":["Consume","Streamline"],"picked":"Gash","floor":0},{"not_picked":["Double Energy","Ball Lightning"],"picked":"Leap","floor":0},{"not_picked":["Stack","Creative AI","Ball Lightning"],"picked":"SKIP","floor":1},{"not_picked":["Barrage","Stack","Chill"],"picked":"SKIP","floor":2},{"not_picked":["Sweeping Beam","Barrage"],"picked":"Gash","floor":3},{"not_picked":["Barrage","Double Energy","Sunder"],"picked":"SKIP","floor":7},{"not_picked":["Doom and Gloom","Recycle"],"picked":"Rip and Tear","floor":10},{"not_picked":["Compile Driver","Stack"],"picked":"Go for the Eyes","floor":14},{"not_picked":["Fission","Seek"],"picked":"Multi-Cast","floor":16},{"not_picked":["Compile Driver","FTL"],"picked":"Steam","floor":18}],"player_experience":413783,"relics_obtained":[{"floor":7,"key":"Symbiotic Virus"},{"floor":9,"key":"Meat on the Bone"}],"event_choices":[{"event_name":"World of Goop","player_choice":"Gather Gold","floor":4,"damage_taken":0},{"event_name":"The Cleric","player_choice":"Card Removal","floor":5,"damage_taken":0},{"event_name":"Nest","player_choice":"Joined the Cult","floor":19,"damage_taken":0},{"event_name":"Purifier","player_choice":"One Purge","floor":21,"damage_taken":0}],"is_beta":false,"boss_relics":[{"not_picked":["Ectoplasm","Inserter"],"picked":"Nuclear Battery"}],"items_purged_floors":[6],"is_endless":false,"potions_floor_spawned":[1,10,14,18],"killed_by":"Book of Stabbing","ascension_level":7}