{"gold_per_floor":[110,120,120,8,8,8,24,53,53,82,82,14,14,24,24,100,100,67,84,44,44,0,0,0],"floor_reached":24,"playtime":1088,"items_purged":[],"score":354,"play_id":"d8d979f9-177d-47ee-a384-22d4e5105d39","local_time":"20190124205446","is_ascension_mode":true,"campfire_choices":[{"floor":6,"key":"REST"},{"floor":11,"key":"REST"},{"data":"Shrug It Off","floor":15,"key":"SMITH"}],"neow_cost":"NONE","seed_source_timestamp":429190880947331,"circlet_count":0,"master_deck":["AscendersBane","Strike_R","Strike_R","Strike_R","Strike_R","Strike_R+1","Defend_R","Defend_R+1","Defend_R","Defend_R","Bash","Impatience","Searing Blow","Metallicize","Trip","Clash","Anger","Dropkick","Spot Weakness","Shrug It Off+1","Sword Boomerang","Second Wind","Immolate","Dropkick","Flame Barrier","Disarm","Ghostly","Ghostly","Ghostly"],"relics":["Burning Blood","Calipers","Question Card","Matryoshka","Potion Belt","White Beast Statue"],"potions_floor_usage":[10,16,24,24],"damage_taken":[{"damage":14,"enemies":"2 Louse","floor":1,"turns":2},{"damage":16,"enemies":"Jaw Worm","floor":2,"turns":4},{"damage":1,"enemies":"Cultist","floor":7,"turns":3},{"damage":20,"enemies":"Gremlin Nob","floor":8,"turns":4},{"damage":25,"enemies":"3 Sentries","floor":10,"turns":10},{"damage":7,"enemies":"Exordium Wildlife","floor":14,"turns":4},{"damage":14,"enemies":"Hexaghost","floor":16,"turns":8},{"damage":24,"enemies":"2 Thieves","floor":18,"turns":5},{"damage":23,"enemies":"3 Byrds","floor":19,"turns":5},{"damage":27,"enemies":"Snake Plant","floor":24,"turns":4}],"seed_played":"-2840515083121613904","potions_obtained":[{"floor":2,"key":"GamblersBrew"},{"floor":10,"key":"LiquidBronze"},{"floor":18,"key":"SteroidPotion"},{"floor":19,"key":"SkillPotion"}],"is_trial":false,"path_per_floor":["M","M","?","$","?","R","M","E","T","E","R","$","$","M","R","B",null,"M","M","$","?","?","$","M"],"character_chosen":"IRONCLAD","items_purchased":["Trip","Clash","Shrug It Off","Sword Boomerang","Disarm"],"campfire_rested":2,"item_purchase_floors":[4,4,12,12,20],"current_hp_per_floor":[60,50,27,27,16,38,43,29,29,10,32,32,32,31,31,23,62,44,27,27,27,27,27,0],"gold":0,"neow_bonus":"RANDOM_COLORLESS","is_prod":false,"is_daily":false,"chose_seed":false,"campfire_upgraded":1,"win_rate":0,"timestamp":1548392086,"path_taken":["M","M","?","$","?","R","M","E","T","E","R","?","$","M","R","BOSS","M","M","$","?","?","?","?"],"build_version":"2019-01-23","purchased_purges":0,"victory":false,"max_hp_per_floor":[75,75,75,75,75,75,75,75,75,75,75,75,75,75,75,75,75,75,75,75,37,37,37,37],"card_choices":[{"not_picked":["Shrug It Off","Sword Boomerang"],"picked":"Searing Blow","floor":1},{"not_picked":["Second Wind","Body Slam"],"picked":"Metallicize","floor":2},{"not_picked":["Clothesline","Havoc"],"picked":"Anger","floor":7},{"not_picked":["Cleave","Sword Boomerang"],"picked":"Dropkick","floor":8},{"not_picked":["Impervious","Clothesline","Ghostly Armor"],"picked":"Spot Weakness","floor":10},{"not_picked":["True Grit","Warcry","Flex"],"picked":"Second Wind","floor":14},{"not_picked":["Impervious","Double Tap","Feed"],"picked":"Immolate","floor":16},{"not_picked":["Heavy Blade+1","Thunderclap","Intimidate"],"picked":"Dropkick","floor":18},{"not_picked":["Burning Pact","Havoc","Intimidate"],"picked":"Flame Barrier","floor":19}],"player_experience":494547,"relics_obtained":[{"floor":8,"key":"Question Card"},{"floor":9,"key":"Matryoshka"},{"floor":10,"key":"Potion Belt"}],"event_choices":[{"damage_healed":0,"gold_gain":0,"player_choice":"Entered Light","damage_taken":23,"max_hp_gain":0,"max_hp_loss":0,"event_name":"Shining Light","floor":3,"gold_loss":0,"cards_upgraded":["Strike_R","Defend_R"]},{"damage_healed":0,"gold_gain":0,"player_choice":"Success","damage_taken":11,"relics_obtained":["Calipers"],"max_hp_gain":0,"max_hp_loss":0,"event_name":"Scrap Ooze","floor":5,"gold_loss":0},{"damage_healed":0,"gold_gain":0,"player_choice":"Became a Ghost","damage_taken":0,"max_hp_gain":0,"max_hp_loss":38,"event_name":"Ghosts","floor":21,"gold_loss":0,"cards_obtained":["Ghostly","Ghostly","Ghostly"]},{"damage_healed":0,"gold_gain":0,"player_choice":"Paid Fearfully","damage_taken":0,"max_hp_gain":0,"max_hp_loss":0,"event_name":"Masked Bandits","floor":22,"gold_loss":44}],"is_beta":false,"boss_relics":[{"not_picked":["Black Blood","Astrolabe"],"picked":"White Beast Statue"}],"items_purged_floors":[],"is_endless":false,"potions_floor_spawned":[2,10,18,19],"killed_by":"Snake Plant","ascension_level":15}