{"gold_per_floor":[119,135,135,150,160,160,194,194,194,214,19,46,61,61,61,132,132,147,74,74,89,89,116,126,155,181,181,191,116,149,165,165,244,244,263,263,165,219,119,154,187,207,207,233,3,29,29,44,44,44],"floor_reached":51,"playtime":3047,"items_purged":["Strike_R","Strike_R"],"score":1569,"play_id":"dac3b934-2f60-4577-8659-6a04e83062eb","local_time":"20190109222547","is_ascension_mode":true,"campfire_choices":[{"data":"Armaments","floor":6,"key":"SMITH"},{"data":"Shrug It Off","floor":8,"key":"SMITH"},{"floor":15,"key":"REST"},{"data":"Demon Form","floor":27,"key":"SMITH"},{"data":"Body Slam","floor":32,"key":"SMITH"},{"floor":49,"key":"REST"}],"neow_cost":"NONE","seed_source_timestamp":2120584159380,"circlet_count":0,"master_deck":["AscendersBane","Defend_R","Defend_R","Defend_R","Bash","Impervious","Clothesline+1","Thunderclap","Armaments+1","Twin Strike","Shrug It Off+1","Cleave","Rampage","Sever Soul","Reaper+1","Fiend Fire+1","Whirlwind","Perfected Strike","Demon Form+1","Evolve","Seeing Red","Seeing Red","Body Slam+1","Barricade","Shrug It Off","Bludgeon","Double Tap","Battle Trance","Feel No Pain+1"],"relics":["Burning Blood","Ornamental Fan","Dead Branch","Toolbox","WingedGreaves","Snecko Eye","Self Forming Clay","Mummified Hand","Whetstone","Singing Bowl","Fusion Hammer","Thread and Needle","Happy Flower","Charon\u0027s Ashes","Mercury Hourglass","Vajra","PreservedInsect","Boot"],"potions_floor_usage":[7,16,16,23,30,33,41,50],"damage_taken":[{"damage":1,"enemies":"Cultist","floor":1,"turns":3},{"damage":22,"enemies":"Small Slimes","floor":2,"turns":4},{"damage":7,"enemies":"Jaw Worm","floor":4,"turns":4},{"damage":12,"enemies":"Looter","floor":5,"turns":4},{"damage":13,"enemies":"Lagavulin","floor":7,"turns":6},{"damage":7,"enemies":"Blue Slaver","floor":10,"turns":4},{"damage":18,"enemies":"Gremlin Nob","floor":12,"turns":4},{"damage":0,"enemies":"Lots of Slimes","floor":13,"turns":2},{"damage":27,"enemies":"Slime Boss","floor":16,"turns":10},{"damage":2,"enemies":"3 Byrds","floor":18,"turns":4},{"damage":0,"enemies":"Chosen","floor":21,"turns":2},{"damage":8,"enemies":"Slavers","floor":23,"turns":4},{"damage":0,"enemies":"Snecko","floor":24,"turns":3},{"damage":9,"enemies":"Gremlin Leader","floor":25,"turns":5},{"damage":2,"enemies":"3 Cultists","floor":28,"turns":3},{"damage":1,"enemies":"Book of Stabbing","floor":30,"turns":3},{"damage":3,"enemies":"Cultist and Chosen","floor":31,"turns":3},{"damage":24,"enemies":"Automaton","floor":33,"turns":5},{"damage":0,"enemies":"Orb Walker","floor":35,"turns":2},{"damage":14,"enemies":"2 Orb Walkers","floor":38,"turns":3},{"damage":0,"enemies":"Reptomancer","floor":40,"turns":3},{"damage":0,"enemies":"Giant Head","floor":41,"turns":4},{"damage":4,"enemies":"3 Darklings","floor":42,"turns":2},{"damage":0,"enemies":"Reptomancer","floor":44,"turns":1},{"damage":0,"enemies":"Giant Head","floor":46,"turns":5},{"damage":3,"enemies":"Spire Growth","floor":48,"turns":2},{"damage":6,"enemies":"Time Eater","floor":50,"turns":6}],"seed_played":"-666527562381910441","potions_obtained":[{"floor":4,"key":"Poison Potion"},{"floor":12,"key":"LiquidBronze"},{"floor":13,"key":"Explosive Potion"},{"floor":16,"key":"Ancient Potion"},{"floor":18,"key":"LiquidBronze"},{"floor":28,"key":"PowerPotion"},{"floor":30,"key":"Swift Potion"},{"floor":33,"key":"Energy Potion"},{"floor":38,"key":"PowerPotion"}],"is_trial":false,"path_per_floor":["M","M","?","M","M","R","E","R","T","M","$","E","M","?","R","B",null,"M","$","?","M","?","E","M","E","T","R","M","?","E","M","R","B",null,"M","?","$","?","$","E","E","M","T","E","$","E","?","M","R","B",null],"character_chosen":"IRONCLAD","items_purchased":["Toolbox","Fiend Fire","Shrug It Off","PreservedInsect","GamblersBrew"],"campfire_rested":2,"item_purchase_floors":[11,19,37,45,45],"current_hp_per_floor":[73,57,57,56,50,50,43,43,43,42,42,30,36,29,51,30,64,74,74,74,75,75,75,75,75,75,75,75,75,75,75,75,57,71,75,75,75,69,69,75,77,79,79,81,81,81,81,81,81,81],"gold":44,"neow_bonus":"ONE_RANDOM_RARE_CARD","is_prod":false,"is_daily":false,"chose_seed":false,"campfire_upgraded":4,"win_rate":0,"timestamp":1547101547,"path_taken":["M","?","?","M","M","R","E","R","T","M","?","E","M","?","R","BOSS","M","$","?","M","?","E","?","E","T","R","M","?","E","M","R","BOSS","M","?","$","?","$","E","E","M","T","E","$","E","?","M","R","BOSS"],"build_version":"2019-01-03v4","purchased_purges":2,"victory":true,"max_hp_per_floor":[75,75,75,75,75,75,75,75,75,75,75,75,75,75,75,75,75,75,75,75,75,75,75,75,75,75,75,75,75,75,75,75,75,75,75,75,75,77,77,77,77,79,79,81,81,81,81,81,81,81],"card_choices":[{"not_picked":["Sentinel","Havoc"],"picked":"Clothesline","floor":1},{"not_picked":["Clash","Warcry"],"picked":"Thunderclap","floor":2},{"not_picked":["Warcry","Combust"],"picked":"Armaments","floor":4},{"not_picked":["Perfected Strike","Rage"],"picked":"Twin Strike","floor":5},{"not_picked":["Ghostly Armor","Juggernaut"],"picked":"Shrug It Off","floor":7},{"not_picked":["Havoc","Clothesline"],"picked":"Cleave","floor":10},{"not_picked":["Heavy Blade","Entrench"],"picked":"Rampage","floor":12},{"not_picked":["Cleave","Clothesline"],"picked":"Sever Soul","floor":13},{"not_picked":["Immolate","Dark Embrace"],"picked":"Reaper","floor":16},{"not_picked":["Dropkick","Disarm","Twin Strike"],"picked":"SKIP","floor":18},{"not_picked":["Thunderclap","Dual Wield","Armaments"],"picked":"SKIP","floor":21},{"not_picked":["Cleave","Juggernaut"],"picked":"Demon Form","floor":23},{"not_picked":["Wild Strike","Reckless Charge"],"picked":"Evolve","floor":24},{"not_picked":["Power Through","Cleave","Hemokinesis"],"picked":"SKIP","floor":25},{"not_picked":["Combust","Burning Pact"],"picked":"Seeing Red","floor":28},{"not_picked":["Cleave","Disarm+1"],"picked":"Seeing Red","floor":30},{"not_picked":["Cleave","Rampage"],"picked":"Body Slam","floor":31},{"not_picked":["Impervious","Brutality"],"picked":"Barricade","floor":33},{"not_picked":["Flex","Armaments","True Grit"],"picked":"SKIP","floor":35},{"not_picked":["Feel No Pain","Clothesline","True Grit"],"picked":"Singing Bowl","floor":38},{"not_picked":["Clothesline","Clash+1"],"picked":"Bludgeon","floor":40},{"not_picked":["Body Slam","Pommel Strike"],"picked":"Double Tap","floor":41},{"not_picked":["Searing Blow+1","Sword Boomerang","True Grit"],"picked":"Singing Bowl","floor":42},{"not_picked":["Blood for Blood","Wild Strike","Thunderclap+1"],"picked":"Singing Bowl","floor":44},{"not_picked":["Heavy Blade","Warcry"],"picked":"Battle Trance","floor":46},{"not_picked":["Pummel+1","Burning Pact+1"],"picked":"Feel No Pain+1","floor":48}],"player_experience":455721,"relics_obtained":[{"floor":7,"key":"Ornamental Fan"},{"floor":9,"key":"Dead Branch"},{"floor":12,"key":"WingedGreaves"},{"floor":23,"key":"Self Forming Clay"},{"floor":25,"key":"Mummified Hand"},{"floor":26,"key":"Whetstone"},{"floor":30,"key":"Singing Bowl"},{"floor":38,"key":"Thread and Needle"},{"floor":40,"key":"Happy Flower"},{"floor":41,"key":"Charon\u0027s Ashes"},{"floor":43,"key":"Mercury Hourglass"},{"floor":44,"key":"Vajra"},{"floor":46,"key":"Boot"}],"event_choices":[{"damage_healed":0,"gold_gain":0,"player_choice":"Grow","damage_taken":0,"max_hp_gain":0,"max_hp_loss":0,"event_name":"Living Wall","floor":3,"gold_loss":0,"cards_upgraded":["Clothesline"]},{"cards_removed":["Strike_R"],"damage_healed":0,"gold_gain":0,"player_choice":"Card Removal","damage_taken":7,"max_hp_gain":0,"max_hp_loss":0,"event_name":"Golden Wing","floor":14,"gold_loss":0},{"damage_healed":0,"gold_gain":0,"cards_transformed":["Strike_R","Defend_R"],"player_choice":"Became Test Subject","damage_taken":0,"max_hp_gain":0,"max_hp_loss":0,"event_name":"Drug Dealer","floor":20,"gold_loss":0,"cards_obtained":["Whirlwind","Perfected Strike"]},{"damage_healed":0,"gold_gain":0,"player_choice":"Cursed","damage_taken":0,"max_hp_gain":0,"max_hp_loss":0,"event_name":"Wheel of Change","floor":22,"gold_loss":0,"cards_obtained":["Decay"]},{"cards_removed":["Decay"],"damage_healed":0,"gold_gain":0,"player_choice":"Gave Gold","damage_taken":0,"max_hp_gain":0,"max_hp_loss":0,"event_name":"Beggar","floor":29,"gold_loss":75},{"damage_healed":0,"gold_gain":0,"player_choice":"Ignored","damage_taken":0,"max_hp_gain":0,"max_hp_loss":0,"event_name":"Tomb of Lord Red Mask","floor":36,"gold_loss":0},{"damage_healed":0,"gold_gain":0,"player_choice":"Fight","damage_taken":0,"max_hp_gain":0,"max_hp_loss":0,"event_name":"Mysterious Sphere","floor":38,"gold_loss":0},{"cards_removed":["Strike_R"],"damage_healed":0,"gold_gain":0,"player_choice":"Removed Attack","damage_taken":0,"max_hp_gain":0,"max_hp_loss":0,"event_name":"Falling","floor":47,"gold_loss":0}],"is_beta":false,"boss_relics":[{"not_picked":["Philosopher\u0027s Stone","Cursed Key"],"picked":"Snecko Eye"},{"not_picked":["Astrolabe","Pandora\u0027s Box"],"picked":"Fusion Hammer"}],"items_purged_floors":[37,39],"is_endless":false,"potions_floor_spawned":[4,12,13,16,18,28,30,33,38,40,46,48],"ascension_level":14}