{"gold_per_floor":[112,132,59,234,251,251,284,284,284,316,316,294,309,340,340,418,418,433,260,275,286,14,39,39,71,96,96,125,62,74,115,127,212,224,246,41,41,15,32,58,68,102,102,102,113,113,132,146,146,146],"floor_reached":50,"playtime":2549,"items_purged":["Strike_G","Strike_G"],"score":974,"play_id":"325838c3-4559-4831-8148-652ba5e05f55","local_time":"20181230175933","is_ascension_mode":true,"campfire_choices":[{"data":"Dash","floor":6,"key":"SMITH"},{"data":"Endless Agony","floor":8,"key":"SMITH"},{"data":"Leg Sweep","floor":11,"key":"SMITH"},{"data":"Well Laid Plans","floor":15,"key":"SMITH"},{"data":"Footwork","floor":24,"key":"SMITH"},{"floor":30,"key":"REST"},{"floor":32,"key":"REST"},{"floor":44,"key":"REST"},{"floor":46,"key":"REST"},{"floor":49,"key":"REST"}],"neow_cost":"NONE","seed_source_timestamp":795061482581798,"circlet_count":0,"master_deck":["AscendersBane","Defend_G","Defend_G","Defend_G","Defend_G","Defend_G","Strike_G","Strike_G","Survivor","Neutralize+1","Deflect","Leg Sweep+1","Dash+1","Doubt","Dagger Spray","Endless Agony+1","Well Laid Plans+1","Heel Hook","Envenom","Footwork+1","Dagger Spray","PiercingWail","Footwork","Bane","Terror","Calculated Gamble","All Out Attack+1","Slice","Glass Knife","Cloak And Dagger","Bane","Footwork","Bane","PiercingWail","Parasite","Skewer","Riddle With Holes+1","Slice"],"relics":["Ring of the Serpent","Du-Vu Doll","Ice Cream","Strawberry","Anchor","Philosopher\u0027s Stone","ClockworkSouvenir","Pear","Orichalcum","PreservedInsect","MawBank","Red Mask","Gambling Chip","Frozen Egg 2"],"potions_floor_usage":[16,21,25,31,42,42,50],"damage_taken":[{"damage":2,"enemies":"Jaw Worm","floor":1,"turns":8},{"damage":0,"enemies":"Small Slimes","floor":2,"turns":6},{"damage":0,"enemies":"2 Louse","floor":5,"turns":4},{"damage":20,"enemies":"Gremlin Nob","floor":7,"turns":6},{"damage":15,"enemies":"3 Sentries","floor":10,"turns":7},{"damage":0,"enemies":"Blue Slaver","floor":13,"turns":3},{"damage":2,"enemies":"Lagavulin","floor":14,"turns":8},{"damage":14,"enemies":"Hexaghost","floor":16,"turns":11},{"damage":0,"enemies":"Shell Parasite","floor":18,"turns":6},{"damage":1,"enemies":"2 Thieves","floor":20,"turns":5},{"damage":18,"enemies":"Sentry and Sphere","floor":21,"turns":8},{"damage":5,"enemies":"Gremlin Leader","floor":23,"turns":6},{"damage":26,"enemies":"Slavers","floor":25,"turns":6},{"damage":8,"enemies":"Snake Plant","floor":28,"turns":3},{"damage":0,"enemies":"Masked Bandits","floor":31,"turns":2},{"damage":28,"enemies":"Automaton","floor":33,"turns":8},{"damage":6,"enemies":"3 Darklings","floor":35,"turns":5},{"damage":6,"enemies":"Orb Walker","floor":39,"turns":4},{"damage":5,"enemies":"Giant Head","floor":40,"turns":7},{"damage":0,"enemies":"Writhing Mass","floor":41,"turns":8},{"damage":37,"enemies":"Reptomancer","floor":42,"turns":6},{"damage":2,"enemies":"Transient","floor":45,"turns":5},{"damage":0,"enemies":"Maw","floor":47,"turns":6},{"damage":15,"enemies":"Jaw Worm Horde","floor":48,"turns":3},{"damage":76,"enemies":"Awakened One","floor":50,"turns":11}],"seed_played":"1098133056954754052","potions_obtained":[{"floor":2,"key":"Energy Potion"},{"floor":10,"key":"LiquidBronze"},{"floor":18,"key":"Swift Potion"},{"floor":21,"key":"SteroidPotion"},{"floor":31,"key":"Energy Potion"},{"floor":39,"key":"Swift Potion"},{"floor":42,"key":"Dexterity Potion"}],"is_trial":false,"path_per_floor":["M","M","$","?","M","R","E","R","T","E","R","?","M","E","R","B",null,"M","$","M","M","$","E","R","E","T","?","M","?","R","?","R","B",null,"M","$","?","$","M","E","M","E","T","R","M","R","M","M","R","B"],"character_chosen":"THE_SILENT","items_purchased":["Dash","Dagger Spray","PiercingWail","ClockworkSouvenir","Terror","Bane","Footwork","Bane"],"campfire_rested":5,"item_purchase_floors":[3,19,19,22,22,36,36,38],"current_hp_per_floor":[57,57,57,57,57,57,37,37,37,29,29,29,29,27,27,13,58,58,58,57,39,39,44,44,18,18,18,10,10,34,34,58,30,70,64,64,64,64,58,53,53,16,16,40,38,62,62,47,71,0],"gold":146,"neow_bonus":"UPGRADE_CARD","is_prod":false,"is_daily":false,"chose_seed":false,"campfire_upgraded":5,"win_rate":0,"timestamp":1546189173,"path_taken":["M","M","$","?","M","R","E","R","T","E","R","?","M","E","R","BOSS","M","$","M","M","$","E","R","E","T","?","M","?","R","?","R","BOSS","M","$","?","?","M","E","M","E","T","R","?","R","M","M","R","BOSS"],"build_version":"2018-12-20","purchased_purges":2,"victory":false,"max_hp_per_floor":[66,66,66,66,66,66,66,66,66,73,73,73,73,73,73,73,73,73,73,73,73,73,83,83,83,83,83,83,83,83,83,83,83,83,83,83,83,83,83,83,83,83,83,83,83,83,83,83,83,83],"card_choices":[{"not_picked":["Bane","Acrobatics"],"picked":"Deflect","floor":1},{"not_picked":["Sucker Punch","Masterful Stab"],"picked":"Leg Sweep","floor":2},{"not_picked":["Blur","Terror"],"picked":"Dagger Spray","floor":5},{"not_picked":["Dash","Concentrate"],"picked":"Endless Agony","floor":7},{"not_picked":["Sucker Punch","Catalyst","Flying Knee"],"picked":"SKIP","floor":10},{"not_picked":["Underhanded Strike","Blur"],"picked":"Well Laid Plans","floor":13},{"not_picked":["Acrobatics","Expertise"],"picked":"Heel Hook","floor":14},{"not_picked":["Night Terror","Burst"],"picked":"Envenom","floor":16},{"not_picked":["Sucker Punch","Setup"],"picked":"Footwork","floor":18},{"not_picked":["Leg Sweep","Quick Slash"],"picked":"Footwork","floor":20},{"not_picked":["Well Laid Plans","All Out Attack"],"picked":"Bane","floor":21},{"not_picked":["Choke+1","Cloak And Dagger","Venomology"],"picked":"SKIP","floor":23},{"not_picked":["Bane","Leg Sweep"],"picked":"Calculated Gamble","floor":25},{"not_picked":["Poisoned Stab","Bouncing Flask+1"],"picked":"All Out Attack+1","floor":28},{"not_picked":["Dagger Throw","Distraction"],"picked":"Slice","floor":31},{"not_picked":["Burst","Bullet Time"],"picked":"Glass Knife","floor":33},{"not_picked":["Slice","Quick Slash"],"picked":"Cloak And Dagger","floor":35},{"not_picked":["Poisoned Stab","Dagger Throw+1"],"picked":"PiercingWail","floor":39},{"not_picked":["Underhanded Strike+1","Doppelganger","All Out Attack+1"],"picked":"SKIP","floor":40},{"not_picked":["Poisoned Stab","Sucker Punch"],"picked":"Skewer","floor":41},{"not_picked":["Leg Sweep+1","Cloak And Dagger"],"picked":"Riddle With Holes+1","floor":42},{"not_picked":["Acrobatics","Choke","Predator"],"picked":"SKIP","floor":45},{"not_picked":["Reflex","Catalyst"],"picked":"Slice","floor":47},{"not_picked":["Outmaneuver","Quick Slash","Accuracy+1"],"picked":"SKIP","floor":48}],"player_experience":798701,"relics_obtained":[{"floor":7,"key":"Du-Vu Doll"},{"floor":9,"key":"Ice Cream"},{"floor":10,"key":"Strawberry"},{"floor":14,"key":"Anchor"},{"floor":23,"key":"Pear"},{"floor":25,"key":"Orichalcum"},{"floor":26,"key":"PreservedInsect"},{"floor":31,"key":"Red Mask"},{"floor":42,"key":"Gambling Chip"},{"floor":43,"key":"Frozen Egg 2"}],"event_choices":[{"damage_healed":0,"gold_gain":175,"player_choice":"AGREE","damage_taken":0,"max_hp_gain":0,"max_hp_loss":0,"event_name":"Liars Game","floor":4,"gold_loss":0,"cards_obtained":["Doubt"]},{"damage_healed":0,"gold_gain":0,"player_choice":"Left Gold","damage_taken":0,"max_hp_gain":0,"max_hp_loss":0,"event_name":"World of Goop","floor":12,"gold_loss":22},{"damage_healed":0,"gold_gain":0,"player_choice":"Opened","damage_taken":0,"relics_obtained":["MawBank"],"max_hp_gain":0,"max_hp_loss":0,"event_name":"The Mausoleum","floor":27,"gold_loss":0},{"cards_removed":["Strike_G"],"damage_healed":0,"gold_gain":0,"player_choice":"Gave Gold","damage_taken":0,"max_hp_gain":0,"max_hp_loss":0,"event_name":"Beggar","floor":29,"gold_loss":75},{"damage_healed":0,"gold_gain":0,"player_choice":"Fought Bandits","damage_taken":0,"max_hp_gain":0,"max_hp_loss":0,"event_name":"Masked Bandits","floor":31,"gold_loss":0},{"damage_healed":0,"gold_gain":0,"player_choice":"Ignored","damage_taken":0,"max_hp_gain":0,"max_hp_loss":0,"event_name":"Fountain of Cleansing","floor":37,"gold_loss":0}],"is_beta":false,"boss_relics":[{"not_picked":["Runic Pyramid","Tiny House"],"picked":"Philosopher\u0027s Stone"},{"not_picked":["Snecko Eye","WristBlade"],"picked":"Ring of the Serpent"}],"items_purged_floors":[19,36],"is_endless":false,"potions_floor_spawned":[2,10,13,14,18,21,31,39,41,42],"killed_by":"Awakened One","ascension_level":14}