{"gold_per_floor":[109,109,109,124,124,157,174,174,201,76,76,76,151,184,184,184],"floor_reached":16,"playtime":1360,"items_purged":[],"score":223,"play_id":"45014d24-3111-4cee-8179-b9b34ebe3edb","local_time":"20190222123739","is_ascension_mode":true,"campfire_choices":[{"data":"Skewer","floor":8.0,"key":"SMITH"},{"data":"Neutralize","floor":11.0,"key":"SMITH"},{"data":"Concentrate","floor":15.0,"key":"SMITH"}],"neow_cost":"NONE","seed_source_timestamp":0,"circlet_count":0,"master_deck":["AscendersBane","Defend_G","Defend_G","Defend_G","Defend_G","Defend_G","Strike_G","Strike_G","Strike_G","Strike_G","Survivor","Neutralize+1","Deflect","Skewer+1","PiercingWail","Concentrate+1","Concentrate","Backflip","Dagger Throw"],"special_seed":0,"relics":["Ring of the Snake","NeowsBlessing","Omamori","Matryoshka","Prayer Wheel","Ornamental Fan","Potion Belt","Golden Idol","Darkstone Periapt"],"potions_floor_usage":[],"damage_taken":[{"damage":0.0,"enemies":"Small Slimes","floor":1.0,"turns":1.0},{"damage":0.0,"enemies":"Cultist","floor":4.0,"turns":1.0},{"damage":0.0,"enemies":"Lagavulin","floor":6.0,"turns":1.0},{"damage":3.0,"enemies":"2 Louse","floor":7.0,"turns":6.0},{"damage":7.0,"enemies":"Gremlin Nob","floor":14.0,"turns":4.0},{"damage":13,"enemies":"The Guardian","floor":16,"turns":3}],"seed_played":"-7083334586371298255","potions_obtained":[{"floor":4.0,"key":"Block Potion"}],"is_trial":false,"path_per_floor":["M","?","?","M","?","E","M","R","T","$","R","?","?","E","R","B"],"character_chosen":"THE_SILENT","items_purchased":["Backflip","SpeedPotion","Weak Potion"],"campfire_rested":0,"item_purchase_floors":[10,10,10],"current_hp_per_floor":[59,56,56,56,56,56,53,53,53,53,53,53,42,35,35,22],"gold":184,"neow_bonus":"THREE_ENEMY_KILL","is_prod":false,"is_daily":false,"chose_seed":false,"campfire_upgraded":3,"win_rate":0,"timestamp":1550835459,"path_taken":["M","?","?","?","?","E","M","R","T","?","R","?","?","E","R","BOSS"],"build_version":"2019-01-23","purchased_purges":0,"victory":false,"max_hp_per_floor":[66,66,66,66,66,66,66,66,66,66,66,61,61,61,61,61],"card_choices":[{"not_picked":["Bane","Underhanded Strike"],"picked":"Deflect","floor":1.0},{"not_picked":["Outmaneuver","Reflex"],"picked":"PiercingWail","floor":4.0},{"not_picked":["Choke","Wraith Form v2","Finisher"],"picked":"SKIP","floor":6.0},{"not_picked":["Flying Knee","Choke"],"picked":"Concentrate","floor":7.0},{"not_picked":["Quick Slash","Poisoned Stab"],"picked":"Concentrate","floor":7.0},{"not_picked":["Underhanded Strike","Flying Knee"],"picked":"Dagger Throw","floor":14.0}],"player_experience":2307705,"relics_obtained":[{"floor":6.0,"key":"Prayer Wheel"},{"floor":9.0,"key":"Ornamental Fan"},{"floor":9.0,"key":"Potion Belt"},{"floor":14.0,"key":"Darkstone Periapt"}],"event_choices":[{"damage_healed":0.0,"max_hp_gain":0.0,"max_hp_loss":0.0,"gold_gain":0.0,"event_name":"Scrap Ooze","player_choice":"Success","floor":2.0,"gold_loss":0.0,"damage_taken":3.0,"relics_obtained":["Omamori"]},{"damage_healed":0.0,"max_hp_gain":0.0,"max_hp_loss":0.0,"gold_gain":0.0,"cards_transformed":["Strike_G"],"event_name":"Transmorgrifier","player_choice":"Transformed","floor":3.0,"gold_loss":0.0,"damage_taken":0.0,"cards_obtained":["Skewer"]},{"damage_healed":0.0,"max_hp_gain":0.0,"max_hp_loss":0.0,"gold_gain":0.0,"event_name":"WeMeetAgain","player_choice":"Gave Potion","floor":5.0,"gold_loss":0.0,"damage_taken":0.0,"relics_obtained":["Matryoshka"]},{"damage_healed":0.0,"max_hp_gain":0.0,"max_hp_loss":5.0,"gold_gain":0.0,"event_name":"Golden Idol","player_choice":"Lose Max HP","floor":12.0,"gold_loss":0.0,"damage_taken":0.0,"relics_obtained":["Golden Idol"]},{"damage_healed":0.0,"max_hp_gain":0.0,"max_hp_loss":0.0,"gold_gain":75.0,"event_name":"World of Goop","player_choice":"Gather Gold","floor":13.0,"gold_loss":0.0,"damage_taken":11.0}],"is_beta":false,"boss_relics":[],"items_purged_floors":[],"is_endless":false,"potions_floor_spawned":[4],"killed_by":"The Guardian","ascension_level":14}