{"gold_per_floor":[109,109,109,119,131,159,170,181,181,181,38,69,85,110,110,182,182,199,218,231,146,158,185,185,216,228,259,271,298,310,33,33,33],"floor_reached":33,"playtime":2291,"items_purged":["Pain"],"score":551,"play_id":"94a6d50c-69e4-40bd-a231-85ee7cd1f84f","local_time":"20190106195157","is_ascension_mode":true,"campfire_choices":[{"floor":10,"key":"REST"},{"floor":15,"key":"REST"},{"data":"Dark Embrace","floor":24,"key":"SMITH"},{"floor":30,"key":"REST"},{"floor":32,"key":"REST"}],"neow_cost":"NONE","seed_source_timestamp":179073002605487,"circlet_count":0,"master_deck":["AscendersBane","Strike_R+1","Strike_R+1","Strike_R+1","Strike_R+1","Strike_R+1","Defend_R+1","Defend_R+1","Defend_R+1","Defend_R+1","Bash","Fiend Fire","Clothesline+1","Whirlwind","Headbutt","Perfected Strike","Flame Barrier","Hemokinesis","Dark Embrace+1","Body Slam","True Grit","Ghostly Armor","Flex+1"],"relics":["Burning Blood","WarpedTongs","Strawberry","Charon\u0027s Ashes","Turnip","Incense Burner","Sozu","Blood Vial","Letter Opener","MawBank","Bottled Flame","Unceasing Top"],"potions_floor_usage":[14,14,16],"damage_taken":[{"damage":3,"enemies":"2 Louse","floor":1,"turns":3},{"damage":6,"enemies":"Cultist","floor":4,"turns":3},{"damage":5,"enemies":"Jaw Worm","floor":5,"turns":3},{"damage":34,"enemies":"3 Sentries","floor":6,"turns":7},{"damage":5,"enemies":"Looter","floor":7,"turns":3},{"damage":11,"enemies":"Large Slime","floor":8,"turns":5},{"damage":0,"enemies":"Gremlin Nob","floor":12,"turns":2},{"damage":8,"enemies":"Red Slaver","floor":13,"turns":3},{"damage":18,"enemies":"Lagavulin","floor":14,"turns":5},{"damage":18,"enemies":"Slime Boss","floor":16,"turns":5},{"damage":26,"enemies":"2 Thieves","floor":18,"turns":4},{"damage":2,"enemies":"Spheric Guardian","floor":19,"turns":3},{"damage":10,"enemies":"Snecko","floor":20,"turns":5},{"damage":0,"enemies":"Centurion and Healer","floor":22,"turns":6},{"damage":13,"enemies":"Gremlin Leader","floor":23,"turns":6},{"damage":44,"enemies":"Book of Stabbing","floor":25,"turns":7},{"damage":17,"enemies":"3 Cultists","floor":27,"turns":5},{"damage":6,"enemies":"Snake Plant","floor":29,"turns":4},{"damage":102,"enemies":"Automaton","floor":33,"turns":10}],"seed_played":"-2389956865035961214","potions_obtained":[{"floor":5,"key":"SmokeBomb"},{"floor":7,"key":"Poison Potion"},{"floor":13,"key":"Block Potion"},{"floor":14,"key":"Fruit Juice"}],"is_trial":false,"path_per_floor":["M","?","?","M","M","E","M","M","T","R","$","E","M","E","R","B",null,"M","M","M","?","M","E","R","E","T","M","?","M","R","$","R","B"],"character_chosen":"IRONCLAD","items_purchased":["Flame Barrier","Unceasing Top"],"campfire_rested":4,"item_purchase_floors":[11,31],"current_hp_per_floor":[75,59,59,59,60,39,40,35,35,61,61,67,65,58,85,73,87,67,71,67,67,75,70,70,34,34,25,25,27,54,54,81,0],"gold":33,"neow_bonus":"ONE_RANDOM_RARE_CARD","is_prod":false,"is_daily":false,"chose_seed":false,"campfire_upgraded":1,"win_rate":0,"timestamp":1546833117,"path_taken":["M","?","?","M","M","E","M","M","T","R","$","E","M","E","R","BOSS","M","M","?","?","M","E","R","E","T","M","?","M","R","$","R","BOSS"],"build_version":"2019-01-03v4","purchased_purges":1,"victory":false,"max_hp_per_floor":[80,80,80,80,80,87,87,87,87,87,87,87,87,92,92,92,92,92,92,92,92,92,92,92,92,92,92,92,92,92,92,92,92],"card_choices":[{"not_picked":["Carnage","Ghostly Armor"],"picked":"Clothesline","floor":1},{"not_picked":["Thunderclap","Warcry"],"picked":"Whirlwind","floor":4},{"not_picked":["Warcry","Anger"],"picked":"Headbutt","floor":5},{"not_picked":["Warcry","Armaments"],"picked":"Perfected Strike","floor":6},{"not_picked":["Uppercut","Spot Weakness","Cleave"],"picked":"SKIP","floor":7},{"not_picked":["Spot Weakness","Flex","Reckless Charge"],"picked":"SKIP","floor":8},{"not_picked":["Sever Soul","Sword Boomerang","Clothesline"],"picked":"SKIP","floor":12},{"not_picked":["Brutality","Corruption"],"picked":"Hemokinesis","floor":13},{"not_picked":["Iron Wave","Clothesline","Havoc"],"picked":"SKIP","floor":14},{"not_picked":["Reaper","Feed"],"picked":"Dark Embrace","floor":16},{"not_picked":["Havoc","Sword Boomerang"],"picked":"Body Slam","floor":18},{"not_picked":["Shrug It Off","Rampage+1"],"picked":"True Grit","floor":19},{"not_picked":["Headbutt","Flex","Clash"],"picked":"SKIP","floor":20},{"not_picked":["Spot Weakness","Dual Wield"],"picked":"Ghostly Armor","floor":22},{"not_picked":["Corruption","Wild Strike","Cleave"],"picked":"SKIP","floor":23},{"not_picked":["Iron Wave","Clash","Sever Soul"],"picked":"SKIP","floor":25},{"not_picked":["Armaments","Flex","Bloodletting"],"picked":"SKIP","floor":27},{"not_picked":["Armaments","Twin Strike+1"],"picked":"Flex+1","floor":29}],"player_experience":446210,"relics_obtained":[{"floor":6,"key":"Strawberry"},{"floor":9,"key":"Charon\u0027s Ashes"},{"floor":12,"key":"Turnip"},{"floor":14,"key":"Incense Burner"},{"floor":23,"key":"Letter Opener"},{"floor":25,"key":"MawBank"},{"floor":26,"key":"Bottled Flame"}],"event_choices":[{"damage_healed":0,"gold_gain":0,"player_choice":"Entered Light","damage_taken":16,"max_hp_gain":0,"max_hp_loss":0,"event_name":"Shining Light","floor":2,"gold_loss":0,"cards_upgraded":["Clothesline","Defend_R"]},{"damage_healed":0,"gold_gain":0,"player_choice":"Rummage","damage_taken":0,"relics_obtained":["WarpedTongs"],"max_hp_gain":0,"max_hp_loss":0,"event_name":"Accursed Blacksmith","floor":3,"gold_loss":0,"cards_obtained":["Pain"]},{"damage_healed":0,"gold_gain":0,"player_choice":"Obtained Relic","damage_taken":0,"relics_obtained":["Blood Vial"],"max_hp_gain":0,"max_hp_loss":0,"event_name":"Addict","floor":21,"gold_loss":85},{"damage_healed":0,"gold_gain":0,"player_choice":"Simplicity","damage_taken":0,"max_hp_gain":0,"max_hp_loss":0,"event_name":"Back to Basics","floor":28,"gold_loss":0,"cards_upgraded":["Strike_R","Strike_R","Strike_R","Strike_R","Strike_R","Defend_R","Defend_R","Defend_R"]}],"is_beta":false,"boss_relics":[{"not_picked":["Black Blood","Calling Bell"],"picked":"Sozu"}],"items_purged_floors":[11],"is_endless":false,"potions_floor_spawned":[5,7,12,13,14,18,23,27],"killed_by":"Automaton","ascension_level":13}