{"gold_per_floor":[110,123,123,47,62,62,92,111,111,140,140,171,171,186,186,263,263,273,223,242,261,261],"floor_reached":22,"playtime":1097,"items_purged":[],"score":412,"play_id":"bd01ec2d-756e-4c85-b42a-99426b0151a9","local_time":"20190211155345","is_ascension_mode":true,"campfire_choices":[{"data":"Dagger Spray","floor":6.0,"key":"SMITH"},{"floor":11.0,"key":"REST"},{"data":"Noxious Fumes","floor":15.0,"key":"SMITH"}],"neow_cost":"NONE","seed_source_timestamp":0,"circlet_count":0,"master_deck":["AscendersBane","Defend_G","Defend_G","Defend_G+1","Defend_G","Strike_G+1","Strike_G","Survivor","Neutralize","Concentrate","Prepared","Backstab","Dagger Spray+1","PiercingWail","A Thousand Cuts","PiercingWail","Noxious Fumes+1","Bullet Time","Adrenaline","Calculated Gamble+1","Skewer+1","Riddle With Holes+1"],"special_seed":0,"relics":["Runic Pyramid","Art of War","Question Card","Turnip","Orichalcum","Astrolabe"],"potions_floor_usage":[],"damage_taken":[{"damage":0.0,"enemies":"2 Louse","floor":1.0,"turns":4.0},{"damage":0.0,"enemies":"Cultist","floor":2.0,"turns":4.0},{"damage":7.0,"enemies":"Jaw Worm","floor":5.0,"turns":4.0},{"damage":9.0,"enemies":"3 Sentries","floor":7.0,"turns":8.0},{"damage":2.0,"enemies":"Large Slime","floor":8.0,"turns":7.0},{"damage":26.0,"enemies":"Gremlin Nob","floor":10.0,"turns":4.0},{"damage":11.0,"enemies":"Lagavulin","floor":12.0,"turns":7.0},{"damage":1.0,"enemies":"Red Slaver","floor":14.0,"turns":3.0},{"damage":9.0,"enemies":"Hexaghost","floor":16.0,"turns":11.0},{"damage":21,"enemies":"3 Byrds","floor":18,"turns":4},{"damage":1,"enemies":"Chosen","floor":20,"turns":5},{"damage":28,"enemies":"Sentry and Sphere","floor":21,"turns":6},{"damage":6,"enemies":"Cultist and Chosen","floor":22,"turns":5}],"seed_played":"-738370828456586641","potions_obtained":[{"floor":1.0,"key":"Swift Potion"},{"floor":2.0,"key":"Dexterity Potion"},{"floor":7.0,"key":"SkillPotion"},{"floor":10.0,"key":"Explosive Potion"},{"floor":14.0,"key":"Strength Potion"}],"is_trial":false,"path_per_floor":["M","M","?","$","M","R","E","M","T","E","R","E","?","M","R","B",null,"M","?","M","M","M"],"character_chosen":"THE_SILENT","items_purchased":["Backstab"],"campfire_rested":1,"item_purchase_floors":[4],"current_hp_per_floor":[59,59,59,59,52,52,43,41,41,15,34,23,23,22,22,13,53,32,32,31,3,0],"gold":261,"neow_bonus":"BOSS_RELIC","is_prod":false,"is_daily":false,"chose_seed":false,"campfire_upgraded":2,"win_rate":0,"timestamp":1549896825,"path_taken":["M","M","?","$","M","R","E","?","T","E","R","E","?","M","R","BOSS","M","?","M","?","M"],"build_version":"2019-01-23","purchased_purges":0,"victory":false,"max_hp_per_floor":[66,66,66,66,66,66,66,66,66,66,66,66,66,66,66,66,66,66,66,66,66,66],"card_choices":[{"not_picked":["Deadly Poison","Leg Sweep"],"picked":"Concentrate","floor":1.0},{"not_picked":["Quick Slash","Venomology"],"picked":"Prepared","floor":2.0},{"not_picked":["Bouncing Flask","Deflect"],"picked":"Dagger Spray","floor":5.0},{"not_picked":["All Out Attack","Dodge and Roll"],"picked":"PiercingWail","floor":7.0},{"not_picked":["Outmaneuver","Masterful Stab"],"picked":"A Thousand Cuts","floor":8.0},{"not_picked":["Quick Slash","Endless Agony","Flying Knee"],"picked":"PiercingWail","floor":10.0},{"not_picked":["Deadly Poison","Dodge and Roll","Slice"],"picked":"Noxious Fumes","floor":12.0},{"not_picked":["Dodge and Roll","Poisoned Stab","Tactician"],"picked":"Bullet Time","floor":14.0},{"not_picked":["Venomology","Glass Knife","Die Die Die"],"picked":"Adrenaline","floor":16.0},{"not_picked":["Poisoned Stab","Bane","Sucker Punch","Caltrops"],"picked":"SKIP","floor":18},{"not_picked":["Finisher","Slice","Reflex","Deadly Poison"],"picked":"SKIP","floor":20},{"not_picked":["Dodge and Roll","Calculated Gamble","Accuracy","Dagger Throw"],"picked":"SKIP","floor":21}],"player_experience":982027,"relics_obtained":[{"floor":7.0,"key":"Art of War"},{"floor":9.0,"key":"Question Card"},{"floor":10.0,"key":"Turnip"},{"floor":12.0,"key":"Orichalcum"}],"event_choices":[{"cards_removed":["Defend_G"],"damage_healed":0.0,"max_hp_gain":0.0,"max_hp_loss":0.0,"gold_gain":0.0,"event_name":"Bonfire Elementals","player_choice":"Offered Basic","floor":3.0,"gold_loss":0.0,"damage_taken":0.0},{"damage_healed":0.0,"max_hp_gain":0.0,"max_hp_loss":0.0,"gold_gain":0.0,"event_name":"Scrap Ooze","player_choice":"Fled","floor":13.0,"gold_loss":0.0,"damage_taken":0.0},{"damage_healed":0,"gold_gain":0,"player_choice":"Upgraded Two","damage_taken":0,"max_hp_gain":0,"max_hp_loss":0,"event_name":"Designer","floor":19,"gold_loss":50,"cards_upgraded":["Defend_G","Strike_G"]}],"is_beta":false,"boss_relics":[{"not_picked":["Velvet Choker","HoveringKite"],"picked":"Astrolabe"}],"items_purged_floors":[],"is_endless":false,"potions_floor_spawned":[1,2,7,10,14],"killed_by":"Cultist and Chosen","ascension_level":20}