{"gold_per_floor":[216,236,255,235,160,160,193,50,50,77,89,128,157,169,181,270,282,276,307,319,30,44,73,73,73,73,73,73,73,92,92],"floor_reached":31,"playtime":1372,"items_purged":["Strike_G"],"score":460,"play_id":"5b7504ea-1a58-4e62-9505-0d05e40ca49e","local_time":"20190223092536","is_ascension_mode":true,"campfire_choices":[{"data":"Neutralize","floor":6,"key":"SMITH"},{"floor":11,"key":"REST"},{"data":"Dodge and Roll","floor":15,"key":"SMITH"},{"data":"Cloak And Dagger","floor":25,"key":"SMITH"},{"data":"Survivor","floor":29,"key":"SMITH"}],"neow_cost":"NONE","seed_source_timestamp":209018906583996,"circlet_count":0,"master_deck":["AscendersBane","Defend_G","Defend_G","Defend_G","Defend_G","Defend_G","Strike_G","Strike_G","Strike_G","Survivor+1","Neutralize+1","Flying Knee","All Out Attack","Deadly Poison","Poisoned Stab","A Thousand Cuts+1","Dodge and Roll+1","Caltrops+1","Noxious Fumes+1","Wraith Form v2+1","PiercingWail","Cloak And Dagger+1","Writhe","Deflect+1","Backflip"],"relics":["Ring of the Snake","Frozen Egg 2","MawBank","Ninja Scroll","Coffee Dripper","Centennial Puzzle","Tough Bandages","PreservedInsect","Darkstone Periapt"],"potions_floor_usage":[7,19,23,31],"damage_taken":[{"damage":0,"enemies":"2 Louse","floor":1,"turns":4},{"damage":0,"enemies":"Cultist","floor":2,"turns":4},{"damage":7,"enemies":"Small Slimes","floor":3,"turns":3},{"damage":26,"enemies":"Gremlin Nob","floor":7,"turns":5},{"damage":4,"enemies":"3 Louse","floor":10,"turns":2},{"damage":18,"enemies":"Lagavulin","floor":12,"turns":8},{"damage":0,"enemies":"Looter","floor":13,"turns":3},{"damage":22,"enemies":"Hexaghost","floor":16,"turns":8},{"damage":2,"enemies":"2 Thieves","floor":18,"turns":4},{"damage":11,"enemies":"3 Byrds","floor":19,"turns":5},{"damage":1,"enemies":"Snecko","floor":22,"turns":5},{"damage":26,"enemies":"Gremlin Leader","floor":23,"turns":6},{"damage":6,"enemies":"Colosseum Slavers","floor":27,"turns":4},{"damage":0,"enemies":"3 Cultists","floor":30,"turns":6},{"damage":18,"enemies":"Sentry and Sphere","floor":31,"turns":7}],"seed_played":"6538966043002128980","potions_obtained":[{"floor":3,"key":"Strength Potion"},{"floor":4,"key":"LiquidBronze"},{"floor":7,"key":"Swift Potion"},{"floor":19,"key":"AttackPotion"},{"floor":22,"key":"Explosive Potion"},{"floor":30,"key":"Strength Potion"}],"is_trial":false,"path_per_floor":["M","M","M","?","$","R","E","$","T","M","R","E","M","?","R","B",null,"M","M","?","$","M","E","?","R","T","?","?","R","M","M"],"character_chosen":"THE_SILENT","items_purchased":["A Thousand Cuts+1","Tough Bandages"],"campfire_rested":1,"item_purchase_floors":[8,21],"current_hp_per_floor":[59,59,52,52,52,52,26,26,26,22,41,23,23,45,45,23,55,53,42,42,42,41,15,15,15,15,9,9,9,9,0],"gold":92,"neow_bonus":"HUNDRED_GOLD","is_prod":false,"is_daily":false,"chose_seed":false,"campfire_upgraded":4,"win_rate":0,"timestamp":1550942736,"path_taken":["M","M","M","?","$","R","E","?","T","M","R","E","M","?","R","BOSS","M","M","?","$","M","E","?","R","T","?","?","R","?","M"],"build_version":"2019-01-23","purchased_purges":1,"victory":false,"max_hp_per_floor":[66,66,66,66,66,66,66,66,66,66,66,66,66,66,66,66,66,66,66,66,66,66,66,66,66,66,66,66,66,66,66],"card_choices":[{"not_picked":["Setup","Choke"],"picked":"Flying Knee","floor":1},{"not_picked":["Outmaneuver","Bane"],"picked":"All Out Attack","floor":2},{"not_picked":["Flying Knee","Outmaneuver"],"picked":"Deadly Poison","floor":3},{"not_picked":["Expertise","Blade Dance"],"picked":"Poisoned Stab","floor":7},{"not_picked":["Bane","Flying Knee"],"picked":"Dodge and Roll","floor":10},{"not_picked":["Dagger Spray","Corpse Explosion"],"picked":"Caltrops+1","floor":12},{"not_picked":["Backflip","Prepared"],"picked":"Noxious Fumes+1","floor":13},{"not_picked":["Grand Finale","Phantasmal Killer"],"picked":"Wraith Form v2+1","floor":16},{"not_picked":["Dagger Throw","Quick Slash+1"],"picked":"PiercingWail","floor":18},{"not_picked":["Quick Slash","Blade Dance"],"picked":"Cloak And Dagger","floor":19},{"not_picked":["Poisoned Stab","All Out Attack","Flying Knee"],"picked":"SKIP","floor":22},{"not_picked":["Expertise","Crippling Poison+1"],"picked":"Deflect+1","floor":23},{"not_picked":["Dodge and Roll","Acrobatics"],"picked":"Backflip","floor":30}],"player_experience":230117,"relics_obtained":[{"floor":7,"key":"Frozen Egg 2"},{"floor":9,"key":"MawBank"},{"floor":12,"key":"Ninja Scroll"},{"floor":23,"key":"PreservedInsect"},{"floor":26,"key":"Darkstone Periapt"}],"event_choices":[{"damage_healed":0,"gold_gain":0,"player_choice":"Bought 1 Potion","damage_taken":0,"max_hp_gain":0,"max_hp_loss":0,"event_name":"The Woman in Blue","floor":4,"gold_loss":0},{"damage_healed":22,"gold_gain":0,"player_choice":"Banana","damage_taken":0,"max_hp_gain":0,"max_hp_loss":0,"event_name":"Big Fish","floor":14,"gold_loss":0},{"damage_healed":0,"gold_gain":0,"player_choice":"Opened","damage_taken":0,"relics_obtained":["Centennial Puzzle"],"max_hp_gain":0,"max_hp_loss":0,"event_name":"The Mausoleum","floor":20,"gold_loss":0,"cards_obtained":["Writhe"]},{"damage_healed":0,"gold_gain":0,"player_choice":"Fight","damage_taken":0,"max_hp_gain":0,"max_hp_loss":0,"event_name":"Colosseum","floor":27,"gold_loss":0},{"damage_healed":0,"gold_gain":0,"player_choice":"Fled From Nobs","damage_taken":0,"max_hp_gain":0,"max_hp_loss":0,"event_name":"Colosseum","floor":27,"gold_loss":0},{"cards_removed":["Strike_G"],"damage_healed":0,"gold_gain":0,"player_choice":"Elegance","damage_taken":0,"max_hp_gain":0,"max_hp_loss":0,"event_name":"Back to Basics","floor":28,"gold_loss":0}],"is_beta":false,"boss_relics":[{"not_picked":["Ring of the Serpent","Runic Dome"],"picked":"Coffee Dripper"}],"items_purged_floors":[5],"is_endless":false,"potions_floor_spawned":[3,7,10,13,19,22,30],"killed_by":"Sentry and Sphere","ascension_level":15}