{"gold_per_floor":[119,119,11,25,39,70,70,85,85,115,133,1,1,28,28,100,100,111,111,111],"floor_reached":20,"playtime":1076,"items_purged":[],"score":346,"play_id":"8676137e-e4ff-44f5-bd5c-2de469c7bd45","local_time":"20190203195527","is_ascension_mode":true,"campfire_choices":[{"data":"Flame Barrier","floor":7,"key":"SMITH"},{"data":"Armaments","floor":15,"key":"SMITH"}],"neow_cost":"NONE","seed_source_timestamp":504432463154261,"circlet_count":0,"master_deck":["AscendersBane","Strike_R","Strike_R","Strike_R","Strike_R","Strike_R","Defend_R","Defend_R","Defend_R","Defend_R","Bash","Barricade+1","Flame Barrier+1","Iron Wave","Sword Boomerang","Headbutt","Heavy Blade","Power Through","Entrench","Body Slam","Armaments+1","Cleave","Demon Form","Battle Trance","J.A.X."],"relics":["Burning Blood","Bottled Tornado","Girya","Turnip","Torii","Velvet Choker"],"potions_floor_usage":[6,6,10,10,14,14,20,20],"damage_taken":[{"damage":5,"enemies":"2 Louse","floor":1,"turns":4},{"damage":7,"enemies":"Cultist","floor":4,"turns":5},{"damage":12,"enemies":"Jaw Worm","floor":5,"turns":5},{"damage":8,"enemies":"Gremlin Nob","floor":6,"turns":3},{"damage":16,"enemies":"3 Louse","floor":8,"turns":4},{"damage":34,"enemies":"Lagavulin","floor":10,"turns":14},{"damage":11,"enemies":"Looter","floor":11,"turns":3},{"damage":5,"enemies":"3 Sentries","floor":14,"turns":9},{"damage":15,"enemies":"Slime Boss","floor":16,"turns":16},{"damage":12,"enemies":"Chosen","floor":18,"turns":7},{"damage":60,"enemies":"Masked Bandits","floor":20,"turns":5}],"seed_played":"9108119107194384081","potions_obtained":[{"floor":1,"key":"Fire Potion"},{"floor":6,"key":"Swift Potion"},{"floor":8,"key":"BloodPotion"},{"floor":10,"key":"Swift Potion"},{"floor":11,"key":"EssenceOfSteel"},{"floor":16,"key":"Block Potion"},{"floor":18,"key":"LiquidBronze"}],"is_trial":false,"path_per_floor":["M","?","$","M","M","E","R","M","T","E","M","$","?","E","R","B",null,"M","?","?"],"character_chosen":"IRONCLAD","items_purchased":["Iron Wave","PowerPotion","Armaments","Regen Potion"],"campfire_rested":0,"item_purchase_floors":[3,3,12,12],"current_hp_per_floor":[69,69,69,68,62,60,60,50,50,29,24,24,24,40,40,31,64,58,58,0],"gold":111,"neow_bonus":"ONE_RANDOM_RARE_CARD","is_prod":false,"is_daily":false,"chose_seed":false,"campfire_upgraded":2,"win_rate":0,"timestamp":1549252527,"path_taken":["M","?","$","M","M","E","R","?","T","E","?","?","?","E","R","BOSS","M","?","?"],"build_version":"2019-01-23","purchased_purges":0,"victory":false,"max_hp_per_floor":[75,75,75,75,75,75,75,75,75,75,75,75,75,75,75,75,75,75,75,75],"card_choices":[{"not_picked":["Clash","Rampage"],"picked":"Flame Barrier","floor":1},{"not_picked":["Flex","Shockwave"],"picked":"Sword Boomerang","floor":4},{"not_picked":["Warcry","Thunderclap"],"picked":"Headbutt","floor":5},{"not_picked":["Thunderclap","Headbutt"],"picked":"Heavy Blade","floor":6},{"not_picked":["Iron Wave","True Grit"],"picked":"Power Through","floor":8},{"not_picked":["Armaments","Limit Break"],"picked":"Entrench","floor":10},{"not_picked":["Burning Pact","Warcry"],"picked":"Body Slam","floor":11},{"not_picked":["Searing Blow","Barricade"],"picked":"Cleave","floor":14},{"not_picked":["Reaper","Limit Break"],"picked":"Demon Form","floor":16},{"not_picked":["Twin Strike","True Grit"],"picked":"Battle Trance","floor":18}],"player_experience":530744,"relics_obtained":[{"floor":6,"key":"Bottled Tornado"},{"floor":9,"key":"Girya"},{"floor":10,"key":"Turnip"},{"floor":14,"key":"Torii"}],"event_choices":[{"damage_healed":0,"gold_gain":0,"player_choice":"Upgraded","damage_taken":0,"max_hp_gain":0,"max_hp_loss":0,"event_name":"Upgrade Shrine","floor":2,"gold_loss":0,"cards_upgraded":["Barricade"]},{"damage_healed":0,"gold_gain":0,"player_choice":"Ignored","damage_taken":0,"max_hp_gain":0,"max_hp_loss":0,"event_name":"Liars Game","floor":13,"gold_loss":0},{"damage_healed":0,"gold_gain":0,"player_choice":"Obtain J.A.X.","damage_taken":0,"max_hp_gain":0,"max_hp_loss":0,"event_name":"Drug Dealer","floor":19,"gold_loss":0,"cards_obtained":["J.A.X."]},{"damage_healed":0,"gold_gain":0,"player_choice":"Fought Bandits","damage_taken":0,"max_hp_gain":0,"max_hp_loss":0,"event_name":"Masked Bandits","floor":20,"gold_loss":0}],"is_beta":false,"boss_relics":[{"not_picked":["White Beast Statue","Runic Cube"],"picked":"Velvet Choker"}],"items_purged_floors":[],"is_endless":false,"potions_floor_spawned":[1,6,8,10,11,16,18],"killed_by":"Masked Bandits","ascension_level":16}