{"gold_per_floor":[109,109,109,129,129,164,175,175,201,12,25,36,67,80,80,183,183,199,217,217],"floor_reached":20,"playtime":2261,"items_purged":[],"score":186,"play_id":"db462423-a812-4d7a-88a4-e7c2da07d932","local_time":"20190221163038","is_ascension_mode":false,"campfire_choices":[{"floor":8.0,"key":"REST"},{"floor":15.0,"key":"REST"}],"neow_cost":"NONE","seed_source_timestamp":0,"circlet_count":0,"master_deck":["Defend_G","Defend_G","Defend_G","Defend_G","Defend_G+1","Strike_G","Strike_G","Strike_G","Strike_G","Survivor+1","Neutralize","Backflip","Choke","Iron Wave","Blade Dance","Quick Slash","Sadistic Nature","Dagger Throw","Deadly Poison","Dagger Spray","Noxious Fumes","Bullet Time","Burst","Backflip+1","Acrobatics+1","Escape Plan","Outmaneuver+1"],"special_seed":0,"relics":["Ring of the Snake","Ancient Tea Set","War Paint","Prayer Wheel","White Beast Statue"],"potions_floor_usage":[20],"damage_taken":[{"damage":0.0,"enemies":"2 Louse","floor":1.0,"turns":3.0},{"damage":0.0,"enemies":"Jaw Worm","floor":4.0,"turns":6.0},{"damage":48.0,"enemies":"Gremlin Nob","floor":6.0,"turns":6.0},{"damage":2.0,"enemies":"Cultist","floor":7.0,"turns":4.0},{"damage":4.0,"enemies":"Gremlin Gang","floor":11.0,"turns":5.0},{"damage":2.0,"enemies":"Blue Slaver","floor":12.0,"turns":4.0},{"damage":11.0,"enemies":"Lagavulin","floor":13.0,"turns":6.0},{"damage":1.0,"enemies":"3 Louse","floor":14.0,"turns":3.0},{"damage":52.0,"enemies":"Hexaghost","floor":16.0,"turns":10.0},{"damage":0.0,"enemies":"Chosen","floor":18.0,"turns":4.0},{"damage":17.0,"enemies":"Shell Parasite","floor":19.0,"turns":7.0},{"damage":71,"enemies":"Cultist and Chosen","floor":20,"turns":6}],"seed_played":"-5093958398635992282","potions_obtained":[{"floor":7.0,"key":"Weak Potion"},{"floor":11.0,"key":"Strength Potion"},{"floor":18.0,"key":"GamblersBrew"},{"floor":19,"key":"Weak Potion"}],"is_trial":false,"path_per_floor":["M","?","?","M","?","E","M","R","T","$","M","M","E","M","R","B",null,"M","M","M"],"character_chosen":"THE_SILENT","items_purchased":["Sadistic Nature"],"campfire_rested":2,"item_purchase_floors":[10],"current_hp_per_floor":[77,82,82,82,82,34,32,56,56,56,52,50,39,38,62,10,82,82,65,0],"gold":217,"neow_bonus":"TEN_PERCENT_HP_BONUS","is_prod":false,"is_daily":false,"chose_seed":false,"campfire_upgraded":0,"win_rate":0.0,"timestamp":1550737838,"path_taken":["M","?","?","M","?","E","?","R","T","$","M","M","E","M","R","BOSS","M","M","M"],"build_version":"2019-01-23","purchased_purges":0,"victory":false,"max_hp_per_floor":[77,82,82,82,82,82,82,82,82,82,82,82,82,82,82,82,82,82,82,82],"card_choices":[{"not_picked":["Sucker Punch","Distraction"],"picked":"Backflip","floor":1.0},{"not_picked":["Blade Dance","Deflect"],"picked":"Choke","floor":4.0},{"not_picked":["Dodge and Roll","PiercingWail"],"picked":"Blade Dance","floor":6.0},{"not_picked":["Dodge and Roll","Prepared"],"picked":"Quick Slash","floor":7.0},{"not_picked":["Outmaneuver","Slice"],"picked":"Dagger Throw","floor":11.0},{"not_picked":["Sucker Punch","Leg Sweep"],"picked":"Deadly Poison","floor":12.0},{"not_picked":["PiercingWail","Deflect"],"picked":"Dagger Spray","floor":13.0},{"not_picked":["Slice","Outmaneuver"],"picked":"Noxious Fumes","floor":14.0},{"not_picked":["Flying Knee","Predator"],"picked":"Bullet Time","floor":14.0},{"not_picked":["A Thousand Cuts","Venomology"],"picked":"Burst","floor":16.0},{"not_picked":["PiercingWail","Acrobatics"],"picked":"Backflip+1","floor":18.0},{"not_picked":["Caltrops","Riddle With Holes"],"picked":"Acrobatics+1","floor":18.0},{"not_picked":["All Out Attack","Sucker Punch"],"picked":"Escape Plan","floor":19},{"not_picked":["Sucker Punch","Dagger Spray"],"picked":"Outmaneuver+1","floor":19}],"player_experience":22012,"relics_obtained":[{"floor":6.0,"key":"Ancient Tea Set"},{"floor":9.0,"key":"War Paint"},{"floor":13.0,"key":"Prayer Wheel"}],"event_choices":[{"damage_healed":0.0,"max_hp_gain":5.0,"max_hp_loss":0.0,"gold_gain":0.0,"event_name":"Big Fish","player_choice":"Donut","floor":2.0,"gold_loss":0.0,"damage_taken":0.0},{"damage_healed":0.0,"max_hp_gain":0.0,"max_hp_loss":0.0,"gold_gain":0.0,"event_name":"The Cleric","player_choice":"Leave","floor":3.0,"gold_loss":0.0,"damage_taken":0.0},{"cards_removed":["Strike_G"],"damage_healed":0.0,"max_hp_gain":0.0,"max_hp_loss":0.0,"gold_gain":0.0,"event_name":"NoteForYourself","player_choice":"Took Card","floor":5.0,"gold_loss":0.0,"damage_taken":0.0,"cards_obtained":["Iron Wave"]}],"is_beta":false,"boss_relics":[{"not_picked":["Philosopher\u0027s Stone","Cursed Key"],"picked":"White Beast Statue"}],"items_purged_floors":[],"is_endless":false,"potions_floor_spawned":[7,11,18,19],"killed_by":"Cultist and Chosen","ascension_level":0}