{"gold_per_floor":[110,126,201,201,201,235,254,279,325,325,336,367,367,395,395,469,469,487,587,587,602,490,490,154,154,233,248,248,260,276,290,290,367,367,383,393,407,407,407,407,442,442,489,489,507,237,237,337,337,337],"floor_reached":50,"playtime":2023,"items_purged":["Normality"],"score":982,"play_id":"4bf0a74b-08bc-495b-b4da-44eab9ac439f","local_time":"20190227153404","is_ascension_mode":true,"campfire_choices":[{"floor":10.0,"key":"REST"},{"data":"Bouncing Flask","floor":13.0,"key":"SMITH"},{"data":"Neutralize","floor":15.0,"key":"SMITH"},{"floor":23.0,"key":"DIG"},{"floor":25.0,"key":"DIG"},{"floor":28,"key":"DIG"},{"floor":32,"key":"REST"},{"floor":40,"key":"DIG"},{"floor":42,"key":"REST"},{"floor":47,"key":"REST"},{"floor":49,"key":"REST"}],"neow_cost":"NONE","seed_source_timestamp":524261018843327,"circlet_count":0,"master_deck":["AscendersBane","Defend_G","Defend_G","Defend_G","Defend_G","Strike_G","Strike_G","Strike_G+1","Strike_G+1","Strike_G","Survivor","Neutralize+1","Endless Agony","Deadly Poison","Blade Dance","Deflect","Backflip","Bouncing Flask+1","Backflip","Doppelganger","Envenom","Dagger Throw","Noxious Fumes","Endless Agony+1","Noxious Fumes","Discovery","Envenom","Flechettes+1","Infinite Blades","Dagger Spray+1","Burst","Backflip","Leg Sweep","Infinite Blades","Flash of Steel+1","Malaise","Normality","Injury","Finesse","Dash+1"],"special_seed":0,"relics":["Ring of the Snake","NeowsBlessing","Shuriken","PreservedInsect","Ninja Scroll","Anchor","Oddly Smooth Stone","Turnip","Cursed Key","Shovel","Molten Egg 2","Matryoshka","TwistedFunnel","Whetstone","Potion Belt","Letter Opener","Mango","Fusion Hammer","Orichalcum","Bottled Lightning","Regal Pillow","Bronze Scales","Juzu Bracelet","Torii"],"potions_floor_usage":[29,33,37,41,50,50,50],"damage_taken":[{"damage":0.0,"enemies":"Cultist","floor":1.0,"turns":1.0},{"damage":0.0,"enemies":"2 Louse","floor":2.0,"turns":1.0},{"damage":0.0,"enemies":"3 Sentries","floor":6.0,"turns":1.0},{"damage":3.0,"enemies":"Jaw Worm","floor":7.0,"turns":3.0},{"damage":11.0,"enemies":"Lagavulin","floor":8.0,"turns":5.0},{"damage":1.0,"enemies":"Looter","floor":11.0,"turns":2.0},{"damage":0.0,"enemies":"Gremlin Nob","floor":12.0,"turns":3.0},{"damage":7.0,"enemies":"Lagavulin","floor":14.0,"turns":5.0},{"damage":1.0,"enemies":"The Guardian","floor":16.0,"turns":9.0},{"damage":7.0,"enemies":"2 Thieves","floor":18.0,"turns":4.0},{"damage":3.0,"enemies":"Colosseum Slavers","floor":19.0,"turns":2.0},{"damage":7.0,"enemies":"Colosseum Nobs","floor":19.0,"turns":5.0},{"damage":0.0,"enemies":"Spheric Guardian","floor":21.0,"turns":3.0},{"damage":6,"enemies":"Snake Plant","floor":27,"turns":4},{"damage":3,"enemies":"Chosen and Byrds","floor":29,"turns":3},{"damage":10,"enemies":"Shelled Parasite and Fungi","floor":30,"turns":3},{"damage":17,"enemies":"Snake Plant","floor":31,"turns":3},{"damage":20,"enemies":"Champ","floor":33,"turns":7},{"damage":9,"enemies":"Orb Walker","floor":35,"turns":3},{"damage":0,"enemies":"3 Shapes","floor":36,"turns":4},{"damage":1,"enemies":"3 Darklings","floor":37,"turns":5},{"damage":53,"enemies":"Nemesis","floor":41,"turns":6},{"damage":28,"enemies":"Spire Growth","floor":45,"turns":5},{"damage":7,"enemies":"Mind Bloom Boss Battle","floor":48,"turns":7},{"damage":77,"enemies":"Donu and Deca","floor":50,"turns":6}],"seed_played":"3579137877541858551","potions_obtained":[{"floor":2.0,"key":"Energy Potion"},{"floor":6.0,"key":"Fire Potion"},{"floor":8.0,"key":"SkillPotion"},{"floor":18.0,"key":"PowerPotion"},{"floor":19.0,"key":"EssenceOfSteel"},{"floor":27,"key":"Fruit Juice"},{"floor":29,"key":"Block Potion"},{"floor":35,"key":"Block Potion"},{"floor":41,"key":"Block Potion"}],"is_trial":false,"path_per_floor":["M","M","?","?","?","E","M","E","T","R","M","E","R","E","R","B",null,"M","?","?","M","$","R","$","R","T","M","R","M","M","M","R","B",null,"M","M","M","?","?","R","E","R","T","T","M","$","R","?","R","B"],"character_chosen":"THE_SILENT","items_purchased":["Noxious Fumes","Endless Agony+1","Noxious Fumes","TwistedFunnel","Discovery","Block Potion","Dexterity Potion","Finesse"],"campfire_rested":5,"item_purchase_floors":[22,22,24,24,24,46,46,46],"current_hp_per_floor":[59,59,48,41,41,41,38,27,27,46,45,45,45,38,38,37,59,52,42,42,42,42,42,42,42,42,36,50,52,42,25,50,30,71,62,62,61,61,61,61,8,32,32,32,4,4,43,36,75,0],"gold":337,"neow_bonus":"THREE_ENEMY_KILL","is_prod":false,"is_daily":false,"chose_seed":false,"campfire_upgraded":2,"win_rate":0,"timestamp":1551278044,"path_taken":["M","M","?","?","?","E","M","E","T","R","M","E","R","E","R","BOSS","M","?","?","M","?","R","$","R","T","?","R","M","?","M","R","BOSS","M","M","M","?","?","R","E","R","T","?","M","$","R","?","R","BOSS"],"build_version":"2019-01-23","purchased_purges":1,"victory":false,"max_hp_per_floor":[66,66,66,66,66,66,66,66,66,66,66,66,66,66,66,66,66,66,66,66,66,66,66,66,66,66,66,80,85,85,85,85,85,85,85,85,85,85,81,81,81,81,81,81,81,81,81,81,81,81],"card_choices":[{"not_picked":["Acrobatics","Blade Dance"],"picked":"Endless Agony","floor":1.0},{"not_picked":["Masterful Stab","Blade Dance"],"picked":"Deadly Poison","floor":2.0},{"not_picked":["Skewer","Riddle With Holes"],"picked":"Deflect","floor":6.0},{"not_picked":["Deflect","Slice"],"picked":"Backflip","floor":7.0},{"not_picked":["Dagger Throw","Finisher"],"picked":"Bouncing Flask","floor":8.0},{"not_picked":["Blade Dance","Choke","Poisoned Stab"],"picked":"SKIP","floor":11.0},{"not_picked":["Endless Agony","Acrobatics"],"picked":"Backflip","floor":12.0},{"not_picked":["Dagger Spray","Blade Dance"],"picked":"Doppelganger","floor":14.0},{"not_picked":["Night Terror","Doppelganger"],"picked":"Envenom","floor":16.0},{"not_picked":["Poisoned Stab","Prepared"],"picked":"Dagger Throw","floor":18.0},{"not_picked":["Quick Slash+1","All Out Attack+1","Concentrate"],"picked":"SKIP","floor":21.0},{"not_picked":["Skewer+1","Deflect"],"picked":"Envenom","floor":27},{"not_picked":["Prepared","Skewer+1"],"picked":"Flechettes+1","floor":29},{"not_picked":["Outmaneuver+1","Reflex"],"picked":"Infinite Blades","floor":30},{"not_picked":["Sucker Punch+1","Outmaneuver"],"picked":"Dagger Spray+1","floor":31},{"not_picked":["Grand Finale+1","Storm of Steel"],"picked":"Burst","floor":33},{"not_picked":["Bane+1","Outmaneuver"],"picked":"Backflip","floor":35},{"not_picked":["Deflect","Dodge and Roll+1"],"picked":"Leg Sweep","floor":36},{"not_picked":["Distraction+1","Quick Slash+1"],"picked":"Infinite Blades","floor":37},{"not_picked":["Blind","Finesse"],"picked":"Flash of Steel+1","floor":38},{"not_picked":["Heel Hook+1","Dagger Spray+1"],"picked":"Malaise","floor":41},{"not_picked":["Slice+1","Dagger Spray+1","Caltrops"],"picked":"SKIP","floor":45},{"not_picked":["Flying Knee+1","Deflect+1"],"picked":"Dash+1","floor":48}],"player_experience":2328895,"relics_obtained":[{"floor":6.0,"key":"PreservedInsect"},{"floor":8.0,"key":"Ninja Scroll"},{"floor":9.0,"key":"Anchor"},{"floor":12.0,"key":"Oddly Smooth Stone"},{"floor":14.0,"key":"Turnip"},{"floor":19.0,"key":"Shovel"},{"floor":19.0,"key":"Molten Egg 2"},{"floor":23.0,"key":"Matryoshka"},{"floor":25.0,"key":"Whetstone"},{"floor":26.0,"key":"Potion Belt"},{"floor":26.0,"key":"Letter Opener"},{"floor":28,"key":"Mango"},{"floor":40,"key":"Orichalcum"},{"floor":41,"key":"Bottled Lightning"},{"floor":43,"key":"Regal Pillow"},{"floor":43,"key":"Bronze Scales"},{"floor":44,"key":"Juzu Bracelet"},{"floor":48,"key":"Torii"}],"event_choices":[{"damage_healed":0.0,"max_hp_gain":0.0,"max_hp_loss":0.0,"gold_gain":75.0,"event_name":"World of Goop","player_choice":"Gather Gold","floor":3.0,"gold_loss":0.0,"damage_taken":11.0},{"damage_healed":0.0,"max_hp_gain":0.0,"max_hp_loss":0.0,"gold_gain":0.0,"event_name":"Scrap Ooze","player_choice":"Success","floor":4.0,"gold_loss":0.0,"damage_taken":7.0,"relics_obtained":["Shuriken"]},{"damage_healed":0.0,"max_hp_gain":0.0,"max_hp_loss":0.0,"gold_gain":0.0,"cards_transformed":["Defend_G"],"event_name":"Living Wall","player_choice":"Change","floor":5.0,"gold_loss":0.0,"damage_taken":0.0,"cards_obtained":["Blade Dance"]},{"damage_healed":0.0,"max_hp_gain":0.0,"max_hp_loss":0.0,"gold_gain":0.0,"event_name":"Colosseum","player_choice":"Fight","floor":19.0,"gold_loss":0.0,"damage_taken":0.0},{"damage_healed":0.0,"max_hp_gain":0.0,"max_hp_loss":0.0,"gold_gain":0.0,"event_name":"Colosseum","player_choice":"Fought Nobs","floor":19.0,"gold_loss":0.0,"damage_taken":0.0},{"damage_healed":0.0,"max_hp_gain":0.0,"max_hp_loss":0.0,"gold_gain":0.0,"event_name":"Ghosts","player_choice":"Ignored","floor":20.0,"gold_loss":0.0,"damage_taken":0.0},{"damage_healed":0,"gold_gain":0,"player_choice":"Memory 1","damage_taken":0,"max_hp_gain":0,"max_hp_loss":0,"event_name":"SensoryStone","floor":38,"gold_loss":0},{"damage_healed":0,"gold_gain":0,"player_choice":"Max HP","damage_taken":0,"max_hp_gain":0,"max_hp_loss":4,"event_name":"Winding Halls","floor":39,"gold_loss":0},{"damage_healed":0,"gold_gain":0,"player_choice":"Fight","damage_taken":0,"max_hp_gain":0,"max_hp_loss":0,"event_name":"MindBloom","floor":48,"gold_loss":0}],"is_beta":false,"boss_relics":[{"not_picked":["Orrery","Coffee Dripper"],"picked":"Cursed Key"},{"not_picked":["Ring of the Serpent","WristBlade"],"picked":"Fusion Hammer"}],"items_purged_floors":[46],"is_endless":false,"potions_floor_spawned":[2,6,8,18,19,27,29,35,41],"killed_by":"Donu and Deca","ascension_level":14}