{"gold_per_floor":[10,22,297,312,4,35,35,67,67,67,79,79,96,107,107,107],"floor_reached":16,"playtime":682,"items_purged":["Regret"],"score":112,"play_id":"ef645ad3-67a9-42f5-a9ca-b38650bf4678","local_time":"20181126161040","is_ascension_mode":false,"campfire_choices":[{"data":"Footwork","floor":7,"key":"SMITH"},{"data":"Cloak And Dagger","floor":10,"key":"SMITH"},{"data":"Accuracy","floor":12,"key":"SMITH"},{"data":"Blade Dance","floor":15,"key":"SMITH"}],"neow_cost":"NO_GOLD","seed_source_timestamp":338363650199150,"circlet_count":0,"master_deck":["Defend_G","Defend_G","Defend_G","Defend_G","Defend_G","Strike_G","Strike_G","Strike_G","Strike_G","Strike_G","Survivor","Neutralize","Accuracy+1","Slice","Deflect","Footwork+1","Dodge and Roll","Cloak And Dagger+1","Prepared","Blade Dance+1"],"relics":["Ring of the Snake","Unceasing Top","PreservedInsect","Dead Branch","Pantograph","Ninja Scroll"],"potions_floor_usage":[],"damage_taken":[{"damage":10,"enemies":"Small Slimes","floor":1,"turns":6},{"damage":0,"enemies":"Cultist","floor":2,"turns":5},{"damage":1,"enemies":"Jaw Worm","floor":4,"turns":4},{"damage":10,"enemies":"Lagavulin","floor":6,"turns":13},{"damage":11,"enemies":"3 Sentries","floor":8,"turns":7},{"damage":2,"enemies":"Large Slime","floor":11,"turns":6},{"damage":0,"enemies":"Gremlin Gang","floor":13,"turns":4},{"damage":0,"enemies":"Looter","floor":14,"turns":3},{"damage":0,"enemies":"Hexaghost","floor":16,"turns":7}],"seed_played":"1135482816975810697","potions_obtained":[{"floor":2,"key":"SpeedPotion"},{"floor":4,"key":"FairyPotion"},{"floor":11,"key":"FearPotion"}],"is_trial":false,"path_per_floor":["M","M","?","M","$","E","R","E","T","R","M","R","M","M","R","B"],"character_chosen":"THE_SILENT","items_purchased":["Footwork","PreservedInsect"],"campfire_rested":0,"item_purchase_floors":[5,5],"current_hp_per_floor":[60,60,60,59,59,49,49,38,38,38,36,36,36,36,36,61],"gold":107,"neow_bonus":"ONE_RARE_RELIC","is_prod":false,"is_daily":false,"chose_seed":false,"campfire_upgraded":4,"win_rate":0,"timestamp":1543245040,"path_taken":["M","M","?","M","?","E","R","E","T","R","M","R","?","M","R","BOSS"],"build_version":"2018-11-15","purchased_purges":1,"victory":false,"max_hp_per_floor":[70,70,70,70,70,70,70,70,70,70,70,70,70,70,70,70],"card_choices":[{"not_picked":["Flying Knee","Terror"],"picked":"Accuracy","floor":1},{"not_picked":["Acrobatics","Sucker Punch"],"picked":"Slice","floor":2},{"not_picked":["Dagger Throw","Concentrate"],"picked":"Deflect","floor":4},{"not_picked":["PiercingWail","Catalyst"],"picked":"Dodge and Roll","floor":6},{"not_picked":["Bane","Endless Agony"],"picked":"Cloak And Dagger","floor":8},{"not_picked":["PiercingWail","Dagger Throw"],"picked":"Prepared","floor":11},{"not_picked":["Dagger Spray","Flechettes"],"picked":"Blade Dance","floor":13},{"not_picked":["Dash","Noxious Fumes","Poisoned Stab"],"picked":"SKIP","floor":14}],"player_experience":674024,"relics_obtained":[{"floor":6,"key":"Dead Branch"},{"floor":8,"key":"Pantograph"},{"floor":9,"key":"Ninja Scroll"}],"event_choices":[{"damage_healed":0,"gold_gain":275,"player_choice":"Desecrate","damage_taken":0,"max_hp_gain":0,"max_hp_loss":0,"event_name":"Golden Shrine","floor":3,"gold_loss":0,"cards_obtained":["Regret"]}],"is_beta":false,"boss_relics":[],"items_purged_floors":[5],"is_endless":false,"potions_floor_spawned":[2,4,11],"killed_by":"Hexaghost","ascension_level":0}