{"gold_per_floor":[115,115,128,139,89,89,105,105,105,105,130,146,177,177,177,273,273,273,150,75,75,0,0,0,0],"floor_reached":25,"playtime":942,"items_purged":["Strike_R"],"score":352,"play_id":"ba50a20d-db07-4a83-ad7a-f51e4405d51a","local_time":"20180928172911","is_ascension_mode":true,"campfire_choices":[{"data":"Fiend Fire","floor":6,"key":"SMITH"},{"data":"Bash","floor":8,"key":"SMITH"},{"floor":10,"key":"REST"},{"floor":15,"key":"REST"},{"floor":25,"key":"REST"}],"neow_cost":"CURSE","seed_source_timestamp":196654356247589,"circlet_count":0,"master_deck":["Strike_R","Strike_R","Defend_R","Defend_R","Defend_R","Defend_R","Bash+1","AscendersBane","Fiend Fire+1","Sentinel","Disarm","Wild Strike","Second Wind","Pommel Strike","Infernal Blade","Fiend Fire","Infernal Blade+1","True Grit","Metallicize","Regret"],"relics":["Burning Blood","Torii","Gambling Chip","Juzu Bracelet","Ectoplasm"],"potions_floor_usage":[3,11,18,23],"damage_taken":[{"damage":2,"enemies":"Small Slimes","floor":1,"turns":3},{"damage":0,"enemies":"Jaw Worm","floor":3,"turns":1},{"damage":6,"enemies":"Cultist","floor":4,"turns":3},{"damage":33,"enemies":"Large Slime","floor":7,"turns":10},{"damage":35,"enemies":"Gremlin Nob","floor":11,"turns":6},{"damage":10,"enemies":"Lots of Slimes","floor":12,"turns":5},{"damage":26,"enemies":"Lagavulin","floor":13,"turns":5},{"damage":29,"enemies":"The Guardian","floor":16,"turns":13},{"damage":12,"enemies":"3 Byrds","floor":18,"turns":5},{"damage":0,"enemies":"Slavers","floor":23,"turns":1}],"seed_played":"288348665374881435","potions_obtained":[{"floor":1,"key":"SteroidPotion"},{"floor":3,"key":"Ancient Potion"},{"floor":4,"key":"SmokeBomb"},{"floor":16,"key":"SkillPotion"},{"floor":18,"key":"SmokeBomb"}],"is_trial":false,"path_per_floor":["M","?","M","M","?","R","M","R","T","R","E","M","E","?","R","B",null,"M","$","?","?","$","E","?"],"character_chosen":"IRONCLAD","items_purchased":["True Grit","Metallicize"],"campfire_rested":3,"item_purchase_floors":[19,22],"current_hp_per_floor":[76,76,80,80,80,80,53,53,53,77,48,44,24,24,48,25,66,60,60,60,60,60,66,66,80],"gold":0,"neow_bonus":"THREE_RARE_CARDS","is_prod":false,"is_daily":false,"chose_seed":false,"campfire_upgraded":2,"win_rate":0,"timestamp":1538148551,"path_taken":["M","?","?","M","?","R","M","R","T","R","E","M","E","?","R","BOSS","M","$","?","?","$","E","?","R"],"build_version":"2018-09-27","purchased_purges":1,"victory":false,"max_hp_per_floor":[80,80,80,80,80,80,80,80,80,80,80,80,80,80,80,80,80,80,80,80,80,80,80,80,80],"card_choices":[{"not_picked":["Limit Break","Juggernaut"],"picked":"Fiend Fire","floor":0},{"not_picked":["Sword Boomerang","Infernal Blade"],"picked":"Sentinel","floor":1},{"not_picked":["Rage","Body Slam","Anger"],"picked":"SKIP","floor":3},{"not_picked":["Warcry","Wild Strike"],"picked":"Disarm","floor":4},{"not_picked":["Shrug It Off","Pummel"],"picked":"Wild Strike","floor":7},{"not_picked":["Headbutt","Bludgeon"],"picked":"Second Wind","floor":11},{"not_picked":["Havoc","Body Slam"],"picked":"Pommel Strike","floor":12},{"not_picked":["Clash","Blood for Blood"],"picked":"Infernal Blade","floor":13},{"not_picked":["Impervious","Berserk"],"picked":"Fiend Fire","floor":16},{"not_picked":["Dual Wield","Havoc"],"picked":"Infernal Blade+1","floor":18}],"player_experience":450011,"relics_obtained":[{"floor":9,"key":"Torii"},{"floor":11,"key":"Gambling Chip"},{"floor":13,"key":"Juzu Bracelet"}],"event_choices":[{"event_name":"Living Wall","player_choice":"Forget","floor":2,"damage_taken":0},{"event_name":"The Cleric","player_choice":"Card Removal","floor":5,"damage_taken":0},{"event_name":"Liars Game","player_choice":"disagreed","floor":14,"damage_taken":0},{"event_name":"Beggar","player_choice":"Gave Gold","floor":20,"damage_taken":0},{"event_name":"Vampires","player_choice":"Ignored","floor":21,"damage_taken":0},{"event_name":"Golden Shrine","player_choice":"Desecrate","floor":24,"damage_taken":0}],"is_beta":false,"boss_relics":[{"not_picked":["Runic Pyramid","Runic Cube"],"picked":"Ectoplasm"}],"items_purged_floors":[19],"is_endless":false,"potions_floor_spawned":[1,3,4,16,18],"ascension_level":11}