{"gold_per_floor":[213,231,243,213,231,231,264,264,344,356,376,396,425,493,493,598,598,613,613,528,546,546,546,155,155,235,235,235,108,108,123,123,223,223,236,117,131,146,157,157,157,157,180,196,213,113,113,138,138,138],"floor_reached":51,"playtime":2723,"items_purged":["Strike_R+1","Bash","Strike_R+1","Defend_R+1"],"score":851,"play_id":"635c6964-4866-4ea2-b33b-fb14951f06b0","local_time":"20190128195712","is_ascension_mode":true,"campfire_choices":[{"data":"Flex","floor":6,"key":"SMITH"},{"data":"Infernal Blade","floor":8,"key":"SMITH"},{"data":"Cleave","floor":15,"key":"SMITH"},{"data":"Limit Break","floor":23,"key":"SMITH"},{"data":"Sword Boomerang","floor":25,"key":"SMITH"},{"data":"Battle Trance","floor":27,"key":"SMITH"},{"data":"Feed","floor":30,"key":"SMITH"},{"data":"Inflame","floor":32,"key":"SMITH"},{"data":"Battle Trance","floor":40,"key":"SMITH"},{"data":"Ghostly Armor","floor":42,"key":"SMITH"},{"data":"Thunderclap","floor":47,"key":"SMITH"},{"floor":49,"key":"REST"}],"neow_cost":"NONE","seed_source_timestamp":10669927404005,"circlet_count":0,"master_deck":["Strike_R+1","Strike_R+1","Strike_R+1","Defend_R+1","Defend_R+1","Defend_R+1","Inflame+1","Infernal Blade+1","Flex+1","Ghostly Armor+1","Cleave+1","Thunderclap+1","Twin Strike","Battle Trance+1","Limit Break+1","Inflame+1","Sword Boomerang+1","Feed+1","Reaper","Twin Strike+1","Battle Trance+1"],"relics":["Burning Blood","FossilizedHelix","Meat on the Bone","Odd Mushroom","Blood Vial","Mercury Hourglass","Mark of Pain","Smiling Mask","Enchiridion","Regal Pillow","Bag of Preparation","Tiny Chest","Busted Crown","Calipers","Oddly Smooth Stone","Bottled Tornado"],"potions_floor_usage":[4,7,16,33,48,50,50,50],"damage_taken":[{"damage":10,"enemies":"Small Slimes","floor":1,"turns":3},{"damage":6,"enemies":"Cultist","floor":2,"turns":4},{"damage":4,"enemies":"Jaw Worm","floor":3,"turns":4},{"damage":11,"enemies":"Looter","floor":5,"turns":4},{"damage":7,"enemies":"Gremlin Nob","floor":7,"turns":3},{"damage":11,"enemies":"3 Louse","floor":10,"turns":3},{"damage":0,"enemies":"Lots of Slimes","floor":11,"turns":3},{"damage":8,"enemies":"The Mushroom Lair","floor":12,"turns":2},{"damage":10,"enemies":"Lagavulin","floor":13,"turns":4},{"damage":25,"enemies":"Hexaghost","floor":16,"turns":8},{"damage":11,"enemies":"Spheric Guardian","floor":18,"turns":4},{"damage":13,"enemies":"Shell Parasite","floor":21,"turns":3},{"damage":0,"enemies":"Cultist and Chosen","floor":31,"turns":3},{"damage":15,"enemies":"Collector","floor":33,"turns":4},{"damage":26,"enemies":"3 Shapes","floor":35,"turns":3},{"damage":0,"enemies":"Orb Walker","floor":37,"turns":3},{"damage":0,"enemies":"3 Darklings","floor":38,"turns":2},{"damage":0,"enemies":"4 Shapes","floor":39,"turns":2},{"damage":8,"enemies":"Sphere and 2 Shapes","floor":44,"turns":1},{"damage":0,"enemies":"Transient","floor":45,"turns":5},{"damage":57,"enemies":"Nemesis","floor":48,"turns":5},{"damage":22,"enemies":"Time Eater","floor":50,"turns":4}],"seed_played":"6238993349406207208","potions_obtained":[{"floor":3,"key":"EssenceOfSteel"},{"floor":4,"key":"Weak Potion"},{"floor":4,"key":"Fruit Juice"},{"floor":7,"key":"Weak Potion"},{"floor":11,"key":"Ancient Potion"},{"floor":16,"key":"PowerPotion"},{"floor":35,"key":"SpeedPotion"},{"floor":48,"key":"Swift Potion"}],"is_trial":false,"path_per_floor":["?","M","?","T","?","?","?","?","$","$","M","T","M"],"character_chosen":"IRONCLAD","items_purchased":["Sword Boomerang","Regal Pillow","Bag of Preparation","Feed","Battle Trance","SteroidPotion"],"campfire_rested":1,"item_purchase_floors":[24,24,24,29,36,46],"current_hp_per_floor":[68,68,70,75,70,70,69,69,69,64,70,68,64,64,64,59,79,76,76,76,71,55,55,55,55,55,55,55,55,55,67,67,60,82,85,85,89,89,89,89,89,89,89,87,89,89,89,50,89,73],"gold":138,"neow_bonus":"HUNDRED_GOLD","is_prod":false,"is_daily":false,"chose_seed":false,"campfire_upgraded":11,"win_rate":0,"timestamp":1548676632,"path_taken":["M","M","M","?","?","R","E","R","T","M","M","?","E","?","R","BOSS","M","?","?","M","?","R","$","R","T","R","?","?","R","M","R","BOSS","M","?","M","M","?","R","?","R","T","?","M","$","R","E","R","BOSS"],"build_version":"2019-01-23","purchased_purges":4,"victory":true,"max_hp_per_floor":[80,80,80,85,85,85,85,85,85,85,85,85,85,85,85,85,85,85,85,85,85,85,85,85,85,85,85,85,85,85,89,89,89,89,89,89,89,89,89,89,89,89,89,89,89,89,89,89,89,89],"card_choices":[{"not_picked":["Havoc","Intimidate"],"picked":"Inflame","floor":1},{"not_picked":["Headbutt","Body Slam"],"picked":"Infernal Blade","floor":2},{"not_picked":["Thunderclap","Body Slam"],"picked":"Flex","floor":3},{"not_picked":["Disarm","Corruption","Second Wind"],"picked":"SKIP","floor":5},{"not_picked":["Burning Pact","Clothesline"],"picked":"Ghostly Armor","floor":7},{"not_picked":["Shrug It Off","Feel No Pain"],"picked":"Cleave","floor":10},{"not_picked":["Ghostly Armor","Body Slam"],"picked":"Thunderclap","floor":11},{"not_picked":["Perfected Strike","Exhume"],"picked":"Twin Strike","floor":12},{"not_picked":["Seeing Red","Perfected Strike"],"picked":"Battle Trance","floor":13},{"not_picked":["Bludgeon","Brutality"],"picked":"Limit Break","floor":16},{"not_picked":["Blood for Blood+1","Twin Strike","Heavy Blade"],"picked":"SKIP","floor":18},{"not_picked":["Heavy Blade","Flex"],"picked":"Inflame+1","floor":21},{"not_picked":["Inflame","Headbutt","Carnage+1"],"picked":"SKIP","floor":31},{"not_picked":["Demon Form","Immolate"],"picked":"Reaper","floor":33},{"not_picked":[],"picked":"Twin Strike+1","floor":35},{"not_picked":["Shrug It Off"],"picked":"SKIP","floor":37},{"not_picked":["Sever Soul"],"picked":"SKIP","floor":38},{"not_picked":["Sever Soul+1"],"picked":"SKIP","floor":39},{"not_picked":["Fire Breathing+1"],"picked":"SKIP","floor":44},{"not_picked":["Heavy Blade"],"picked":"SKIP","floor":45},{"not_picked":["Bloodletting"],"picked":"SKIP","floor":48}],"player_experience":94268,"relics_obtained":[{"floor":7,"key":"FossilizedHelix"},{"floor":9,"key":"Meat on the Bone"},{"floor":12,"key":"Odd Mushroom"},{"floor":13,"key":"Blood Vial"},{"floor":14,"key":"Mercury Hourglass"},{"floor":22,"key":"Enchiridion"},{"floor":26,"key":"Tiny Chest"},{"floor":41,"key":"Calipers"},{"floor":43,"key":"Oddly Smooth Stone"},{"floor":48,"key":"Bottled Tornado"}],"event_choices":[{"damage_healed":0,"gold_gain":0,"player_choice":"Bought 2 Potions","damage_taken":0,"max_hp_gain":0,"max_hp_loss":0,"event_name":"The Woman in Blue","floor":4,"gold_loss":0},{"damage_healed":0,"gold_gain":0,"player_choice":"Fought Mushrooms","damage_taken":0,"max_hp_gain":0,"max_hp_loss":0,"event_name":"Mushrooms","floor":12,"gold_loss":0},{"damage_healed":0,"gold_gain":0,"player_choice":"Simplicity","damage_taken":0,"max_hp_gain":0,"max_hp_loss":0,"event_name":"Back to Basics","floor":19,"gold_loss":0,"cards_upgraded":["Strike_R","Strike_R","Strike_R","Strike_R","Strike_R","Defend_R","Defend_R","Defend_R","Defend_R"]},{"damage_healed":0,"gold_gain":0,"player_choice":"Obtained Relic","damage_taken":0,"relics_obtained":["Smiling Mask"],"max_hp_gain":0,"max_hp_loss":0,"event_name":"Addict","floor":20,"gold_loss":85},{"damage_healed":0,"gold_gain":0,"player_choice":"Obtained Book","damage_taken":16,"max_hp_gain":0,"max_hp_loss":0,"event_name":"Cursed Tome","floor":22,"gold_loss":0},{"damage_healed":0,"gold_gain":0,"player_choice":"Ignored","damage_taken":0,"max_hp_gain":0,"max_hp_loss":0,"event_name":"Ghosts","floor":28,"gold_loss":0}],"is_beta":false,"boss_relics":[{"not_picked":["Velvet Choker","Coffee Dripper"],"picked":"Mark of Pain"},{"not_picked":["Snecko Eye","Runic Cube"],"picked":"Busted Crown"}],"items_purged_floors":[24,29,36,46],"is_endless":false,"potions_floor_spawned":[3,7,11,16,18,35,37,44,48],"ascension_level":6}