{"gold_per_floor":[117,130,180,191,207,235,235,262,341,104,123,142,142,160,160,234,234,247,18,18,18,18,18,46,46,71,71,82,96,96,116,116,116],"floor_reached":33,"playtime":1831,"items_purged":["Strike_R","Strike_R"],"score":510,"play_id":"ae36cfde-0f81-4753-b0fa-0385bcf77fcd","local_time":"20190114230724","is_ascension_mode":true,"campfire_choices":[{"data":"Pommel Strike","floor":7,"key":"SMITH"},{"data":"Iron Wave","floor":13,"key":"SMITH"},{"floor":15,"key":"REST"},{"data":"Decay","floor":23,"key":"PURGE"},{"data":"Spot Weakness","floor":25,"key":"PURGE"},{"floor":27,"key":"REST"},{"data":"Double Tap","floor":30,"key":"SMITH"},{"data":"Flex","floor":32,"key":"SMITH"}],"neow_cost":"NONE","seed_source_timestamp":437874587494950,"circlet_count":0,"master_deck":["AscendersBane","Defend_R","Defend_R","Defend_R","Defend_R","Bash","Clash","Clash","Iron Wave+1","Headbutt","Pommel Strike+1","Dropkick","Shockwave","Sever Soul","Double Tap+1","Flame Barrier","Bite","Bite","Bite","Bite","Bite","Clash","Iron Wave+1","Flex+1"],"relics":["Burning Blood","Lantern","Incense Burner","Shuriken","Membership Card","Empty Cage","Peace Pipe","Strawberry","Omamori"],"potions_floor_usage":[14,16,21,33,33],"damage_taken":[{"damage":4,"enemies":"2 Louse","floor":1,"turns":3},{"damage":1,"enemies":"Cultist","floor":2,"turns":3},{"damage":0,"enemies":"Small Slimes","floor":4,"turns":3},{"damage":1,"enemies":"2 Fungi Beasts","floor":5,"turns":3},{"damage":30,"enemies":"Gremlin Nob","floor":6,"turns":5},{"damage":30,"enemies":"Lagavulin","floor":8,"turns":5},{"damage":16,"enemies":"Exordium Wildlife","floor":11,"turns":4},{"damage":7,"enemies":"Exordium Thugs","floor":12,"turns":3},{"damage":4,"enemies":"3 Louse","floor":14,"turns":3},{"damage":24,"enemies":"The Guardian","floor":16,"turns":10},{"damage":30,"enemies":"3 Byrds","floor":18,"turns":5},{"damage":34,"enemies":"Colosseum Slavers","floor":21,"turns":5},{"damage":39,"enemies":"Slavers","floor":24,"turns":8},{"damage":5,"enemies":"Chosen","floor":28,"turns":4},{"damage":17,"enemies":"Snake Plant","floor":29,"turns":5},{"damage":22,"enemies":"Chosen and Byrds","floor":31,"turns":6},{"damage":93,"enemies":"Automaton","floor":33,"turns":6}],"seed_played":"-5915476565605625959","potions_obtained":[{"floor":5,"key":"Swift Potion"},{"floor":8,"key":"EssenceOfSteel"},{"floor":14,"key":"FearPotion"},{"floor":28,"key":"Fire Potion"}],"is_trial":false,"path_per_floor":["M","M","?","M","M","E","R","E","T","$","M","M","R","M","R","B",null,"M","$","?","?","?","R","E","R","T","R","M","M","R","M","R","B"],"character_chosen":"IRONCLAD","items_purchased":["Membership Card","Peace Pipe","Regen Potion"],"campfire_rested":2,"item_purchase_floors":[10,19,19],"current_hp_per_floor":[77,82,82,82,82,58,58,34,34,34,24,23,23,25,49,31,69,45,45,45,32,32,32,20,20,20,39,48,47,47,43,43,0],"gold":116,"neow_bonus":"TEN_PERCENT_HP_BONUS","is_prod":false,"is_daily":false,"chose_seed":false,"campfire_upgraded":4,"win_rate":0,"timestamp":1547536044,"path_taken":["M","M","?","?","M","E","R","E","T","$","M","M","R","M","R","BOSS","M","$","?","?","?","R","E","R","T","R","M","M","R","M","R","BOSS"],"build_version":"2019-01-10","purchased_purges":2,"victory":false,"max_hp_per_floor":[82,82,82,82,82,82,82,82,82,82,82,82,82,82,82,82,82,82,82,82,82,57,57,64,64,64,64,64,64,64,64,64,64],"card_choices":[{"not_picked":["Cleave","Sword Boomerang"],"picked":"Clash","floor":1},{"not_picked":["Inflame","Havoc"],"picked":"Clash","floor":2},{"not_picked":["Body Slam","Cleave"],"picked":"Iron Wave","floor":4},{"not_picked":["Thunderclap","Wild Strike"],"picked":"Headbutt","floor":5},{"not_picked":["Warcry","Hemokinesis"],"picked":"Pommel Strike","floor":6},{"not_picked":["Armaments","Heavy Blade"],"picked":"Dropkick","floor":8},{"not_picked":["Armaments","Combust"],"picked":"Shockwave","floor":11},{"not_picked":["Carnage","Fire Breathing"],"picked":"Sever Soul","floor":12},{"not_picked":["Perfected Strike","Barricade"],"picked":"Spot Weakness","floor":14},{"not_picked":["Berserk","Feed"],"picked":"Double Tap","floor":16},{"not_picked":["Thunderclap","Uppercut"],"picked":"Flame Barrier","floor":18},{"not_picked":["Flex","Hemokinesis"],"picked":"Clash","floor":24},{"not_picked":["Body Slam","Spot Weakness"],"picked":"Iron Wave+1","floor":28},{"not_picked":["Anger","Wild Strike"],"picked":"Flex","floor":29},{"not_picked":["Headbutt","Exhume","Power Through"],"picked":"SKIP","floor":31}],"player_experience":483877,"relics_obtained":[{"floor":6,"key":"Lantern"},{"floor":8,"key":"Incense Burner"},{"floor":9,"key":"Shuriken"},{"floor":24,"key":"Strawberry"},{"floor":26,"key":"Omamori"}],"event_choices":[{"damage_healed":0,"gold_gain":50,"player_choice":"Pray","damage_taken":0,"max_hp_gain":0,"max_hp_loss":0,"event_name":"Golden Shrine","floor":3,"gold_loss":0},{"damage_healed":0,"gold_gain":0,"player_choice":"Smashed Altar","damage_taken":0,"max_hp_gain":0,"max_hp_loss":0,"event_name":"Forgotten Altar","floor":20,"gold_loss":0,"cards_obtained":["Decay"]},{"damage_healed":0,"gold_gain":0,"player_choice":"Fight","damage_taken":0,"max_hp_gain":0,"max_hp_loss":0,"event_name":"Colosseum","floor":21,"gold_loss":0},{"damage_healed":0,"gold_gain":0,"player_choice":"Fled From Nobs","damage_taken":0,"max_hp_gain":0,"max_hp_loss":0,"event_name":"Colosseum","floor":21,"gold_loss":0},{"damage_healed":0,"gold_gain":0,"player_choice":"Became a vampire","damage_taken":0,"max_hp_gain":0,"max_hp_loss":25,"event_name":"Vampires","floor":22,"gold_loss":0,"cards_obtained":["Bite","Bite","Bite","Bite","Bite"]}],"is_beta":false,"boss_relics":[{"not_picked":["Busted Crown","Orrery"],"picked":"Empty Cage"}],"items_purged_floors":[10,19],"is_endless":false,"potions_floor_spawned":[5,8,14,21,28,29],"killed_by":"Automaton","ascension_level":15}