{"gold_per_floor":[13,288,299,134,144,144,175,248,336,367,379,391,22,33,33,129,129],"floor_reached":17,"playtime":697,"items_purged":["Regret"],"score":155,"play_id":"b9117eeb-8485-4cad-a1f0-2a938021c521","local_time":"20181126183838","is_ascension_mode":false,"campfire_choices":[{"data":"Glass Knife","floor":6.0,"key":"SMITH"},{"data":"Night Terror","floor":15.0,"key":"SMITH"}],"neow_cost":"NO_GOLD","seed_source_timestamp":0,"circlet_count":0,"master_deck":["Defend_G","Defend_G","Defend_G","Defend_G","Defend_G","Strike_G","Strike_G","Strike_G","Strike_G","Survivor","Neutralize+1","Glass Knife+1","Backflip","Flying Knee","Footwork","Deflect+1","Leg Sweep","Well Laid Plans","Cloak And Dagger","Night Terror+1","Trip","Predator","A Thousand Cuts","Cloak And Dagger","Deflect","Dodge and Roll"],"special_seed":0,"relics":["Ring of the Snake","MawBank","Torii","Letter Opener","Gremlin Horn","Orrery"],"potions_floor_usage":[],"damage_taken":[{"damage":0.0,"enemies":"2 Louse","floor":1.0,"turns":4.0},{"damage":0.0,"enemies":"Cultist","floor":3.0,"turns":3.0},{"damage":1.0,"enemies":"Small Slimes","floor":5.0,"turns":3.0},{"damage":6.0,"enemies":"3 Sentries","floor":7.0,"turns":7.0},{"damage":8.0,"enemies":"3 Sentries","floor":8.0,"turns":6.0},{"damage":0.0,"enemies":"3 Louse","floor":10.0,"turns":3.0},{"damage":0.0,"enemies":"Large Slime","floor":14.0,"turns":4.0},{"damage":4,"enemies":"Hexaghost","floor":16,"turns":12}],"seed_played":"1098859768282741299","potions_obtained":[{"floor":1.0,"key":"Energy Potion"},{"floor":5.0,"key":"PowerPotion"},{"floor":7.0,"key":"Strength Potion"},{"floor":14.0,"key":"AttackPotion"}],"is_trial":false,"path_per_floor":["M","?","M","$","M","R","E","?","T","M","?","?","$","M","R","B",null],"character_chosen":"THE_SILENT","items_purchased":["Footwork","Deflect","Trip","Gremlin Horn","Predator"],"campfire_rested":0,"item_purchase_floors":[4,4,13,13,13],"current_hp_per_floor":[70,70,70,70,69,69,63,55,55,55,41,34,34,34,34,30,70],"gold":129,"neow_bonus":"THREE_RARE_CARDS","is_prod":false,"is_daily":false,"chose_seed":false,"campfire_upgraded":2,"win_rate":0,"timestamp":1543253918,"path_taken":["M","?","?","$","M","R","E","?","T","M","?","?","$","M","R","BOSS"],"build_version":"2018-11-15","purchased_purges":1,"victory":false,"max_hp_per_floor":[70,70,70,70,70,70,70,70,70,70,70,70,70,70,70,70,70],"card_choices":[{"not_picked":["Die Die Die","Tools of the Trade"],"picked":"Glass Knife","floor":0.0},{"not_picked":["Calculated Gamble","Prepared"],"picked":"Backflip","floor":1.0},{"not_picked":["Poisoned Stab","Outmaneuver"],"picked":"Flying Knee","floor":3.0},{"not_picked":["Infinite Blades","Crippling Poison"],"picked":"Leg Sweep","floor":5.0},{"not_picked":["Choke","Calculated Gamble"],"picked":"Well Laid Plans","floor":7.0},{"not_picked":["Dagger Spray","Flying Knee"],"picked":"Cloak And Dagger","floor":8.0},{"not_picked":["Slice","Reflex"],"picked":"Night Terror","floor":10.0},{"not_picked":["Bouncing Flask","Backstab","Underhanded Strike"],"picked":"SKIP","floor":14.0},{"not_picked":["Envenom","Malaise"],"picked":"A Thousand Cuts","floor":16},{"not_picked":["Tactician","Concentrate"],"picked":"Cloak And Dagger","floor":17},{"not_picked":["Outmaneuver","Crippling Poison"],"picked":"Deflect","floor":17},{"not_picked":["Sucker Punch","Expertise"],"picked":"Dodge and Roll","floor":17}],"player_experience":674706,"relics_obtained":[{"floor":7.0,"key":"MawBank"},{"floor":8.0,"key":"Torii"},{"floor":9.0,"key":"Letter Opener"}],"event_choices":[{"damage_healed":0.0,"max_hp_gain":0.0,"max_hp_loss":0.0,"gold_gain":275.0,"event_name":"Golden Shrine","player_choice":"Desecrate","floor":2.0,"gold_loss":0.0,"damage_taken":0.0,"cards_obtained":["Regret"]},{"damage_healed":0.0,"max_hp_gain":0.0,"max_hp_loss":0.0,"gold_gain":0.0,"event_name":"Dead Adventurer","player_choice":"Searched \u00271\u0027 times","floor":8.0,"gold_loss":0.0,"damage_taken":0.0},{"damage_healed":0.0,"max_hp_gain":0.0,"max_hp_loss":0.0,"gold_gain":0.0,"event_name":"Shining Light","player_choice":"Entered Light","floor":11.0,"gold_loss":0.0,"damage_taken":14.0,"cards_upgraded":["Deflect","Neutralize"]},{"cards_removed":["Strike_G"],"damage_healed":0.0,"max_hp_gain":0.0,"max_hp_loss":0.0,"gold_gain":0.0,"event_name":"Golden Wing","player_choice":"Card Removal","floor":12.0,"gold_loss":0.0,"damage_taken":7.0}],"is_beta":false,"boss_relics":[{"not_picked":["Ectoplasm","Black Star"],"picked":"Orrery"}],"items_purged_floors":[4],"is_endless":false,"potions_floor_spawned":[1,5,7,14],"ascension_level":0}