{"gold_per_floor":[18,36,36,36,36,36,36,62,62,79,51,51,70,103,103,103],"floor_reached":16,"playtime":477,"items_purged":[],"score":205,"play_id":"54928444-4b57-4654-8034-b6cc68d1cb15","local_time":"20181225235006","is_ascension_mode":true,"campfire_choices":[{"data":"Barricade","floor":6,"key":"SMITH"},{"data":"True Grit","floor":12,"key":"SMITH"},{"data":"Rampage","floor":15,"key":"SMITH"}],"neow_cost":"NO_GOLD","seed_source_timestamp":386153425766308,"circlet_count":0,"master_deck":["AscendersBane","Strike_R","Strike_R","Strike_R","Strike_R","Strike_R","Defend_R","Defend_R","Defend_R","Defend_R","Bash","Barricade+1","Rampage+1","Double Tap","True Grit+1","Headbutt","Juggernaut"],"relics":["Burning Blood","Omamori","Meat on the Bone","Dodecahedron","Blue Candle"],"potions_floor_usage":[10,14],"damage_taken":[{"damage":14,"enemies":"2 Louse","floor":1,"turns":3},{"damage":6,"enemies":"Jaw Worm","floor":2,"turns":6},{"damage":10,"enemies":"Lagavulin","floor":8,"turns":7},{"damage":7,"enemies":"Cultist","floor":10,"turns":5},{"damage":12,"enemies":"Looter","floor":13,"turns":3},{"damage":43,"enemies":"3 Sentries","floor":14,"turns":10},{"damage":28,"enemies":"Hexaghost","floor":16,"turns":7}],"seed_played":"-4664738406873127702","potions_obtained":[{"floor":8,"key":"Block Potion"},{"floor":10,"key":"Block Potion"},{"floor":13,"key":"Dexterity Potion"}],"is_trial":false,"path_per_floor":["M","M","?","T","?","R","$","E","T","M","$","R","M","E","R","B"],"character_chosen":"IRONCLAD","items_purchased":["True Grit"],"campfire_rested":0,"item_purchase_floors":[11],"current_hp_per_floor":[60,60,60,60,60,60,60,56,56,55,55,55,49,24,24,0],"gold":103,"neow_bonus":"THREE_RARE_CARDS","is_prod":false,"is_daily":false,"chose_seed":false,"campfire_upgraded":3,"win_rate":0,"timestamp":1545778206,"path_taken":["M","M","?","?","?","R","?","E","T","?","$","R","M","E","R","BOSS"],"build_version":"2018-12-20","purchased_purges":0,"victory":false,"max_hp_per_floor":[75,75,75,75,75,75,75,75,75,75,75,75,75,75,75,75],"card_choices":[{"not_picked":["Bludgeon","Double Tap"],"picked":"Barricade","floor":0},{"not_picked":["Perfected Strike","Burning Pact"],"picked":"Rampage","floor":1},{"not_picked":["Sword Boomerang","Wild Strike","Pummel"],"picked":"SKIP","floor":2},{"not_picked":["Flex","Anger"],"picked":"Double Tap","floor":8},{"not_picked":["Spot Weakness","Perfected Strike","Wild Strike"],"picked":"SKIP","floor":10},{"not_picked":["Spot Weakness","Sword Boomerang"],"picked":"Headbutt","floor":13},{"not_picked":["Anger","Dual Wield"],"picked":"Juggernaut","floor":14}],"player_experience":789505,"relics_obtained":[{"floor":4,"key":"Omamori"},{"floor":8,"key":"Meat on the Bone"},{"floor":9,"key":"Dodecahedron"},{"floor":14,"key":"Blue Candle"}],"event_choices":[{"damage_healed":0,"gold_gain":0,"player_choice":"Ignored","damage_taken":0,"max_hp_gain":0,"max_hp_loss":0,"event_name":"Liars Game","floor":3,"gold_loss":0},{"damage_healed":0,"gold_gain":0,"player_choice":"Leave","damage_taken":0,"max_hp_gain":0,"max_hp_loss":0,"event_name":"The Cleric","floor":5,"gold_loss":0}],"is_beta":false,"boss_relics":[],"items_purged_floors":[],"is_endless":false,"potions_floor_spawned":[8,10,13],"killed_by":"Hexaghost","ascension_level":18}