{"gold_per_floor":[219,238,238,50,150,150,185,185,208,233,233,247,247,261,261,364,414,424,25,35,55,69,69,82,82,82,93,103,118,118],"floor_reached":30,"playtime":1643,"items_purged":["Strike_R"],"score":390,"play_id":"aadbf26e-6413-46be-b238-a8263bbaff41","local_time":"20190130005555","is_ascension_mode":true,"campfire_choices":[{"data":"Carnage","floor":6.0,"key":"SMITH"},{"floor":8.0,"key":"REST"},{"data":"Flex","floor":11.0,"key":"SMITH"},{"data":"Bash","floor":13.0,"key":"SMITH"},{"data":"Inflame","floor":15.0,"key":"SMITH"},{"data":"Limit Break","floor":23.0,"key":"SMITH"},{"data":"Inflame","floor":25.0,"key":"SMITH"}],"neow_cost":"NONE","seed_source_timestamp":23407970290273,"circlet_count":0,"master_deck":["AscendersBane","Strike_R","Strike_R","Strike_R","Strike_R","Defend_R+1","Defend_R+1","Defend_R","Defend_R","Bash+1","Battle Trance+1","Flex+1","Carnage+1","Headbutt","Impervious","Inflame+1","Ghostly Armor","Limit Break+1","Heavy Blade","Inflame+1","Cleave","Flex+1","Warcry+1","Inflame","Sword Boomerang"],"special_seed":0,"relics":["Burning Blood","Tiny Chest","Bronze Scales","Blood Vial","Happy Flower","Tiny House","Toxic Egg 2","Bottled Lightning"],"potions_floor_usage":[29],"damage_taken":[{"damage":7.0,"enemies":"Jaw Worm","floor":1.0,"turns":3.0},{"damage":3.0,"enemies":"2 Louse","floor":2.0,"turns":4.0},{"damage":32.0,"enemies":"Lagavulin","floor":7.0,"turns":5.0},{"damage":5.0,"enemies":"Gremlin Nob","floor":10.0,"turns":3.0},{"damage":0.0,"enemies":"Cultist","floor":12.0,"turns":2.0},{"damage":10.0,"enemies":"Gremlin Gang","floor":14.0,"turns":4.0},{"damage":36.0,"enemies":"The Guardian","floor":16.0,"turns":9.0},{"damage":1.0,"enemies":"Spheric Guardian","floor":18.0,"turns":3.0},{"damage":14.0,"enemies":"2 Thieves","floor":20.0,"turns":4.0},{"damage":19.0,"enemies":"Snake Plant","floor":21.0,"turns":3.0},{"damage":5.0,"enemies":"Snecko","floor":22.0,"turns":4.0},{"damage":13.0,"enemies":"Chosen and Byrds","floor":24.0,"turns":4.0},{"damage":38.0,"enemies":"Shelled Parasite and Fungi","floor":27.0,"turns":3.0},{"damage":12.0,"enemies":"3 Cultists","floor":28.0,"turns":4.0},{"damage":28,"enemies":"Cultist and Chosen","floor":29,"turns":5},{"damage":15,"enemies":"Slavers","floor":30,"turns":1}],"seed_played":"8416095316422742856","potions_obtained":[{"floor":2.0,"key":"Swift Potion"},{"floor":10.0,"key":"Fire Potion"},{"floor":17.0,"key":"LiquidBronze"},{"floor":27.0,"key":"Explosive Potion"}],"is_trial":false,"path_per_floor":["?","?","M"],"character_chosen":"IRONCLAD","items_purchased":["Carnage","Tiny Chest","Toxic Egg 2","Inflame"],"campfire_rested":1,"item_purchase_floors":[4,4,19,19],"current_hp_per_floor":[71,74,58,58,58,58,32,56,56,59,59,67,67,65,65,37,74,81,81,75,64,67,67,62,62,62,32,28,8,0],"gold":118,"neow_bonus":"HUNDRED_GOLD","is_prod":false,"is_daily":false,"chose_seed":false,"campfire_upgraded":6,"win_rate":0,"timestamp":1548780955,"path_taken":["M","M","?","$","?","R","E","R","T","E","R","M","R","M","R","BOSS","M","$","M","M","M","R","M","R","T","M","?","M","E"],"build_version":"2019-01-23","purchased_purges":1,"victory":false,"max_hp_per_floor":[80,80,80,80,80,80,80,80,80,80,80,80,80,80,80,80,85,85,85,85,85,85,85,85,85,85,85,85,85,85],"card_choices":[{"not_picked":["Iron Wave","Blood for Blood"],"picked":"Battle Trance","floor":1.0},{"not_picked":["Heavy Blade","Sword Boomerang"],"picked":"Flex","floor":2.0},{"not_picked":["Pommel Strike","Twin Strike"],"picked":"Headbutt","floor":7.0},{"not_picked":["Headbutt","Second Wind"],"picked":"Impervious","floor":10.0},{"not_picked":["Feel No Pain","Combust"],"picked":"Inflame","floor":12.0},{"not_picked":["Cleave","Perfected Strike"],"picked":"Ghostly Armor","floor":14.0},{"not_picked":["Brutality","Impervious"],"picked":"Limit Break","floor":16.0},{"not_picked":["Sentinel","Cleave"],"picked":"Heavy Blade","floor":17.0},{"not_picked":["Anger","Headbutt","Burning Pact"],"picked":"SKIP","floor":18.0},{"not_picked":["Intimidate+1","Entrench+1","Iron Wave"],"picked":"SKIP","floor":20.0},{"not_picked":["Shrug It Off+1","Intimidate+1"],"picked":"Cleave","floor":21.0},{"not_picked":["Iron Wave","Flame Barrier+1"],"picked":"Flex+1","floor":22.0},{"not_picked":["Iron Wave","Havoc+1"],"picked":"Warcry+1","floor":24.0},{"not_picked":["Iron Wave","Inflame","Bludgeon"],"picked":"SKIP","floor":27.0},{"not_picked":["Rampage+1","Cleave"],"picked":"Inflame","floor":28.0},{"not_picked":["Shrug It Off+1","Seeing Red+1"],"picked":"Sword Boomerang","floor":29}],"player_experience":142046,"relics_obtained":[{"floor":7.0,"key":"Bronze Scales"},{"floor":9.0,"key":"Blood Vial"},{"floor":10.0,"key":"Happy Flower"},{"floor":26.0,"key":"Bottled Lightning"}],"event_choices":[{"damage_healed":0.0,"max_hp_gain":0.0,"max_hp_loss":0.0,"gold_gain":0.0,"event_name":"Shining Light","player_choice":"Entered Light","floor":3.0,"gold_loss":0.0,"damage_taken":16.0,"cards_upgraded":["Defend_R","Defend_R"]},{"damage_healed":0.0,"max_hp_gain":0.0,"max_hp_loss":0.0,"gold_gain":100.0,"event_name":"Golden Shrine","player_choice":"Pray","floor":5.0,"gold_loss":0.0,"damage_taken":0.0}],"is_beta":false,"boss_relics":[{"not_picked":["Ectoplasm","Velvet Choker"],"picked":"Tiny House"}],"items_purged_floors":[19],"is_endless":false,"potions_floor_spawned":[2,10,14,18,21,27],"killed_by":"Slavers","ascension_level":12}