{"gold_per_floor":[117,192,8,8,24,38,38,66,66,92,106,106,23,42,42,141,141,158,183,203,203,223,223,238,238,238,337,351,351,370,50,50,50],"floor_reached":33,"playtime":3247,"items_purged":[],"score":307,"play_id":"f2dc095f-6ec2-4bae-8bee-8481c9d10da5","local_time":"20190127045921","is_ascension_mode":false,"campfire_choices":[{"data":"Flex","floor":7,"key":"SMITH"},{"floor":15,"key":"REST"},{"floor":23,"key":"REST"},{"floor":25,"key":"REST"},{"floor":32,"key":"REST"}],"neow_cost":"NONE","seed_source_timestamp":1791481986252784,"circlet_count":0,"master_deck":["Strike_R","Strike_R","Strike_R","Strike_R","Defend_R","Defend_R+1","Defend_R+1","Bash","Flex+1","Combust","Headbutt","Heavy Blade","Rupture","Shockwave+1","Flame Barrier+1","Blind+1","Seeing Red+1","Brutality","Heavy Blade","Battle Trance+1","Intimidate+1","Sword Boomerang+1","Dropkick","Feed","Double Tap+1","The Bomb+1"],"relics":["Burning Blood","Juzu Bracelet","StoneCalendar","Toxic Egg 2","Oddly Smooth Stone","Philosopher\u0027s Stone","Red Mask","MutagenicStrength","War Paint"],"potions_floor_usage":[19,24,24],"damage_taken":[{"damage":13,"enemies":"Jaw Worm","floor":1,"turns":4},{"damage":0,"enemies":"Cultist","floor":5,"turns":3},{"damage":0,"enemies":"2 Louse","floor":6,"turns":2},{"damage":17,"enemies":"Gremlin Nob","floor":8,"turns":3},{"damage":21,"enemies":"3 Sentries","floor":10,"turns":5},{"damage":24,"enemies":"Exordium Wildlife","floor":11,"turns":5},{"damage":0,"enemies":"3 Louse","floor":14,"turns":3},{"damage":7,"enemies":"The Guardian","floor":16,"turns":10},{"damage":22,"enemies":"Shell Parasite","floor":18,"turns":5},{"damage":36,"enemies":"Masked Bandits","floor":19,"turns":5},{"damage":16,"enemies":"3 Byrds","floor":20,"turns":3},{"damage":20,"enemies":"Sentry and Sphere","floor":22,"turns":6},{"damage":30,"enemies":"Cultist and Chosen","floor":24,"turns":7},{"damage":1,"enemies":"Snake Plant","floor":28,"turns":4},{"damage":4,"enemies":"Sentry and Sphere","floor":30,"turns":3},{"damage":73,"enemies":"Collector","floor":33,"turns":6}],"seed_played":"-7636947192639060156","potions_obtained":[{"floor":5,"key":"Dexterity Potion"},{"floor":6,"key":"SpeedPotion"},{"floor":10,"key":"AttackPotion"},{"floor":14,"key":"SmokeBomb"},{"floor":18,"key":"SteroidPotion"},{"floor":19,"key":"Ancient Potion"},{"floor":22,"key":"Block Potion"}],"is_trial":false,"path_per_floor":["?","$","?","?","$","?","?","?","?","$"],"character_chosen":"IRONCLAD","items_purchased":["Uppercut","Juzu Bracelet","Blind+1","Double Tap+1","The Bomb+1"],"campfire_rested":4,"item_purchase_floors":[3,3,13,31,31],"current_hp_per_floor":[73,62,62,62,68,74,74,63,63,48,30,30,30,36,60,59,80,64,34,24,24,10,34,10,34,34,34,39,39,41,41,65,0],"gold":50,"neow_bonus":"REMOVE_CARD","is_prod":false,"is_daily":false,"chose_seed":false,"campfire_upgraded":1,"win_rate":0.0,"timestamp":1548536361,"path_taken":["M","?","?","?","M","M","R","E","T","E","M","?","?","M","R","BOSS","M","?","M","?","M","R","M","R","T","?","M","?","M","?","R","BOSS"],"build_version":"2019-01-23","purchased_purges":0,"victory":false,"max_hp_per_floor":[80,80,80,80,80,80,80,80,80,80,80,80,80,80,80,80,80,80,80,80,80,80,80,80,80,80,80,80,80,80,80,80,80],"card_choices":[{"not_picked":["Shrug It Off","Body Slam"],"picked":"Flex","floor":1},{"not_picked":["Sever Soul","Infernal Blade"],"picked":"Combust","floor":5},{"not_picked":["True Grit","Armaments"],"picked":"Headbutt","floor":6},{"not_picked":["Flex","Pommel Strike"],"picked":"Heavy Blade","floor":8},{"not_picked":["True Grit+1","Sever Soul"],"picked":"Rupture","floor":10},{"not_picked":["Body Slam","Warcry+1"],"picked":"Shockwave+1","floor":11},{"not_picked":["Carnage","Whirlwind"],"picked":"Seeing Red+1","floor":14},{"not_picked":["Berserk","Bludgeon"],"picked":"Brutality","floor":16},{"not_picked":["Twin Strike","Clothesline+1"],"picked":"Heavy Blade","floor":18},{"not_picked":["Headbutt","Clothesline"],"picked":"Battle Trance+1","floor":19},{"not_picked":["Dual Wield+1","Heavy Blade"],"picked":"Intimidate+1","floor":20},{"not_picked":["Rampage+1","Cleave"],"picked":"Sword Boomerang+1","floor":22},{"not_picked":["Pommel Strike","Carnage","Warcry+1"],"picked":"SKIP","floor":24},{"not_picked":["Fire Breathing","Clash"],"picked":"Dropkick","floor":28},{"not_picked":["Sword Boomerang","Anger+1"],"picked":"Feed","floor":30}],"player_experience":19534,"relics_obtained":[{"floor":8,"key":"StoneCalendar"},{"floor":9,"key":"Toxic Egg 2"},{"floor":10,"key":"Oddly Smooth Stone"},{"floor":19,"key":"Red Mask"},{"floor":26,"key":"War Paint"}],"event_choices":[{"damage_healed":0,"gold_gain":75,"player_choice":"Gather Gold","damage_taken":11,"max_hp_gain":0,"max_hp_loss":0,"event_name":"World of Goop","floor":2,"gold_loss":0},{"damage_healed":0,"gold_gain":0,"player_choice":"Leave","damage_taken":0,"max_hp_gain":0,"max_hp_loss":0,"event_name":"The Cleric","floor":4,"gold_loss":0},{"damage_healed":0,"gold_gain":0,"cards_transformed":["Uppercut"],"player_choice":"Change","damage_taken":0,"max_hp_gain":0,"max_hp_loss":0,"event_name":"Living Wall","floor":12,"gold_loss":0,"cards_obtained":["Flame Barrier"]},{"damage_healed":0,"gold_gain":0,"player_choice":"Fought Bandits","damage_taken":0,"max_hp_gain":0,"max_hp_loss":0,"event_name":"Masked Bandits","floor":19,"gold_loss":0},{"damage_healed":0,"gold_gain":0,"player_choice":"Inject Mutagens","damage_taken":0,"relics_obtained":["MutagenicStrength"],"max_hp_gain":0,"max_hp_loss":0,"event_name":"Drug Dealer","floor":21,"gold_loss":0},{"damage_healed":0,"gold_gain":99,"player_choice":"Stole From Cult","damage_taken":0,"max_hp_gain":0,"max_hp_loss":0,"event_name":"Nest","floor":27,"gold_loss":0},{"cards_removed":["Strike_R"],"damage_healed":0,"gold_gain":0,"player_choice":"Offered Basic","damage_taken":0,"max_hp_gain":0,"max_hp_loss":0,"event_name":"Bonfire Elementals","floor":29,"gold_loss":0}],"is_beta":false,"boss_relics":[{"not_picked":["Ectoplasm","Cursed Key"],"picked":"Philosopher\u0027s Stone"}],"items_purged_floors":[],"is_endless":false,"potions_floor_spawned":[5,6,10,14,16,18,19,22],"killed_by":"Collector","ascension_level":0}