{"gold_per_floor":[115,126,22,22,22,55,55,83,83,100,100,115,132,57,57,57],"floor_reached":16,"playtime":1247,"items_purged":["Defend_R"],"score":127,"play_id":"8f42aa08-56e9-45c8-bab3-679d48ea775c","local_time":"20180912183949","is_ascension_mode":true,"campfire_choices":[{"floor":7,"key":"REST"},{"floor":11,"key":"REST"},{"floor":15,"key":"REST"}],"neow_cost":"NONE","seed_source_timestamp":96504680753486,"circlet_count":0,"master_deck":["Strike_R","Strike_R","Strike_R","Strike_R","Strike_R","Defend_R","Defend_R","Bash","Thunderclap","Perfected Strike","Finesse","Fire Breathing","Rage","Corruption","Ghostly Armor"],"relics":["Burning Blood","Question Card","Shuriken","Ornamental Fan"],"potions_floor_usage":[16,16],"damage_taken":[{"damage":8,"enemies":"Jaw Worm","floor":1,"turns":6},{"damage":14,"enemies":"Small Slimes","floor":2,"turns":5},{"damage":55,"enemies":"Lagavulin","floor":6,"turns":7},{"damage":44,"enemies":"3 Sentries","floor":8,"turns":11},{"damage":0,"enemies":"Cultist","floor":10,"turns":3},{"damage":9,"enemies":"Blue Slaver","floor":12,"turns":4},{"damage":3,"enemies":"Exordium Thugs","floor":13,"turns":4},{"damage":99,"enemies":"The Guardian","floor":16,"turns":13}],"seed_played":"306207843440365097","potions_obtained":[{"floor":8,"key":"SteroidPotion"},{"floor":10,"key":"Ancient Potion"},{"floor":12,"key":"FearPotion"}],"is_trial":false,"path_per_floor":["M","M","$","?","?","E","R","E","T","M","R","M","M","$","R"],"character_chosen":"IRONCLAD","items_purchased":["Finesse"],"campfire_rested":3,"item_purchase_floors":[3],"current_hp_per_floor":[86,78,78,78,78,29,55,17,17,23,49,46,49,49,75,0],"gold":57,"neow_bonus":"TEN_PERCENT_HP_BONUS","is_prod":false,"is_daily":false,"chose_seed":false,"campfire_upgraded":0,"win_rate":0,"timestamp":1536802789,"path_taken":["M","M","$","?","?","E","R","E","T","M","R","M","?","?","R","BOSS"],"build_version":"2018-09-06","purchased_purges":1,"victory":false,"max_hp_per_floor":[88,88,88,88,88,88,88,88,88,88,88,88,88,88,88,88],"card_choices":[{"not_picked":["Heavy Blade","Warcry"],"picked":"Thunderclap","floor":1},{"not_picked":["Seeing Red","Disarm"],"picked":"Perfected Strike","floor":2},{"not_picked":["Second Wind","Heavy Blade"],"picked":"Fire Breathing","floor":6},{"not_picked":["Body Slam","Twin Strike","Searing Blow"],"picked":"Rage","floor":8},{"not_picked":["Cleave","Havoc","Perfected Strike","Whirlwind"],"picked":"SKIP","floor":10},{"not_picked":["Fire Breathing","Havoc","Juggernaut"],"picked":"Corruption","floor":12},{"not_picked":["Thunderclap","Cleave","Metallicize"],"picked":"Ghostly Armor","floor":13}],"player_experience":227428,"relics_obtained":[{"floor":6,"key":"Question Card"},{"floor":8,"key":"Shuriken"},{"floor":9,"key":"Ornamental Fan"}],"event_choices":[{"event_name":"The Cleric","player_choice":"Leave","floor":4,"damage_taken":0},{"event_name":"Purifier","player_choice":"One Purge","floor":5,"damage_taken":0}],"is_beta":false,"boss_relics":[],"items_purged_floors":[14],"is_endless":false,"potions_floor_spawned":[8,10,12],"killed_by":"The Guardian","ascension_level":3}