{"gold_per_floor":[113,128,128,10,25,25,40,40,63,91,109,109,109,125,125,201,201,217,217,233,233,245,245,145,145,145,179,179,11,28,61,61,138,138,151,151,13,1012,1022,1022,1052,1052,1076,1091,1030,459,459],"floor_reached":47,"playtime":5056,"items_purged":["Strike_B","Defend_B","Defend_B","Normality"],"score":909,"play_id":"5ce8a59d-7f31-436b-9026-e54568f9a211","local_time":"20181030231018","is_ascension_mode":true,"campfire_choices":[{"data":"Defragment","floor":6.0,"key":"SMITH"},{"data":"Streamline","floor":8.0,"key":"SMITH"},{"data":"Echo Form","floor":13.0,"key":"SMITH"},{"data":"Coolheaded","floor":15.0,"key":"SMITH"},{"data":"Hyperbeam","floor":23.0,"key":"SMITH"},{"data":"Hologram","floor":25.0,"key":"SMITH"},{"data":"Self Repair","floor":28.0,"key":"SMITH"},{"floor":32.0,"key":"REST"},{"data":"Blizzard","floor":40.0,"key":"SMITH"},{"floor":42.0,"key":"REST"}],"neow_cost":"NONE","seed_source_timestamp":293277802763845,"circlet_count":0,"master_deck":["Defend_B","Zap","Dualcast","AscendersBane","Streamline+1","Defragment+1","Echo Form+1","Self Repair+1","Auto Shields","Coolheaded","Coolheaded+1","Biased Cognition","Turbo","Hyperbeam+1","Hologram+1","Blizzard+1","Defragment","Steam Power","Glacier+1","Echo Form","Capacitor","Normality","Parasite","Metamorphosis+1"],"special_seed":0,"relics":["White Beast Statue","Smiling Mask","Art of War","Busted Crown","Ginger","Meat on the Bone","Blue Candle","Philosopher\u0027s Stone","Toxic Egg 2","Blood Vial","Boot","Incense Burner"],"potions_floor_usage":[],"damage_taken":[{"damage":9.0,"enemies":"Jaw Worm","floor":1.0,"turns":5.0},{"damage":1.0,"enemies":"Cultist","floor":2.0,"turns":3.0},{"damage":10.0,"enemies":"Small Slimes","floor":5.0,"turns":4.0},{"damage":11.0,"enemies":"3 Louse","floor":7.0,"turns":3.0},{"damage":1.0,"enemies":"Lagavulin","floor":10.0,"turns":5.0},{"damage":8.0,"enemies":"Large Slime","floor":11.0,"turns":5.0},{"damage":13.0,"enemies":"Lots of Slimes","floor":14.0,"turns":9.0},{"damage":14.0,"enemies":"Hexaghost","floor":16.0,"turns":9.0},{"damage":8.0,"enemies":"Spheric Guardian","floor":18.0,"turns":6.0},{"damage":4.0,"enemies":"Chosen","floor":20.0,"turns":6.0},{"damage":11.0,"enemies":"Centurion and Healer","floor":22.0,"turns":6.0},{"damage":6.0,"enemies":"Book of Stabbing","floor":27.0,"turns":5.0},{"damage":16.0,"enemies":"Cultist and Chosen","floor":30.0,"turns":6.0},{"damage":39.0,"enemies":"Gremlin Leader","floor":31.0,"turns":4.0},{"damage":28.0,"enemies":"Collector","floor":33.0,"turns":12.0},{"damage":11.0,"enemies":"Orb Walker","floor":35.0,"turns":7.0},{"damage":25.0,"enemies":"3 Shapes","floor":39.0,"turns":3.0},{"damage":34.0,"enemies":"Giant Head","floor":41.0,"turns":10.0},{"damage":36.0,"enemies":"Writhing Mass","floor":44.0,"turns":7.0},{"damage":64,"enemies":"Reptomancer","floor":47,"turns":2}],"seed_played":"2882277398519370621","potions_obtained":[{"floor":1.0,"key":"Ancient Potion"},{"floor":2.0,"key":"Fire Potion"},{"floor":5.0,"key":"Dexterity Potion"},{"floor":7.0,"key":"SkillPotion"},{"floor":10.0,"key":"Ancient Potion"},{"floor":11.0,"key":"Swift Potion"},{"floor":14.0,"key":"PowerPotion"},{"floor":16.0,"key":"Energy Potion"},{"floor":18.0,"key":"Regen Potion"},{"floor":27.0,"key":"EssenceOfSteel"},{"floor":30.0,"key":"SteroidPotion"},{"floor":31.0,"key":"SteroidPotion"},{"floor":35.0,"key":"Energy Potion"},{"floor":39.0,"key":"Energy Potion"}],"is_trial":false,"path_per_floor":["M","M","?","$","M","R","M","R","T","E","M","?","R","M","R","B",null,"M","?","M","?","M","R","$","R","T","E","R","$","M","E","R","B",null,"M","?","$","?","M","R","E","R","T","M","?","$"],"character_chosen":"DEFECT","items_purchased":["Defragment","Hologram","Blizzard","Defragment","Capacitor","Incense Burner","Metamorphosis+1"],"campfire_rested":2,"item_purchase_floors":[4,24,29,29,37,46,46],"current_hp_per_floor":[55,54,54,54,44,44,33,33,33,39,31,31,31,32,32,32,61,60,60,63,63,59,59,59,59,59,71,71,71,65,38,59,53,67,71,71,71,71,46,46,34,55,55,53,53,53,0],"gold":459,"neow_bonus":"BOSS_RELIC","is_prod":false,"is_daily":false,"chose_seed":false,"campfire_upgraded":8,"win_rate":0,"timestamp":1540937418,"path_taken":["M","M","?","$","M","R","M","R","T","E","?","?","R","M","R","BOSS","M","?","M","?","M","R","$","R","T","E","R","$","M","E","R","BOSS","M","?","$","?","?","R","E","R","T","M","?","?","E"],"build_version":"2018-10-25v2","purchased_purges":4,"victory":false,"max_hp_per_floor":[71,71,71,71,71,71,71,71,71,71,71,71,71,71,71,71,71,71,71,71,71,71,71,71,71,71,71,71,71,71,71,71,71,71,71,71,71,71,71,71,71,71,71,71,71,71,71],"card_choices":[{"not_picked":["Tempest","Chill"],"picked":"Streamline","floor":1.0},{"not_picked":["Storm","Barrage","Turbo"],"picked":"SKIP","floor":2.0},{"not_picked":["Sweeping Beam","Redo"],"picked":"Echo Form","floor":5.0},{"not_picked":["Sweeping Beam","Double Energy"],"picked":"Self Repair","floor":7.0},{"not_picked":["Redo","Skim"],"picked":"Auto Shields","floor":10.0},{"not_picked":["Reprogram","Lockon"],"picked":"Coolheaded","floor":11.0},{"not_picked":["Compile Driver","Steam Power"],"picked":"Coolheaded","floor":14.0},{"not_picked":["Creative AI","Reboot"],"picked":"Biased Cognition","floor":16.0},{"not_picked":["Cold Snap"],"picked":"SKIP","floor":18.0},{"not_picked":["Barrage"],"picked":"SKIP","floor":20.0},{"not_picked":["Streamline"],"picked":"SKIP","floor":22.0},{"not_picked":["Turbo"],"picked":"SKIP","floor":27.0},{"not_picked":[],"picked":"Steam Power","floor":30.0},{"not_picked":[],"picked":"Glacier+1","floor":31.0},{"not_picked":[],"picked":"Echo Form","floor":33.0},{"not_picked":["Hologram"],"picked":"SKIP","floor":35.0},{"not_picked":["Hologram"],"picked":"SKIP","floor":35.0},{"not_picked":["Beam Cell"],"picked":"SKIP","floor":39.0},{"not_picked":["Sweeping Beam"],"picked":"SKIP","floor":41.0},{"not_picked":["Steam Power+1"],"picked":"SKIP","floor":44.0}],"player_experience":604267,"relics_obtained":[{"floor":9.0,"key":"Smiling Mask"},{"floor":10.0,"key":"Art of War"},{"floor":26.0,"key":"Ginger"},{"floor":27.0,"key":"Meat on the Bone"},{"floor":31.0,"key":"Blue Candle"},{"floor":41.0,"key":"Toxic Egg 2"},{"floor":43.0,"key":"Blood Vial"}],"event_choices":[{"cards_removed":["Strike_B"],"damage_healed":0.0,"max_hp_gain":0.0,"max_hp_loss":0.0,"gold_gain":0.0,"event_name":"Purifier","player_choice":"Purged","floor":3.0,"gold_loss":0.0,"damage_taken":0.0},{"cards_removed":["Strike_B"],"damage_healed":0.0,"max_hp_gain":0.0,"max_hp_loss":0.0,"gold_gain":0.0,"event_name":"Living Wall","player_choice":"Forget","floor":12.0,"gold_loss":0.0,"damage_taken":0.0},{"damage_healed":0.0,"max_hp_gain":0.0,"max_hp_loss":0.0,"gold_gain":0.0,"cards_transformed":["Strike_B","Defend_B"],"event_name":"Drug Dealer","player_choice":"Became Test Subject","floor":19.0,"gold_loss":0.0,"damage_taken":0.0,"cards_obtained":["Turbo","Hyperbeam"]},{"damage_healed":0.0,"max_hp_gain":0.0,"max_hp_loss":0.0,"gold_gain":0.0,"event_name":"Vampires","player_choice":"Ignored","floor":21.0,"gold_loss":0.0,"damage_taken":0.0},{"damage_healed":0.0,"max_hp_gain":0.0,"max_hp_loss":0.0,"gold_gain":0.0,"event_name":"Mysterious Sphere","player_choice":"Ignored","floor":36.0,"gold_loss":0.0,"damage_taken":0.0},{"damage_healed":0.0,"max_hp_gain":0.0,"max_hp_loss":0.0,"gold_gain":999.0,"event_name":"MindBloom","player_choice":"Gold","floor":38.0,"gold_loss":0.0,"damage_taken":0.0,"cards_obtained":["Normality","Normality"]},{"damage_healed":0.0,"max_hp_gain":0.0,"max_hp_loss":0.0,"gold_gain":0.0,"event_name":"WeMeetAgain","player_choice":"Paid Gold","floor":45.0,"gold_loss":61.0,"damage_taken":0.0,"relics_obtained":["Boot"]}],"is_beta":false,"boss_relics":[{"not_picked":["Velvet Choker","Runic Pyramid"],"picked":"Busted Crown"},{"not_picked":["Coffee Dripper","Orrery"],"picked":"Philosopher\u0027s Stone"}],"items_purged_floors":[4,24,37,46],"is_endless":false,"potions_floor_spawned":[1,2,5,7,10,11,14,16,18,20,22,27,30,31,33,35,39,41,44],"killed_by":"Reptomancer","ascension_level":16}