{"gold_per_floor":[111,61,72,72,90,120,120,150,213,150,161,161,161,181,181,256,306,320,330,330,330,340,340,62,62,87,102,102,129,140,140,140,217,217,228,128,128,128,128,128,154,172,226,242,242,273,290,290,290,290,290,290,25,50,50],"floor_reached":56,"playtime":2967,"items_purged":["Strike_R","Sword Boomerang"],"score":2095,"play_id":"46bd8af4-3b3f-4b26-849c-269b485b57be","local_time":"20190220030613","is_ascension_mode":true,"campfire_choices":[{"data":"Body Slam","floor":12.0,"key":"SMITH"},{"data":"Second Wind","floor":15.0,"key":"SMITH"},{"data":"Battle Trance","floor":25.0,"key":"SMITH"},{"data":"Power Through","floor":28.0,"key":"SMITH"},{"data":"Power Through","floor":32.0,"key":"SMITH"},{"data":"Barricade","floor":40.0,"key":"SMITH"},{"data":"Feel No Pain","floor":45.0,"key":"SMITH"},{"floor":49.0,"key":"RECALL"},{"data":"Disarm","floor":52.0,"key":"SMITH"}],"neow_cost":"NONE","seed_source_timestamp":271070093385600,"circlet_count":0,"master_deck":["AscendersBane","Bash","Battle Trance+1","Body Slam+1","Second Wind+1","Power Through+1","Sever Soul","Disarm+1","Iron Wave","Power Through+1","Second Wind+1","Pummel","Battle Trance+1","Barricade+1","Reaper","Second Wind","Feel No Pain+1"],"special_seed":0,"relics":["Burning Blood","NeowsBlessing","Mercury Hourglass","MawBank","PreservedInsect","Tiny House","Pantograph","Sundial","Happy Flower","Pandora\u0027s Box","Question Card","Darkstone Periapt","Red Skull","Kunai","Bottled Lightning","Pen Nib"],"potions_floor_usage":[54,55],"damage_taken":[{"damage":0.0,"enemies":"Cultist","floor":1.0,"turns":1.0},{"damage":0.0,"enemies":"Jaw Worm","floor":3.0,"turns":1.0},{"damage":2.0,"enemies":"2 Louse","floor":5.0,"turns":2.0},{"damage":65.0,"enemies":"3 Sentries","floor":6.0,"turns":20.0},{"damage":5.0,"enemies":"Lagavulin","floor":8.0,"turns":5.0},{"damage":2.0,"enemies":"Exordium Wildlife","floor":11.0,"turns":4.0},{"damage":0.0,"enemies":"2 Fungi Beasts","floor":14.0,"turns":4.0},{"damage":31.0,"enemies":"The Guardian","floor":16.0,"turns":12.0},{"damage":0.0,"enemies":"3 Byrds","floor":18.0,"turns":6.0},{"damage":29.0,"enemies":"Shell Parasite","floor":19.0,"turns":10.0},{"damage":7.0,"enemies":"Snake Plant","floor":22.0,"turns":5.0},{"damage":11.0,"enemies":"Cultist and Chosen","floor":27.0,"turns":9.0},{"damage":14.0,"enemies":"Gremlin Leader","floor":29.0,"turns":6.0},{"damage":7.0,"enemies":"3 Cultists","floor":30.0,"turns":6.0},{"damage":41.0,"enemies":"Automaton","floor":33.0,"turns":13.0},{"damage":0.0,"enemies":"Orb Walker","floor":35.0,"turns":4.0},{"damage":0.0,"enemies":"Giant Head","floor":41.0,"turns":5.0},{"damage":0.0,"enemies":"3 Shapes","floor":42.0,"turns":7.0},{"damage":0.0,"enemies":"Sphere and 2 Shapes","floor":44.0,"turns":7.0},{"damage":41.0,"enemies":"Reptomancer","floor":46.0,"turns":6.0},{"damage":4.0,"enemies":"Jaw Worm Horde","floor":47.0,"turns":5.0},{"damage":34.0,"enemies":"Awakened One","floor":50.0,"turns":9.0},{"damage":12,"enemies":"Shield and Spear","floor":54,"turns":4},{"damage":37,"enemies":"The Heart","floor":55,"turns":11}],"seed_played":"6211222018556539962","potions_obtained":[{"floor":1.0,"key":"Energy Potion"},{"floor":6.0,"key":"SkillPotion"},{"floor":19.0,"key":"Fruit Juice"},{"floor":33.0,"key":"Block Potion"},{"floor":44.0,"key":"SpeedPotion"},{"floor":47.0,"key":"GamblersBrew"},{"floor":54,"key":"FearPotion"}],"is_trial":false,"path_per_floor":["M","$","M","?","M","E","?","E","T","$","M","R","?","M","R","B",null,"M","M","T","?","M","?","$","R","T","M","R","E","M","?","R","B",null,"M","$","?","?","T","R","E","M","T","M","R","E","M","?","R","B",null,"R","$","E","B",null],"character_chosen":"IRONCLAD","items_purchased":["Body Slam","Sundial","Bottled Lightning"],"campfire_rested":0,"item_purchase_floors":[2,24,53],"current_hp_per_floor":[74,74,75,68,72,13,38,39,39,39,43,43,43,49,49,24,67,73,55,55,55,54,54,54,54,54,49,49,41,40,40,40,30,71,81,81,81,81,81,81,81,81,81,81,81,51,53,53,53,58,75,75,75,69,54],"gold":50,"neow_bonus":"THREE_ENEMY_KILL","is_prod":false,"is_daily":false,"chose_seed":false,"campfire_upgraded":8,"win_rate":0,"timestamp":1550603173,"path_taken":["M","$","?","?","M","E","?","E","T","?","M","R","?","M","R","BOSS","M","M","?","?","M","?","$","R","T","M","R","E","?","?","R","BOSS","M","$","?","?","?","R","E","M","T","M","R","E","M","?","R","BOSS","R","$","E","BOSS"],"build_version":"2019-02-06","purchased_purges":2,"victory":true,"max_hp_per_floor":[75,75,75,75,75,75,75,75,75,75,75,75,75,75,75,75,80,80,85,85,85,85,85,85,85,85,85,85,85,85,85,85,85,85,85,85,85,81,81,81,81,81,81,81,81,81,81,81,81,81,81,81,81,81,81],"card_choices":[{"not_picked":["Metallicize","Heavy Blade"],"picked":"Battle Trance","floor":1.0},{"not_picked":["Anger","Iron Wave"],"picked":"Second Wind","floor":3.0},{"not_picked":["Anger","Pummel"],"picked":"Power Through","floor":5.0},{"not_picked":["Clash","True Grit"],"picked":"Sever Soul","floor":6.0},{"not_picked":["True Grit","Perfected Strike"],"picked":"Disarm","floor":8.0},{"not_picked":["Perfected Strike","Clash"],"picked":"Iron Wave","floor":11.0},{"not_picked":["Clothesline","Warcry","Dropkick"],"picked":"SKIP","floor":14.0},{"not_picked":["Armaments","True Grit","Flex"],"picked":"SKIP","floor":18.0},{"not_picked":["Sword Boomerang","Seeing Red"],"picked":"Power Through","floor":19.0},{"not_picked":["Rage","Iron Wave","Burning Pact"],"picked":"SKIP","floor":22.0},{"not_picked":["Heavy Blade","Carnage","Perfected Strike"],"picked":"SKIP","floor":27.0},{"not_picked":["Sever Soul+1","Rage","Reckless Charge"],"picked":"SKIP","floor":29.0},{"not_picked":["Sever Soul+1","Rage","Reckless Charge"],"picked":"SKIP","floor":29.0},{"not_picked":["Whirlwind","Seeing Red+1","Warcry"],"picked":"SKIP","floor":30.0},{"not_picked":["Feed","Dark Embrace"],"picked":"Barricade","floor":33.0},{"not_picked":["Sword Boomerang+1","Heavy Blade","Warcry"],"picked":"SKIP","floor":35.0},{"not_picked":["Headbutt","Body Slam","Twin Strike+1","Wild Strike"],"picked":"SKIP","floor":41.0},{"not_picked":["Clash+1","Headbutt","Hemokinesis+1","Warcry"],"picked":"SKIP","floor":42.0},{"not_picked":["Spot Weakness","Armaments","Power Through","Reckless Charge"],"picked":"SKIP","floor":44.0},{"not_picked":["Spot Weakness","Armaments","Power Through","Reckless Charge"],"picked":"SKIP","floor":44.0},{"not_picked":["Perfected Strike","Rage","Second Wind","Dropkick"],"picked":"SKIP","floor":46.0},{"not_picked":["Heavy Blade","Dual Wield","Wild Strike","Headbutt+1"],"picked":"SKIP","floor":47.0},{"not_picked":["Shrug It Off","Intimidate+1","Ghostly Armor+1","Havoc+1"],"picked":"SKIP","floor":54}],"player_experience":725637,"relics_obtained":[{"floor":6.0,"key":"Mercury Hourglass"},{"floor":8.0,"key":"MawBank"},{"floor":9.0,"key":"PreservedInsect"},{"floor":20.0,"key":"Pantograph"},{"floor":29.0,"key":"Happy Flower"},{"floor":39.0,"key":"Question Card"},{"floor":41.0,"key":"Darkstone Periapt"},{"floor":43.0,"key":"Red Skull"},{"floor":46.0,"key":"Kunai"},{"floor":54,"key":"Pen Nib"}],"event_choices":[{"cards_removed":["Strike_R"],"damage_healed":0.0,"max_hp_gain":0.0,"max_hp_loss":0.0,"gold_gain":0.0,"event_name":"Golden Wing","player_choice":"Card Removal","floor":4.0,"gold_loss":0.0,"damage_taken":7.0},{"damage_healed":25.0,"max_hp_gain":0.0,"max_hp_loss":0.0,"gold_gain":0.0,"event_name":"Big Fish","player_choice":"Banana","floor":7.0,"gold_loss":0.0,"damage_taken":0.0},{"cards_removed":["Defend_R"],"damage_healed":0.0,"max_hp_gain":0.0,"max_hp_loss":0.0,"gold_gain":0.0,"event_name":"Bonfire Elementals","player_choice":"Offered Basic","floor":13.0,"gold_loss":0.0,"damage_taken":0.0},{"damage_healed":0.0,"max_hp_gain":0.0,"max_hp_loss":0.0,"gold_gain":0.0,"event_name":"Vampires","player_choice":"Ignored","floor":21.0,"gold_loss":0.0,"damage_taken":0.0},{"damage_healed":0.0,"max_hp_gain":0.0,"max_hp_loss":0.0,"gold_gain":0.0,"event_name":"Duplicator","player_choice":"Copied","floor":23.0,"gold_loss":0.0,"damage_taken":0.0,"cards_obtained":["Second Wind"]},{"damage_healed":0.0,"max_hp_gain":0.0,"max_hp_loss":0.0,"gold_gain":0.0,"cards_transformed":["Strike_R","Strike_R"],"event_name":"Drug Dealer","player_choice":"Became Test Subject","floor":31.0,"gold_loss":0.0,"damage_taken":0.0,"cards_obtained":["Pummel","Battle Trance"]},{"damage_healed":0.0,"max_hp_gain":0.0,"max_hp_loss":0.0,"gold_gain":0.0,"event_name":"Mysterious Sphere","player_choice":"Ignored","floor":37.0,"gold_loss":0.0,"damage_taken":0.0},{"damage_healed":0.0,"max_hp_gain":0.0,"max_hp_loss":4.0,"gold_gain":0.0,"event_name":"Winding Halls","player_choice":"Max HP","floor":38.0,"gold_loss":0.0,"damage_taken":0.0},{"damage_healed":0.0,"max_hp_gain":0.0,"max_hp_loss":0.0,"gold_gain":0.0,"event_name":"Upgrade Shrine","player_choice":"Upgraded","floor":48.0,"gold_loss":0.0,"damage_taken":0.0,"cards_upgraded":["Battle Trance"]}],"is_beta":true,"boss_relics":[{"not_picked":["Eternal Feather","Black Star"],"picked":"Tiny House"},{"not_picked":["Runic Cube","Coffee Dripper"],"picked":"Pandora\u0027s Box"}],"items_purged_floors":[10,36],"is_endless":false,"potions_floor_spawned":[1,6,11,19,33,44,46,47,54],"ascension_level":18}