{"gold_per_floor":[117,137,148,148,96,96,15,27,54,54,68,88,88,98,98,176,176,190,190,190,190,190,223,223,236,236,249,249,265,100,151,151,230,230,248,248,248,248,298,313,323,343,367,381,400,400,400,411,411,411],"floor_reached":51,"playtime":2489,"items_purged":[],"score":1437,"play_id":"310e3976-e3a5-4471-9521-20203940db5a","local_time":"20181208000914","is_ascension_mode":true,"campfire_choices":[{"data":"True Grit","floor":6.0,"key":"SMITH"},{"data":"Barricade","floor":10.0,"key":"SMITH"},{"data":"Body Slam","floor":13.0,"key":"SMITH"},{"data":"Metallicize","floor":15.0,"key":"SMITH"},{"data":"Shockwave","floor":24.0,"key":"SMITH"},{"data":"Impervious","floor":28.0,"key":"SMITH"},{"data":"Bash","floor":32.0,"key":"SMITH"},{"floor":49,"key":"REST"}],"neow_cost":"NONE","seed_source_timestamp":39475183177030,"circlet_count":0,"master_deck":["AscendersBane","Bash+1","Barricade+1","Seeing Red","Iron Wave","Shockwave+1","True Grit+1","Metallicize+1","Shrug It Off+1","Body Slam+1","Feel No Pain","Impervious+1","Ghostly Armor+1","Spot Weakness","Armaments","True Grit","Evolve","Iron Wave","Cleave","Shrug It Off","Battle Trance"],"special_seed":0,"relics":["Burning Blood","War Paint","Busted Crown","Strawberry","Mercury Hourglass","Bag of Preparation","Centennial Puzzle","Pandora\u0027s Box","Art of War"],"potions_floor_usage":[44,45,50],"damage_taken":[{"damage":3.0,"enemies":"2 Louse","floor":1.0,"turns":4.0},{"damage":6.0,"enemies":"Cultist","floor":2.0,"turns":4.0},{"damage":13.0,"enemies":"Small Slimes","floor":3.0,"turns":4.0},{"damage":11.0,"enemies":"Exordium Thugs","floor":8.0,"turns":6.0},{"damage":3.0,"enemies":"Lots of Slimes","floor":11.0,"turns":9.0},{"damage":15.0,"enemies":"Exordium Wildlife","floor":12.0,"turns":6.0},{"damage":1.0,"enemies":"Blue Slaver","floor":14.0,"turns":6.0},{"damage":0.0,"enemies":"Hexaghost","floor":16.0,"turns":13.0},{"damage":11.0,"enemies":"Chosen","floor":18.0,"turns":7.0},{"damage":9.0,"enemies":"Book of Stabbing","floor":23.0,"turns":6.0},{"damage":0.0,"enemies":"Shell Parasite","floor":25.0,"turns":9.0},{"damage":4.0,"enemies":"Snake Plant","floor":27.0,"turns":6.0},{"damage":0.0,"enemies":"Shelled Parasite and Fungi","floor":29.0,"turns":8.0},{"damage":0.0,"enemies":"Champ","floor":33.0,"turns":11.0},{"damage":0.0,"enemies":"3 Darklings","floor":35.0,"turns":6.0},{"damage":4.0,"enemies":"Orb Walker","floor":40.0,"turns":4.0},{"damage":69.0,"enemies":"Transient","floor":41.0,"turns":6.0},{"damage":13.0,"enemies":"3 Darklings","floor":42.0,"turns":6.0},{"damage":9,"enemies":"Sphere and 2 Shapes","floor":44,"turns":8},{"damage":0,"enemies":"Jaw Worm Horde","floor":45,"turns":5},{"damage":0,"enemies":"Maw","floor":48,"turns":7},{"damage":29,"enemies":"Awakened One","floor":50,"turns":11}],"seed_played":"6707621882490087615","potions_obtained":[{"floor":1.0,"key":"Block Potion"},{"floor":2.0,"key":"Energy Potion"},{"floor":3.0,"key":"Strength Potion"},{"floor":27.0,"key":"PowerPotion"},{"floor":33.0,"key":"EssenceOfSteel"},{"floor":40.0,"key":"LiquidBronze"},{"floor":44,"key":"Energy Potion"}],"is_trial":false,"path_per_floor":["M","M","M","?","$","R","$","M","T","R","M","M","R","M","R","B",null,"M","$","$","?","?","E","R","M","T","M","R","M","$","T","R","B",null,"M","?","$","?","?","M","M","M","T","M","M","?","?","M","R","B",null],"character_chosen":"IRONCLAD","items_purchased":["True Grit","Metallicize","Bag of Preparation"],"campfire_rested":1,"item_purchase_floors":[5,7,30],"current_hp_per_floor":[71,71,64,64,64,64,64,59,59,59,62,53,53,58,58,64,72,67,67,67,67,60,64,64,70,70,72,72,78,78,78,78,82,82,82,82,82,82,82,82,19,12,12,9,15,15,15,21,45,22],"gold":411,"neow_bonus":"ONE_RANDOM_RARE_CARD","is_prod":false,"is_daily":false,"chose_seed":false,"campfire_upgraded":7,"win_rate":0,"timestamp":1544224154,"path_taken":["M","M","M","?","?","R","$","?","T","R","?","M","R","M","R","BOSS","M","?","$","?","?","E","R","M","T","?","R","M","$","?","R","BOSS","M","?","$","?","?","M","M","M","T","?","M","?","?","M","R","BOSS"],"build_version":"2018-12-06","purchased_purges":0,"victory":true,"max_hp_per_floor":[75,75,75,75,75,75,75,75,75,75,75,75,75,75,75,75,75,75,75,75,75,75,82,82,82,82,82,82,82,82,82,82,82,82,82,82,82,82,82,82,82,82,82,82,82,82,82,82,82,82],"card_choices":[{"not_picked":["Shockwave","Pommel Strike"],"picked":"Seeing Red","floor":1.0},{"not_picked":["Fire Breathing","Infernal Blade"],"picked":"Iron Wave","floor":2.0},{"not_picked":["Thunderclap","Blood for Blood"],"picked":"Shockwave","floor":3.0},{"not_picked":["Fire Breathing","Flame Barrier"],"picked":"Shrug It Off","floor":8.0},{"not_picked":["Cleave","Berserk"],"picked":"Body Slam","floor":11.0},{"not_picked":["Ghostly Armor","Bloodletting"],"picked":"Feel No Pain","floor":12.0},{"not_picked":["Spot Weakness","Clothesline","Iron Wave"],"picked":"SKIP","floor":14.0},{"not_picked":["Immolate","Limit Break"],"picked":"Impervious","floor":16.0},{"not_picked":["Rupture"],"picked":"SKIP","floor":18.0},{"not_picked":[],"picked":"Ghostly Armor+1","floor":23.0},{"not_picked":["True Grit"],"picked":"SKIP","floor":25.0},{"not_picked":["Whirlwind"],"picked":"SKIP","floor":27.0},{"not_picked":["Clash"],"picked":"SKIP","floor":29.0},{"not_picked":["Iron Wave"],"picked":"SKIP","floor":35.0},{"not_picked":["Clash"],"picked":"SKIP","floor":40.0},{"not_picked":["Twin Strike"],"picked":"SKIP","floor":41.0},{"not_picked":["Pommel Strike"],"picked":"SKIP","floor":42.0},{"not_picked":[],"picked":"Battle Trance","floor":44},{"not_picked":["Spot Weakness"],"picked":"SKIP","floor":45},{"not_picked":["Wild Strike"],"picked":"SKIP","floor":48}],"player_experience":723478,"relics_obtained":[{"floor":9.0,"key":"War Paint"},{"floor":23.0,"key":"Strawberry"},{"floor":26.0,"key":"Mercury Hourglass"},{"floor":31.0,"key":"Centennial Puzzle"},{"floor":43.0,"key":"Art of War"}],"event_choices":[{"cards_removed":["Strike_R"],"damage_healed":0.0,"max_hp_gain":0.0,"max_hp_loss":0.0,"gold_gain":0.0,"event_name":"Bonfire Elementals","player_choice":"Offered Basic","floor":4.0,"gold_loss":0.0,"damage_taken":0.0},{"damage_healed":0.0,"max_hp_gain":0.0,"max_hp_loss":0.0,"gold_gain":0.0,"event_name":"Vampires","player_choice":"Ignored","floor":21.0,"gold_loss":0.0,"damage_taken":0.0},{"damage_healed":0.0,"max_hp_gain":0.0,"max_hp_loss":0.0,"gold_gain":0.0,"event_name":"Knowing Skull","player_choice":"","floor":22.0,"potions_obtained":[],"gold_loss":0.0,"damage_taken":7.0,"cards_obtained":[]},{"damage_healed":0.0,"max_hp_gain":0.0,"max_hp_loss":0.0,"gold_gain":0.0,"event_name":"SensoryStone","player_choice":"Memory 1","floor":36.0,"gold_loss":0.0,"damage_taken":0.0},{"damage_healed":0.0,"max_hp_gain":0.0,"max_hp_loss":0.0,"gold_gain":0.0,"event_name":"Tomb of Lord Red Mask","player_choice":"Ignored","floor":38.0,"gold_loss":0.0,"damage_taken":0.0},{"damage_healed":0.0,"max_hp_gain":0.0,"max_hp_loss":0.0,"gold_gain":50.0,"event_name":"Golden Shrine","player_choice":"Pray","floor":39.0,"gold_loss":0.0,"damage_taken":0.0},{"cards_removed":["Anger"],"damage_healed":0,"gold_gain":0,"player_choice":"Removed Attack","damage_taken":0,"max_hp_gain":0,"max_hp_loss":0,"event_name":"Falling","floor":46,"gold_loss":0},{"damage_healed":0,"gold_gain":0,"player_choice":"Ignored","damage_taken":0,"max_hp_gain":0,"max_hp_loss":0,"event_name":"Mysterious Sphere","floor":47,"gold_loss":0}],"is_beta":false,"boss_relics":[{"not_picked":["Calling Bell","Lizard Tail"],"picked":"Busted Crown"},{"not_picked":["White Beast Statue","Snecko Eye"],"picked":"Pandora\u0027s Box"}],"items_purged_floors":[],"is_endless":false,"potions_floor_spawned":[1,2,3,27,29,33,40,44],"ascension_level":17}