{"gold_per_floor":[138,138,177,187,201,201,246,321,321,38,86,86,115,179,179,282,282,299,299,299,22,121,121,121,159,184,184,110,163,78,91,91,196,196,196,196,196,209,226,278,278,278,278,35,61,61,78,95,95,115],"floor_reached":50,"playtime":5021,"items_purged":["Strike_R"],"score":944,"play_id":"5793919a-f214-40e9-8092-0b7ff61b20cd","local_time":"20181024210001","is_ascension_mode":true,"campfire_choices":[{"data":"Armaments","floor":6,"key":"SMITH"},{"data":"Enlightenment","floor":12,"key":"SMITH"},{"floor":15,"key":"REST"},{"data":"Barricade","floor":23,"key":"SMITH"},{"floor":32,"key":"REST"},{"floor":42,"key":"REST"},{"data":"Madness","floor":46,"key":"SMITH"},{"floor":49,"key":"REST"}],"neow_cost":"PERCENT_DAMAGE","seed_source_timestamp":59490992021706,"circlet_count":0,"master_deck":["Strike_R","Defend_R","Defend_R","Defend_R","Bash","AscendersBane","Deep Breath","HandOfGreed","Whirlwind","Anger","Armaments+1","Twin Strike","Disarm+1","Magnetism+1","Enlightenment+1","Pommel Strike","Thunderclap","Barricade+1","Flex+1","Sword Boomerang+1","Intimidate","Flex+1","Fiend Fire","Perfected Strike+1","Offering+1","Barricade+1","Parasite","Heavy Blade+1","Madness+1","Madness","Disarm+1"],"relics":["Burning Blood","Bag of Preparation","Vajra","Meat on the Bone","PreservedInsect","Busted Crown","TheAbacus","Art of War","Nilry\u0027s Codex","War Paint","Dodecahedron","Astrolabe","Bottled Tornado","Smiling Mask","Shuriken","Anchor"],"potions_floor_usage":[5,7,11,13,20,33,35,40,45,45,50],"damage_taken":[{"damage":1,"enemies":"2 Louse","floor":1,"turns":3},{"damage":6,"enemies":"Cultist","floor":3,"turns":3},{"damage":2,"enemies":"Jaw Worm","floor":4,"turns":3},{"damage":1,"enemies":"Exordium Thugs","floor":5,"turns":4},{"damage":8,"enemies":"Gremlin Nob","floor":7,"turns":4},{"damage":15,"enemies":"3 Sentries","floor":11,"turns":4},{"damage":14,"enemies":"Lagavulin","floor":13,"turns":6},{"damage":52,"enemies":"Hexaghost","floor":16,"turns":9},{"damage":34,"enemies":"2 Thieves","floor":18,"turns":5},{"damage":0,"enemies":"3 Byrds","floor":25,"turns":4},{"damage":1,"enemies":"Gremlin Leader","floor":29,"turns":6},{"damage":12,"enemies":"Cultist and Chosen","floor":31,"turns":3},{"damage":65,"enemies":"Automaton","floor":33,"turns":9},{"damage":0,"enemies":"Orb Walker","floor":35,"turns":1},{"damage":19,"enemies":"3 Darklings","floor":38,"turns":3},{"damage":17,"enemies":"Writhing Mass","floor":39,"turns":6},{"damage":29,"enemies":"Giant Head","floor":40,"turns":5},{"damage":6,"enemies":"Nemesis","floor":45,"turns":1},{"damage":4,"enemies":"Spire Growth","floor":47,"turns":4},{"damage":10,"enemies":"Jaw Worm Horde","floor":48,"turns":6},{"damage":117,"enemies":"Awakened One","floor":50,"turns":8}],"seed_played":"-4018419376418745714","potions_obtained":[{"floor":1,"key":"Block Potion"},{"floor":4,"key":"AttackPotion"},{"floor":7,"key":"Fire Potion"},{"floor":11,"key":"Energy Potion"},{"floor":16,"key":"Energy Potion"},{"floor":18,"key":"SmokeBomb"},{"floor":20,"key":"Fruit Juice"},{"floor":25,"key":"Fire Potion"},{"floor":39,"key":"Fire Potion"},{"floor":40,"key":"FearPotion"},{"floor":45,"key":"Fruit Juice"},{"floor":48,"key":"Energy Potion"}],"is_trial":false,"path_per_floor":["M","?","M","M","M","R","E","?","T","$","E","R","E","?","R","B",null,"M","?","?","$","?","R","$","M","T","?","$","E","?","M","R","B",null,"M","$","?","M","M","E","?","R","T","$","E","R","M","M","R"],"character_chosen":"IRONCLAD","items_purchased":["Magnetism","Enlightenment","TheAbacus","Intimidate","Shuriken"],"campfire_rested":4,"item_purchase_floors":[10,10,21,28,44],"current_hp_per_floor":[56,56,56,60,65,65,63,55,55,55,46,46,50,50,74,40,70,54,54,59,59,59,59,59,65,65,49,49,54,54,60,85,38,73,79,79,79,66,55,44,33,58,58,58,63,63,65,61,88,0],"gold":115,"neow_bonus":"RANDOM_COLORLESS_2","is_prod":false,"is_daily":false,"chose_seed":false,"campfire_upgraded":4,"win_rate":0,"timestamp":1540440001,"path_taken":["M","?","M","M","M","R","E","?","T","$","E","R","E","?","R","BOSS","M","?","?","$","?","R","?","?","T","?","$","E","?","?","R","BOSS","M","$","?","?","M","E","?","R","T","$","E","R","M","?","R","BOSS"],"build_version":"2018-10-18","purchased_purges":1,"victory":false,"max_hp_per_floor":[80,80,80,80,80,80,80,80,80,80,80,80,80,80,80,80,80,80,80,85,85,85,85,85,85,85,85,85,85,85,85,85,85,85,85,85,85,85,85,85,85,85,85,85,90,90,90,90,90,90],"card_choices":[{"not_picked":["Disarm","Wild Strike"],"picked":"Whirlwind","floor":1},{"not_picked":["Metallicize","Clash"],"picked":"Anger","floor":3},{"not_picked":["Infernal Blade","Headbutt"],"picked":"Armaments","floor":4},{"not_picked":["Wild Strike","Body Slam"],"picked":"Twin Strike","floor":5},{"not_picked":["Dark Embrace","Anger"],"picked":"Disarm","floor":7},{"not_picked":["Clash","Body Slam"],"picked":"Pommel Strike","floor":11},{"not_picked":["Clash","Clothesline"],"picked":"Thunderclap","floor":13},{"not_picked":["Exhume","Immolate"],"picked":"Barricade","floor":16},{"not_picked":[],"picked":"Flex","floor":18},{"not_picked":[],"picked":"Sword Boomerang+1","floor":25},{"not_picked":[],"picked":"Flex+1","floor":29},{"not_picked":["Cleave"],"picked":"SKIP","floor":31},{"not_picked":[],"picked":"Fiend Fire","floor":33},{"not_picked":["True Grit"],"picked":"SKIP","floor":38},{"not_picked":[],"picked":"Heavy Blade+1","floor":39},{"not_picked":["Flex"],"picked":"SKIP","floor":40},{"not_picked":["Sever Soul"],"picked":"SKIP","floor":45},{"not_picked":[],"picked":"Disarm+1","floor":47},{"not_picked":["Thunderclap"],"picked":"SKIP","floor":48}],"player_experience":370039,"relics_obtained":[{"floor":7,"key":"Bag of Preparation"},{"floor":9,"key":"Vajra"},{"floor":11,"key":"Meat on the Bone"},{"floor":13,"key":"PreservedInsect"},{"floor":26,"key":"Art of War"},{"floor":27,"key":"Nilry\u0027s Codex"},{"floor":29,"key":"War Paint"},{"floor":40,"key":"Bottled Tornado"},{"floor":43,"key":"Smiling Mask"},{"floor":45,"key":"Anchor"}],"event_choices":[{"cards_removed":["Strike_R"],"damage_healed":0,"gold_gain":0,"player_choice":"Purged","damage_taken":0,"max_hp_gain":0,"max_hp_loss":0,"event_name":"Purifier","floor":2,"gold_loss":0},{"damage_healed":0,"gold_gain":75,"player_choice":"Touch","damage_taken":8,"max_hp_gain":0,"max_hp_loss":0,"event_name":"FaceTrader","floor":8,"gold_loss":0},{"damage_healed":0,"gold_gain":64,"player_choice":"Gained Gold","damage_taken":0,"max_hp_gain":0,"max_hp_loss":0,"event_name":"Golden Wing","floor":14,"gold_loss":0},{"damage_healed":0,"gold_gain":0,"player_choice":"Bought 0 Potions","damage_taken":0,"max_hp_gain":0,"max_hp_loss":0,"event_name":"The Woman in Blue","floor":19,"gold_loss":0},{"damage_healed":0,"gold_gain":0,"player_choice":"Got Potions","damage_taken":0,"max_hp_gain":0,"max_hp_loss":0,"event_name":"The Lab","floor":20,"gold_loss":0},{"damage_healed":0,"gold_gain":99,"player_choice":"Stole From Cult","damage_taken":0,"max_hp_gain":0,"max_hp_loss":0,"event_name":"Nest","floor":22,"gold_loss":0},{"damage_healed":0,"gold_gain":0,"player_choice":"Obtained Book","damage_taken":16,"max_hp_gain":0,"max_hp_loss":0,"event_name":"Cursed Tome","floor":27,"gold_loss":0},{"damage_healed":0,"gold_gain":0,"player_choice":"Obtained Relic","damage_taken":0,"relics_obtained":["Dodecahedron"],"max_hp_gain":0,"max_hp_loss":0,"event_name":"Addict","floor":30,"gold_loss":85},{"damage_healed":0,"gold_gain":0,"player_choice":"Upgraded","damage_taken":0,"max_hp_gain":0,"max_hp_loss":0,"event_name":"Upgrade Shrine","floor":37,"gold_loss":0,"cards_upgraded":["Magnetism"]},{"damage_healed":0,"gold_gain":0,"player_choice":"Embrace Madness","damage_taken":11,"max_hp_gain":0,"max_hp_loss":0,"event_name":"Winding Halls","floor":41,"gold_loss":0,"cards_obtained":["Madness","Madness"]}],"is_beta":false,"boss_relics":[{"not_picked":["Tiny House","Orrery"],"picked":"Busted Crown"},{"not_picked":["Runic Dome","Black Star"],"picked":"Astrolabe"}],"items_purged_floors":[21],"is_endless":false,"potions_floor_spawned":[1,4,7,11,16,18,25,39,40,45,48],"killed_by":"Awakened One","ascension_level":12}