{"gold_per_floor":[111,111,111,57,76,76,95,130,176,186,186,199,199,199,199,270,270,284,302,9,9,23,23,33,43,68,18,53,53,68,0,0,74,74,88,88,88,88,88],"floor_reached":39,"playtime":1197,"items_purged":["Strike_B"],"score":718,"play_id":"b607343c-7160-421f-a13d-e545f8172fda","local_time":"20181110211126","is_ascension_mode":true,"campfire_choices":[{"data":"Go for the Eyes","floor":6,"key":"SMITH"},{"data":"Beam Cell","floor":11,"key":"SMITH"},{"data":"Rip and Tear","floor":15,"key":"SMITH"},{"floor":23,"key":"REST"},{"floor":29,"key":"REST"},{"floor":32,"key":"REST"}],"neow_cost":"NONE","seed_source_timestamp":27874384423607,"circlet_count":0,"master_deck":["AscendersBane","Strike_B","Defend_B","Defend_B","Defend_B","Defend_B","Zap","Dualcast","Gash","Go for the Eyes+1","Rip and Tear+1","Streamline","Beam Cell+1","Scrape","Steam Power","Seek","Hologram+1","Steam","All For One","Go for the Eyes","FTL","Melter","Steam","Core Surge","Madness","Madness"],"relics":["Cracked Core","Vajra","Boot","Ancient Tea Set","Fusion Hammer","Blood Vial","Kunai","Sozu","Molten Egg 2"],"potions_floor_usage":[12,28,33,33],"damage_taken":[{"damage":7,"enemies":"Jaw Worm","floor":1,"turns":3},{"damage":0,"enemies":"2 Louse","floor":5,"turns":1},{"damage":1,"enemies":"Small Slimes","floor":7,"turns":3},{"damage":25,"enemies":"Lagavulin","floor":8,"turns":5},{"damage":1,"enemies":"3 Louse","floor":10,"turns":3},{"damage":1,"enemies":"Gremlin Gang","floor":12,"turns":3},{"damage":18,"enemies":"Slime Boss","floor":16,"turns":8},{"damage":0,"enemies":"Spheric Guardian","floor":18,"turns":2},{"damage":0,"enemies":"Chosen","floor":19,"turns":3},{"damage":0,"enemies":"Snake Plant","floor":22,"turns":2},{"damage":11,"enemies":"Shelled Parasite and Fungi","floor":24,"turns":3},{"damage":0,"enemies":"Centurion and Healer","floor":25,"turns":3},{"damage":61,"enemies":"Gremlin Leader","floor":28,"turns":4},{"damage":2,"enemies":"Cultist and Chosen","floor":30,"turns":4},{"damage":35,"enemies":"Collector","floor":33,"turns":10},{"damage":0,"enemies":"Orb Walker","floor":35,"turns":3},{"damage":33,"enemies":"3 Darklings","floor":39,"turns":4}],"seed_played":"-362139509276855923","potions_obtained":[{"floor":7,"key":"FairyPotion"},{"floor":8,"key":"EssenceOfSteel"},{"floor":10,"key":"Swift Potion"},{"floor":19,"key":"FocusPotion"},{"floor":22,"key":"FearPotion"},{"floor":28,"key":"Poison Potion"},{"floor":33,"key":"SteroidPotion"}],"is_trial":false,"path_per_floor":["M","?","?","$","M","R","M","E","T","M","R","M","?","?","R","B",null,"M","M","$","?","M","R","M","M","T","?","E","R","M","?","R","B",null,"M","?","$","?","M"],"character_chosen":"DEFECT","items_purchased":["Go for the Eyes","All For One","Go for the Eyes"],"campfire_rested":3,"item_purchase_floors":[4,20,20],"current_hp_per_floor":[57,57,62,62,62,62,61,36,36,35,35,34,34,34,34,16,61,61,61,61,61,61,76,65,65,65,65,6,28,28,28,50,17,61,63,49,49,49,18],"gold":88,"neow_bonus":"RANDOM_COMMON_RELIC","is_prod":false,"is_daily":false,"chose_seed":false,"campfire_upgraded":3,"win_rate":0,"timestamp":1541880686,"path_taken":["M","?","?","$","M","R","M","E","T","M","R","M","?","?","R","BOSS","M","?","$","?","M","R","?","M","T","?","E","R","?","?","R","BOSS","M","?","$","?","M"],"build_version":"2018-11-08","purchased_purges":1,"victory":false,"max_hp_per_floor":[71,71,76,76,76,76,76,76,76,76,76,76,76,76,76,76,76,76,76,76,76,76,76,76,76,76,76,76,76,76,76,76,76,76,76,76,76,76,76],"card_choices":[{"not_picked":["Sweeping Beam","Compile Driver"],"picked":"Gash","floor":1},{"not_picked":["Undo","Steam Power"],"picked":"Rip and Tear","floor":5},{"not_picked":["Compile Driver","Defragment"],"picked":"Streamline","floor":7},{"not_picked":["Amplify","Turbo"],"picked":"Beam Cell","floor":8},{"not_picked":["Beam Cell","Streamline"],"picked":"Scrape","floor":10},{"not_picked":["White Noise","Compile Driver"],"picked":"Steam Power","floor":12},{"not_picked":["Seek","Multi-Cast"],"picked":"Creative AI","floor":16},{"not_picked":["Sunder","Recycle"],"picked":"Hologram+1","floor":18},{"not_picked":["Redo","Ball Lightning+1"],"picked":"Steam","floor":19},{"not_picked":["Sweeping Beam","Fusion","Storm"],"picked":"SKIP","floor":22},{"not_picked":["Redo+1","Recycle"],"picked":"FTL","floor":24},{"not_picked":["Capacitor","Sweeping Beam"],"picked":"Melter","floor":25},{"not_picked":["Fusion+1","Compile Driver","Stack"],"picked":"SKIP","floor":28},{"not_picked":["Sunder","Beam Cell"],"picked":"Steam","floor":30},{"not_picked":["Biased Cognition","Multi-Cast"],"picked":"Core Surge","floor":33},{"not_picked":["Aggregate+1","Compile Driver+1","Genetic Algorithm"],"picked":"SKIP","floor":35}],"player_experience":648808,"relics_obtained":[{"floor":8,"key":"Boot"},{"floor":9,"key":"Ancient Tea Set"},{"floor":26,"key":"Blood Vial"},{"floor":28,"key":"Kunai"}],"event_choices":[{"damage_healed":0,"gold_gain":0,"player_choice":"Ignored","damage_taken":0,"max_hp_gain":0,"max_hp_loss":0,"event_name":"Liars Game","floor":2,"gold_loss":0},{"damage_healed":0,"gold_gain":0,"player_choice":"Donut","damage_taken":0,"max_hp_gain":5,"max_hp_loss":0,"event_name":"Big Fish","floor":3,"gold_loss":0},{"damage_healed":0,"gold_gain":0,"player_choice":"Fled","damage_taken":0,"max_hp_gain":0,"max_hp_loss":0,"event_name":"Scrap Ooze","floor":13,"gold_loss":0},{"damage_healed":0,"gold_gain":0,"cards_transformed":["Strike_B"],"player_choice":"Transformed","damage_taken":0,"max_hp_gain":0,"max_hp_loss":0,"event_name":"Transmorgrifier","floor":14,"gold_loss":0,"cards_obtained":["Seek"]},{"cards_removed":["Strike_B"],"damage_healed":0,"gold_gain":0,"player_choice":"Offered Basic","damage_taken":0,"max_hp_gain":0,"max_hp_loss":0,"event_name":"Bonfire Elementals","floor":21,"gold_loss":0},{"damage_healed":0,"gold_gain":0,"player_choice":"Bet on Murderer","damage_taken":0,"max_hp_gain":0,"max_hp_loss":0,"event_name":"The Joust","floor":27,"gold_loss":50},{"damage_healed":0,"gold_gain":0,"player_choice":"Paid Fearfully","damage_taken":0,"max_hp_gain":0,"max_hp_loss":0,"event_name":"Masked Bandits","floor":31,"gold_loss":68},{"damage_healed":0,"gold_gain":0,"player_choice":"Embrace Madness","damage_taken":14,"max_hp_gain":0,"max_hp_loss":0,"event_name":"Winding Halls","floor":36,"gold_loss":0,"cards_obtained":["Madness","Madness"]},{"cards_removed":["Creative AI"],"damage_healed":0,"gold_gain":0,"player_choice":"Gave Card","damage_taken":0,"relics_obtained":["Molten Egg 2"],"max_hp_gain":0,"max_hp_loss":0,"event_name":"WeMeetAgain","floor":38,"gold_loss":0}],"is_beta":false,"boss_relics":[{"not_picked":["Ectoplasm","Runic Pyramid"],"picked":"Fusion Hammer"},{"not_picked":["Astrolabe","Tiny House"],"picked":"Sozu"}],"items_purged_floors":[20],"is_endless":false,"potions_floor_spawned":[7,8,10,19,22,24,28,33],"killed_by":"3 Darklings","ascension_level":16}