{"gold_per_floor":[211,32,32,50,70,104,4,4,4,4,4,21,21,38,38,138,138,153,153,78,78,177,177,28,42,42,59,79,79,96,111,111,210,210,225,237,255,271,371,371,390,390,390,402,402,419,439,456,456,456],"floor_reached":50,"playtime":10243,"items_purged":["Strike_B","Defend_B"],"score":450,"play_id":"a7675e6e-0cbc-4b1f-8fe0-7d8cb58b4497","local_time":"20190226180839","is_ascension_mode":false,"campfire_choices":[{"data":"Zap","floor":10.0,"key":"SMITH"},{"data":"Rainbow","floor":13.0,"key":"SMITH"},{"floor":15.0,"key":"REST"},{"data":"Fission","floor":23.0,"key":"SMITH"},{"data":"Double Energy","floor":29.0,"key":"SMITH"},{"data":"Multi-Cast","floor":32.0,"key":"SMITH"},{"floor":40.0,"key":"REST"},{"floor":42.0,"key":"REST"},{"floor":49,"key":"REST"}],"neow_cost":"NONE","seed_source_timestamp":0,"circlet_count":0,"master_deck":["Zap+1","Dualcast","Stack","Coolheaded","Skim+1","Steam","Steam","Melter","Rainbow+1","Capacitor","Fission+1","Aggregate","Electrodynamics","Electrodynamics","Multi-Cast+1","Biased Cognition","Coolheaded+1","Double Energy+1","Beam Cell","Beam Cell","Thunder Strike","Tempest+1","Beam Cell+1","Double Energy+1"],"special_seed":0,"relics":["Cracked Core","Bird Faced Urn","Pear","Pandora\u0027s Box","MutagenicStrength","Boot","Dream Catcher","Lizard Tail","Nunchaku","Bag of Marbles"],"potions_floor_usage":[47,47,48],"damage_taken":[{"damage":0.0,"enemies":"Small Slimes","floor":1.0,"turns":3.0},{"damage":0.0,"enemies":"Cultist","floor":4.0,"turns":7.0},{"damage":2.0,"enemies":"2 Louse","floor":5.0,"turns":3.0},{"damage":18.0,"enemies":"Lagavulin","floor":6.0,"turns":10.0},{"damage":6.0,"enemies":"Large Slime","floor":12.0,"turns":10.0},{"damage":11.0,"enemies":"Lots of Slimes","floor":14.0,"turns":4.0},{"damage":35.0,"enemies":"The Guardian","floor":16.0,"turns":11.0},{"damage":14.0,"enemies":"2 Thieves","floor":18.0,"turns":2.0},{"damage":10.0,"enemies":"Chosen","floor":25.0,"turns":3.0},{"damage":0.0,"enemies":"Snake Plant","floor":27.0,"turns":3.0},{"damage":0.0,"enemies":"Centurion and Healer","floor":28.0,"turns":2.0},{"damage":3.0,"enemies":"Cultist and Chosen","floor":30.0,"turns":4.0},{"damage":8.0,"enemies":"Snecko","floor":31.0,"turns":5.0},{"damage":23.0,"enemies":"Collector","floor":33.0,"turns":7.0},{"damage":16.0,"enemies":"3 Shapes","floor":35.0,"turns":4.0},{"damage":0.0,"enemies":"3 Darklings","floor":36.0,"turns":1.0},{"damage":25.0,"enemies":"Maw","floor":37.0,"turns":6.0},{"damage":24.0,"enemies":"Transient","floor":38.0,"turns":5.0},{"damage":0.0,"enemies":"Mind Bloom Boss Battle","floor":39.0,"turns":2.0},{"damage":52.0,"enemies":"Spire Growth","floor":41.0,"turns":4.0},{"damage":10.0,"enemies":"4 Shapes","floor":44.0,"turns":2.0},{"damage":0.0,"enemies":"Jaw Worm Horde","floor":46.0,"turns":1.0},{"damage":6,"enemies":"3 Darklings","floor":47,"turns":3},{"damage":30,"enemies":"4 Shapes","floor":48,"turns":2},{"damage":106,"enemies":"Donu and Deca","floor":50,"turns":6}],"seed_played":"4548732807625077565","potions_obtained":[{"floor":5.0,"key":"SteroidPotion"},{"floor":6.0,"key":"Block Potion"},{"floor":14.0,"key":"Poison Potion"},{"floor":25.0,"key":"GamblersBrew"},{"floor":31.0,"key":"Ancient Potion"},{"floor":36.0,"key":"Fire Potion"},{"floor":41.0,"key":"EssenceOfSteel"},{"floor":44.0,"key":"Poison Potion"},{"floor":46.0,"key":"Energy Potion"},{"floor":47,"key":"Energy Potion"}],"is_trial":false,"path_per_floor":["M","$","?","M","M","E","$","?","T","R","?","M","R","M","R","B",null,"M","?","?","?","?","R","$","M","T","M","M","R","M","M","R","B",null,"M","M","M","M","?","R","M","R","T","M","?","M","M","M","R","B"],"character_chosen":"DEFECT","items_purchased":["Coolheaded","Skim","Boot"],"campfire_rested":4,"item_purchase_floors":[2,2,24],"current_hp_per_floor":[75,75,75,75,73,55,55,75,85,85,85,79,79,68,85,52,85,71,85,85,85,85,85,85,77,77,85,85,85,82,77,77,62,85,77,83,61,43,47,72,24,49,49,41,41,45,45,21,45,0],"gold":456,"neow_bonus":"HUNDRED_GOLD","is_prod":false,"is_daily":false,"chose_seed":false,"campfire_upgraded":5,"win_rate":0.0,"timestamp":1551222519,"path_taken":["M","$","?","?","M","E","$","?","T","R","?","?","R","M","R","BOSS","M","?","?","?","?","R","$","M","T","?","M","R","M","?","R","BOSS","M","M","M","?","?","R","M","R","T","M","?","M","M","M","R","BOSS"],"build_version":"2019-01-23","purchased_purges":2,"victory":false,"max_hp_per_floor":[75,75,75,75,75,75,75,75,85,85,85,85,85,85,85,85,85,85,85,85,85,85,85,85,85,85,85,85,85,85,85,85,85,85,85,85,85,85,85,85,85,85,85,85,81,81,81,81,81,81],"card_choices":[{"not_picked":["White Noise","Chaos"],"picked":"Stack","floor":1.0},{"not_picked":["Coolheaded","Go for the Eyes"],"picked":"Steam","floor":4.0},{"not_picked":["Hello World","Reprogram"],"picked":"Steam","floor":5.0},{"not_picked":["Hologram","Leap"],"picked":"Melter","floor":6.0},{"not_picked":["Gash","Sweeping Beam"],"picked":"Rainbow","floor":12.0},{"not_picked":["Turbo","Steam Power"],"picked":"Capacitor","floor":14.0},{"not_picked":["Echo Form","Meteor Strike"],"picked":"Fission","floor":16.0},{"not_picked":["Turbo","Darkness"],"picked":"Coolheaded+1","floor":18.0},{"not_picked":["FTL","Barrage"],"picked":"Double Energy","floor":25.0},{"not_picked":["Chaos","Leap"],"picked":"Beam Cell","floor":27.0},{"not_picked":["Cold Snap","Steam Power","Conserve Battery"],"picked":"SKIP","floor":28.0},{"not_picked":["Streamline+1","Darkness"],"picked":"Beam Cell","floor":30.0},{"not_picked":["Force Field+1","Steam Power","Turbo"],"picked":"SKIP","floor":31.0},{"not_picked":["Amplify","Electrodynamics"],"picked":"Thunder Strike","floor":33.0},{"not_picked":["Beam Cell","Hologram+1","Ball Lightning"],"picked":"SKIP","floor":35.0},{"not_picked":["Melter+1","Sweeping Beam","Ball Lightning"],"picked":"SKIP","floor":36.0},{"not_picked":["Rebound+1","Melter","Steam+1"],"picked":"SKIP","floor":37.0},{"not_picked":["Leap+1","Coolheaded"],"picked":"Tempest+1","floor":39.0},{"not_picked":["Scrape","Streamline+1","White Noise"],"picked":"SKIP","floor":41.0},{"not_picked":["FTL","All For One"],"picked":"Beam Cell+1","floor":42.0},{"not_picked":["Tempest","Streamline+1","Ball Lightning"],"picked":"SKIP","floor":44.0},{"not_picked":["Cold Snap+1","Aggregate"],"picked":"Double Energy+1","floor":46.0},{"not_picked":["Genetic Algorithm+1","Double Energy","Fusion+1"],"picked":"SKIP","floor":47},{"not_picked":["Stack","Force Field+1","Defragment+1"],"picked":"SKIP","floor":48}],"player_experience":169687,"relics_obtained":[{"floor":6.0,"key":"Bird Faced Urn"},{"floor":9.0,"key":"Pear"},{"floor":26.0,"key":"Dream Catcher"},{"floor":39.0,"key":"Nunchaku"},{"floor":43.0,"key":"Bag of Marbles"}],"event_choices":[{"damage_healed":0.0,"max_hp_gain":0.0,"max_hp_loss":0.0,"gold_gain":0.0,"event_name":"Accursed Blacksmith","player_choice":"Forge","floor":3.0,"gold_loss":0.0,"damage_taken":0.0,"cards_upgraded":["Skim"]},{"damage_healed":25.0,"max_hp_gain":0.0,"max_hp_loss":0.0,"gold_gain":0.0,"event_name":"Big Fish","player_choice":"Banana","floor":8.0,"gold_loss":0.0,"damage_taken":0.0},{"damage_healed":0.0,"max_hp_gain":0.0,"max_hp_loss":0.0,"gold_gain":0.0,"event_name":"FaceTrader","player_choice":"Leave","floor":11.0,"gold_loss":0.0,"damage_taken":0.0},{"damage_healed":28.0,"max_hp_gain":0.0,"max_hp_loss":0.0,"gold_gain":0.0,"event_name":"The Library","player_choice":"Heal","floor":19.0,"gold_loss":0.0,"damage_taken":0.0},{"cards_removed":["Skim"],"damage_healed":0.0,"max_hp_gain":0.0,"max_hp_loss":0.0,"gold_gain":0.0,"event_name":"Beggar","player_choice":"Gave Gold","floor":20.0,"gold_loss":75.0,"damage_taken":0.0},{"damage_healed":0.0,"max_hp_gain":0.0,"max_hp_loss":0.0,"gold_gain":0.0,"event_name":"Drug Dealer","player_choice":"Inject Mutagens","floor":21.0,"gold_loss":0.0,"damage_taken":0.0,"relics_obtained":["MutagenicStrength"]},{"damage_healed":0.0,"max_hp_gain":0.0,"max_hp_loss":0.0,"gold_gain":99.0,"event_name":"Nest","player_choice":"Stole From Cult","floor":22.0,"gold_loss":0.0,"damage_taken":0.0},{"damage_healed":0.0,"max_hp_gain":0.0,"max_hp_loss":0.0,"gold_gain":0.0,"event_name":"MindBloom","player_choice":"Fight","floor":39.0,"gold_loss":0.0,"damage_taken":0.0},{"damage_healed":0.0,"max_hp_gain":0.0,"max_hp_loss":4.0,"gold_gain":0.0,"event_name":"Winding Halls","player_choice":"Max HP","floor":45.0,"gold_loss":0.0,"damage_taken":0.0}],"is_beta":false,"boss_relics":[{"not_picked":["Snecko Eye","Cursed Key"],"picked":"Pandora\u0027s Box"},{"not_picked":["Empty Cage","White Beast Statue"],"picked":"Lizard Tail"}],"items_purged_floors":[2,7],"is_endless":false,"potions_floor_spawned":[5,6,14,25,31,36,41,44,46,47],"killed_by":"Donu and Deca","ascension_level":0}