{"gold_per_floor":[12,29,47,47,66,95,95,123,123,123,20,55,78,48,48,121,121,132,182,31,49,0,0,0],"floor_reached":24,"playtime":1063,"items_purged":[],"score":382,"play_id":"5339265a-7005-46a3-8116-81cae5bf44a9","local_time":"20190211211630","is_ascension_mode":true,"campfire_choices":[{"floor":7,"key":"REST"},{"data":"Searing Blow","floor":10,"key":"SMITH"},{"floor":15,"key":"REST"},{"data":"Armaments","floor":23,"key":"SMITH"}],"neow_cost":"NO_GOLD","seed_source_timestamp":1200532260275520,"circlet_count":0,"master_deck":["AscendersBane","Bash","Searing Blow+1","Flex","Spot Weakness","Disarm+1","Disarm","Thunderclap","Armaments+1","Metallicize","Feed","Reaper","True Grit","Bloodletting","Reckless Charge","Cleave","Burning Pact","Headbutt","Heavy Blade","Brutality","Disarm","Shrug It Off","Good Instincts","Evolve+1"],"relics":["Burning Blood","WingedGreaves","NlothsMask","PreservedInsect","Boot","Gambling Chip","War Paint","Pandora\u0027s Box"],"potions_floor_usage":[5,6,8,16,21,24],"damage_taken":[{"damage":0,"enemies":"Small Slimes","floor":1,"turns":3},{"damage":11,"enemies":"Cultist","floor":2,"turns":4},{"damage":7,"enemies":"Jaw Worm","floor":3,"turns":3},{"damage":15,"enemies":"Exordium Thugs","floor":5,"turns":4},{"damage":42,"enemies":"Lagavulin","floor":6,"turns":7},{"damage":18,"enemies":"Gremlin Nob","floor":8,"turns":4},{"damage":25,"enemies":"Lagavulin","floor":12,"turns":8},{"damage":6,"enemies":"Looter","floor":14,"turns":4},{"damage":31,"enemies":"The Guardian","floor":16,"turns":12},{"damage":39,"enemies":"3 Byrds","floor":18,"turns":5},{"damage":23,"enemies":"Shell Parasite","floor":21,"turns":9},{"damage":41,"enemies":"Slavers","floor":24,"turns":2}],"seed_played":"3577024626070032476","potions_obtained":[{"floor":1,"key":"Block Potion"},{"floor":3,"key":"AttackPotion"},{"floor":6,"key":"PowerPotion"},{"floor":8,"key":"LiquidBronze"},{"floor":18,"key":"BloodPotion"},{"floor":21,"key":"SteroidPotion"}],"is_trial":false,"path_per_floor":["M","M","M","?","M","E","R","E","T","R","$","E","T","M","R","B",null,"M","?","$","M","?","R","E"],"character_chosen":"IRONCLAD","items_purchased":["Thunderclap","Armaments","Shrug It Off","Good Instincts"],"campfire_rested":2,"item_purchase_floors":[11,11,20,20],"current_hp_per_floor":[74,69,68,68,59,23,45,33,33,33,33,14,14,14,36,11,59,39,39,39,37,37,37,0],"gold":0,"neow_bonus":"ONE_RARE_RELIC","is_prod":false,"is_daily":false,"chose_seed":false,"campfire_upgraded":2,"win_rate":0,"timestamp":1549948590,"path_taken":["M","M","M","?","M","E","R","E","T","R","?","E","?","?","R","BOSS","M","?","?","M","?","R","E"],"build_version":"2019-01-23","purchased_purges":0,"victory":false,"max_hp_per_floor":[75,75,75,75,75,75,75,75,75,75,75,75,75,75,75,75,75,78,78,78,78,78,78,78],"card_choices":[{"not_picked":["Intimidate","Warcry"],"picked":"Searing Blow","floor":1},{"not_picked":["Searing Blow","Heavy Blade"],"picked":"Flex","floor":2},{"not_picked":["Combust","Iron Wave"],"picked":"Spot Weakness","floor":3},{"not_picked":["Shrug It Off","Entrench"],"picked":"Disarm","floor":5},{"not_picked":["Sever Soul","Sword Boomerang","Headbutt"],"picked":"SKIP","floor":6},{"not_picked":["Evolve","Fire Breathing"],"picked":"Disarm","floor":8},{"not_picked":["Heavy Blade","Body Slam","Perfected Strike"],"picked":"SKIP","floor":12},{"not_picked":["Flex","Carnage"],"picked":"Metallicize","floor":14},{"not_picked":["Dark Embrace","Offering"],"picked":"Feed","floor":16},{"not_picked":["Warcry","Clash"],"picked":"Disarm","floor":18},{"not_picked":["Clothesline","Clash"],"picked":"Evolve+1","floor":21}],"player_experience":536976,"relics_obtained":[{"floor":6,"key":"PreservedInsect"},{"floor":8,"key":"Boot"},{"floor":12,"key":"Gambling Chip"},{"floor":13,"key":"War Paint"}],"event_choices":[{"damage_healed":0,"gold_gain":0,"player_choice":"Trade","damage_taken":0,"relics_obtained":["NlothsMask"],"max_hp_gain":0,"max_hp_loss":0,"event_name":"FaceTrader","floor":4,"gold_loss":0},{"damage_healed":0,"gold_gain":50,"player_choice":"Pray","damage_taken":0,"max_hp_gain":0,"max_hp_loss":0,"event_name":"Golden Shrine","floor":19,"gold_loss":0},{"damage_healed":0,"gold_gain":0,"player_choice":"Paid Fearfully","damage_taken":0,"max_hp_gain":0,"max_hp_loss":0,"event_name":"Masked Bandits","floor":22,"gold_loss":49}],"is_beta":false,"boss_relics":[{"not_picked":["Runic Pyramid","Cursed Key"],"picked":"Pandora\u0027s Box"}],"items_purged_floors":[],"is_endless":false,"potions_floor_spawned":[1,3,6,8,18,21],"killed_by":"Slavers","ascension_level":16}