{"gold_per_floor":[113,130,150,165,90,100,131,131,131,158,158,176,176,192,192,295,295,315,315,315,37,56,88,88,106,106,28,61,61,74,48,48,144,144,162,0,19,31,31,31,62,62,62,62,76,105,119,131,131,131],"floor_reached":51,"playtime":5078,"items_purged":["Strike_B","Pain"],"score":815,"play_id":"de7a3660-7810-4bd8-9589-1f03cf1f8596","local_time":"20190220231732","is_ascension_mode":true,"campfire_choices":[{"data":"Zap","floor":8.0,"key":"SMITH"},{"data":"Coolheaded","floor":11.0,"key":"SMITH"},{"floor":13.0,"key":"REST"},{"data":"Capacitor","floor":15.0,"key":"SMITH"},{"data":"Self Repair","floor":24.0,"key":"SMITH"},{"data":"FTL","floor":29.0,"key":"SMITH"},{"data":"Conserve Battery","floor":32.0,"key":"SMITH"},{"data":"Echo Form","floor":40.0,"key":"SMITH"},{"floor":42.0,"key":"REST"},{"floor":44.0,"key":"REST"},{"floor":49.0,"key":"REST"}],"neow_cost":"NONE","seed_source_timestamp":0,"circlet_count":0,"master_deck":["Strike_B","Defend_B+1","Defend_B","Defend_B+1","Defend_B","Zap+1","Dualcast","Conserve Battery+1","Capacitor+1","Ball Lightning","Coolheaded+1","Machine Learning","Ball Lightning","Consume+1","Hologram+1","Amplify+1","Steam Power+1","FTL+1","Self Repair+1","Bandage Up+1","Conserve Battery+1","Coolheaded+1","Hologram+1","Double Energy+1","Auto Shields+1","Defragment+1","Conserve Battery+1","Echo Form+1","Chill+1","Chaos+1","Machine Learning"],"special_seed":0,"relics":["Cracked Core","Bag of Preparation","Toxic Egg 2","Gremlin Horn","Philosopher\u0027s Stone","WarpedTongs","PreservedInsect","Molten Egg 2","Omamori","Lizard Tail","Red Mask","Pen Nib","Bottled Tornado","War Paint"],"potions_floor_usage":[50,50,50],"damage_taken":[{"damage":2.0,"enemies":"Jaw Worm","floor":1.0,"turns":3.0},{"damage":1.0,"enemies":"Cultist","floor":2.0,"turns":3.0},{"damage":3.0,"enemies":"Small Slimes","floor":3.0,"turns":3.0},{"damage":0.0,"enemies":"2 Fungi Beasts","floor":4.0,"turns":3.0},{"damage":14.0,"enemies":"Exordium Thugs","floor":6.0,"turns":6.0},{"damage":25.0,"enemies":"3 Sentries","floor":7.0,"turns":7.0},{"damage":20.0,"enemies":"Gremlin Nob","floor":10.0,"turns":4.0},{"damage":0.0,"enemies":"Exordium Wildlife","floor":12.0,"turns":2.0},{"damage":5.0,"enemies":"Gremlin Gang","floor":14.0,"turns":3.0},{"damage":15.0,"enemies":"The Guardian","floor":16.0,"turns":7.0},{"damage":0.0,"enemies":"Spheric Guardian","floor":18.0,"turns":3.0},{"damage":24.0,"enemies":"2 Thieves","floor":22.0,"turns":3.0},{"damage":10.0,"enemies":"Book of Stabbing","floor":23.0,"turns":4.0},{"damage":39.0,"enemies":"Snake Plant","floor":25.0,"turns":5.0},{"damage":14.0,"enemies":"Slavers","floor":28.0,"turns":5.0},{"damage":13.0,"enemies":"Shelled Parasite and Fungi","floor":30.0,"turns":4.0},{"damage":27.0,"enemies":"Collector","floor":33.0,"turns":7.0},{"damage":0.0,"enemies":"Orb Walker","floor":35.0,"turns":5.0},{"damage":4.0,"enemies":"3 Darklings","floor":37.0,"turns":4.0},{"damage":49.0,"enemies":"Sphere and 2 Shapes","floor":38.0,"turns":5.0},{"damage":37.0,"enemies":"Reptomancer","floor":41.0,"turns":5.0},{"damage":55.0,"enemies":"Jaw Worm Horde","floor":45.0,"turns":5.0},{"damage":19.0,"enemies":"Giant Head","floor":46.0,"turns":7.0},{"damage":0.0,"enemies":"4 Shapes","floor":47.0,"turns":5.0},{"damage":0.0,"enemies":"Maw","floor":48.0,"turns":6.0},{"damage":33,"enemies":"Donu and Deca","floor":50,"turns":10}],"seed_played":"5956497446155216114","potions_obtained":[{"floor":4.0,"key":"SkillPotion"},{"floor":7.0,"key":"Dexterity Potion"},{"floor":12.0,"key":"GamblersBrew"},{"floor":14.0,"key":"GamblersBrew"},{"floor":18.0,"key":"Fire Potion"},{"floor":30.0,"key":"Ancient Potion"},{"floor":35.0,"key":"SkillPotion"},{"floor":39.0,"key":"EssenceOfSteel"},{"floor":47.0,"key":"Energy Potion"}],"is_trial":false,"path_per_floor":["M","M","M","M","$","M","E","R","T","E","R","M","R","M","R","B",null,"M","?","?","$","M","E","R","M","T","$","E","R","M","$","R","B",null,"M","?","M","M","?","R","E","R","T","R","M","E","M","M","R","B",null],"character_chosen":"DEFECT","items_purchased":["Self Repair","Bandage Up+1","Double Energy+1","Conserve Battery+1"],"campfire_rested":4,"item_purchase_floors":[21,21,27,31],"current_hp_per_floor":[80,79,76,76,76,62,37,37,37,17,17,17,41,36,36,21,82,82,82,82,82,64,70,70,57,57,57,69,69,72,72,72,71,82,82,82,78,45,45,45,14,38,38,62,23,30,46,72,82,71],"gold":131,"neow_bonus":"TEN_PERCENT_HP_BONUS","is_prod":false,"is_daily":false,"chose_seed":false,"campfire_upgraded":7,"win_rate":0,"timestamp":1550701052,"path_taken":["M","M","M","M","$","M","E","R","T","E","R","M","R","M","R","BOSS","M","?","?","$","M","E","R","?","T","$","E","R","M","?","R","BOSS","M","?","M","M","?","R","E","R","T","R","M","E","M","?","R","BOSS"],"build_version":"2019-02-06","purchased_purges":2,"victory":true,"max_hp_per_floor":[82,82,82,82,82,82,82,82,82,82,82,82,82,82,82,82,82,82,82,82,82,82,82,82,82,82,82,82,82,82,82,82,82,82,82,82,82,82,82,82,82,82,82,82,82,82,82,82,82,82],"card_choices":[{"not_picked":["Beam Cell","Steam"],"picked":"Conserve Battery","floor":1.0},{"not_picked":["Redo","Hologram"],"picked":"Capacitor","floor":2.0},{"not_picked":["Rebound","Compile Driver"],"picked":"Ball Lightning","floor":3.0},{"not_picked":["Redo","Hologram"],"picked":"Coolheaded","floor":4.0},{"not_picked":["Rebound","Coolheaded"],"picked":"Machine Learning","floor":6.0},{"not_picked":["Stack","Redo","Rip and Tear"],"picked":"SKIP","floor":7.0},{"not_picked":["Turbo+1","Streamline"],"picked":"Ball Lightning","floor":10.0},{"not_picked":["Barrage","Ball Lightning"],"picked":"Consume+1","floor":12.0},{"not_picked":["Static Discharge","Ball Lightning"],"picked":"Hologram+1","floor":14.0},{"not_picked":["Thunder Strike","Rainbow+1"],"picked":"Amplify+1","floor":16.0},{"not_picked":["Redo+1","Beam Cell","Barrage"],"picked":"SKIP","floor":18.0},{"not_picked":["Turbo+1","Stack+1"],"picked":"Conserve Battery+1","floor":22.0},{"not_picked":["Thunder Strike","Beam Cell+1"],"picked":"Coolheaded+1","floor":23.0},{"not_picked":["Blizzard","Streamline+1"],"picked":"Hologram+1","floor":25.0},{"not_picked":["Creative AI","Stack+1"],"picked":"Auto Shields+1","floor":28.0},{"not_picked":["Cold Snap+1","Leap+1"],"picked":"Defragment+1","floor":30.0},{"not_picked":["Biased Cognition","Rainbow+1"],"picked":"Echo Form","floor":33.0},{"not_picked":["Melter+1","Ball Lightning+1","Conserve Battery+1"],"picked":"SKIP","floor":35.0},{"not_picked":["Go for the Eyes+1","Reprogram+1","Sunder+1"],"picked":"SKIP","floor":37.0},{"not_picked":["Ball Lightning+1","Streamline+1","Go for the Eyes+1"],"picked":"SKIP","floor":38.0},{"not_picked":["Lockon+1","Steam Power+1"],"picked":"Chill+1","floor":41.0},{"not_picked":["Static Discharge+1","Loop","Leap+1"],"picked":"SKIP","floor":45.0},{"not_picked":["All For One+1","Redo+1"],"picked":"Chaos+1","floor":46.0},{"not_picked":["Go for the Eyes+1","Redo+1","Cold Snap+1"],"picked":"SKIP","floor":47.0},{"not_picked":["Hologram+1","Ball Lightning+1"],"picked":"Machine Learning","floor":48.0}],"player_experience":46741,"relics_obtained":[{"floor":7.0,"key":"Bag of Preparation"},{"floor":9.0,"key":"Toxic Egg 2"},{"floor":10.0,"key":"Gremlin Horn"},{"floor":23.0,"key":"PreservedInsect"},{"floor":26.0,"key":"Molten Egg 2"},{"floor":28.0,"key":"Omamori"},{"floor":41.0,"key":"Pen Nib"},{"floor":43.0,"key":"Bottled Tornado"},{"floor":46.0,"key":"War Paint"}],"event_choices":[{"damage_healed":0.0,"max_hp_gain":0.0,"max_hp_loss":0.0,"gold_gain":0.0,"cards_transformed":["Strike_B","Strike_B"],"event_name":"Drug Dealer","player_choice":"Became Test Subject","floor":19.0,"gold_loss":0.0,"damage_taken":0.0,"cards_obtained":["Steam Power","FTL"]},{"damage_healed":0.0,"max_hp_gain":0.0,"max_hp_loss":0.0,"gold_gain":0.0,"event_name":"Accursed Blacksmith","player_choice":"Rummage","floor":20.0,"gold_loss":0.0,"damage_taken":0.0,"relics_obtained":["WarpedTongs"],"cards_obtained":["Pain"]},{"damage_healed":0.0,"max_hp_gain":0.0,"max_hp_loss":0.0,"gold_gain":0.0,"event_name":"Tomb of Lord Red Mask","player_choice":"Paid","floor":36.0,"gold_loss":162.0,"damage_taken":0.0,"relics_obtained":["Red Mask"]},{"damage_healed":0.0,"max_hp_gain":0.0,"max_hp_loss":0.0,"gold_gain":0.0,"event_name":"Lab","player_choice":"Got Potions","floor":39.0,"gold_loss":0.0,"damage_taken":0.0}],"is_beta":true,"boss_relics":[{"not_picked":["Velvet Choker","Ectoplasm"],"picked":"Philosopher\u0027s Stone"},{"not_picked":["Snecko Eye","Black Star"],"picked":"Lizard Tail"}],"items_purged_floors":[5,21],"is_endless":false,"potions_floor_spawned":[4,7,12,14,18,30,35,45,47],"ascension_level":3}