{"gold_per_floor":[209,222,22,34,52,52,65,65,114,179,190,216,216,242,242,342,342,359,434,445,445],"floor_reached":21,"playtime":1627,"items_purged":[],"score":272,"play_id":"8e352ce5-288b-496b-95ac-4ea950e42ad3","local_time":"20190216170825","is_ascension_mode":true,"campfire_choices":[{"data":"Zap","floor":6,"key":"SMITH"},{"floor":8,"key":"REST"},{"floor":13,"key":"REST"},{"data":"Defragment","floor":15,"key":"SMITH"}],"neow_cost":"NONE","seed_source_timestamp":10055928696816,"circlet_count":0,"master_deck":["AscendersBane","Strike_B","Strike_B","Strike_B","Strike_B","Defend_B","Defend_B","Defend_B","Defend_B","Zap+1","Dualcast","Ball Lightning","Coolheaded","Defragment+1","Leap","Leap","Fusion","Ball Lightning","Double Energy","Barrage","Amplify","Conserve Battery+1","Coolheaded"],"relics":["Cracked Core","Tiny Chest","DataDisk","Matryoshka","Omamori","Bag of Marbles","Lantern","Black Star"],"potions_floor_usage":[16,20,21,21],"damage_taken":[{"damage":7,"enemies":"Small Slimes","floor":1,"turns":3},{"damage":2,"enemies":"Jaw Worm","floor":2,"turns":3},{"damage":0,"enemies":"2 Louse","floor":4,"turns":2},{"damage":11,"enemies":"Lots of Slimes","floor":5,"turns":5},{"damage":3,"enemies":"Exordium Wildlife","floor":7,"turns":4},{"damage":21,"enemies":"Gremlin Nob","floor":10,"turns":5},{"damage":11,"enemies":"Looter","floor":11,"turns":2},{"damage":4,"enemies":"Gremlin Nob","floor":14,"turns":3},{"damage":17,"enemies":"Slime Boss","floor":16,"turns":8},{"damage":20,"enemies":"Shell Parasite","floor":18,"turns":5},{"damage":14,"enemies":"3 Byrds","floor":20,"turns":5},{"damage":29,"enemies":"Snecko","floor":21,"turns":4}],"seed_played":"-8657860158443834333","potions_obtained":[{"floor":1,"key":"Energy Potion"},{"floor":2,"key":"Poison Potion"},{"floor":11,"key":"Dexterity Potion"},{"floor":14,"key":"Fruit Juice"},{"floor":20,"key":"Poison Potion"}],"is_trial":false,"path_per_floor":["M","M","$","M","M","R","M","R","T","?","M","T","R","E","R","B",null,"M","?","M","M"],"character_chosen":"DEFECT","items_purchased":["Defragment","Tiny Chest","Leap"],"campfire_rested":2,"item_purchase_floors":[3,3,3],"current_hp_per_floor":[61,59,59,59,48,48,45,67,67,46,35,35,57,53,53,41,70,50,42,28,0],"gold":445,"neow_bonus":"HUNDRED_GOLD","is_prod":false,"is_daily":false,"chose_seed":false,"campfire_upgraded":2,"win_rate":0,"timestamp":1550333305,"path_taken":["M","M","$","M","M","R","M","R","T","?","M","?","R","E","R","BOSS","M","?","M","?"],"build_version":"2019-01-23","purchased_purges":0,"victory":false,"max_hp_per_floor":[75,75,75,75,75,75,75,75,75,75,75,75,75,75,75,80,80,80,80,80,80],"card_choices":[{"not_picked":["Tempest","Static Discharge"],"picked":"Ball Lightning","floor":1},{"not_picked":["Rebound","Genetic Algorithm"],"picked":"Coolheaded","floor":2},{"not_picked":["Heatsinks","Aggregate"],"picked":"Leap","floor":4},{"not_picked":["Barrage","Stack","Gash"],"picked":"SKIP","floor":5},{"not_picked":["Cold Snap","Barrage"],"picked":"Fusion","floor":7},{"not_picked":["Steam","Recycle"],"picked":"Ball Lightning","floor":10},{"not_picked":["Tempest","Leap"],"picked":"Double Energy","floor":11},{"not_picked":["Rebound","Capacitor"],"picked":"Barrage","floor":14},{"not_picked":["Reboot","All For One"],"picked":"Amplify","floor":16},{"not_picked":["Cold Snap","Sweeping Beam"],"picked":"Conserve Battery+1","floor":18},{"not_picked":["Go for the Eyes","Static Discharge"],"picked":"Coolheaded","floor":20}],"player_experience":412473,"relics_obtained":[{"floor":9,"key":"DataDisk"},{"floor":10,"key":"Matryoshka"},{"floor":12,"key":"Omamori"},{"floor":12,"key":"Bag of Marbles"},{"floor":14,"key":"Lantern"}],"event_choices":[{"damage_healed":0,"gold_gain":30,"player_choice":"Searched \u00272\u0027 times","damage_taken":0,"max_hp_gain":0,"max_hp_loss":0,"event_name":"Dead Adventurer","floor":10,"gold_loss":0},{"damage_healed":0,"gold_gain":75,"player_choice":"Touch","damage_taken":8,"max_hp_gain":0,"max_hp_loss":0,"event_name":"FaceTrader","floor":19,"gold_loss":0}],"is_beta":false,"boss_relics":[{"not_picked":["White Beast Statue","Cursed Key"],"picked":"Black Star"}],"items_purged_floors":[],"is_endless":false,"potions_floor_spawned":[1,2,11,14,20],"killed_by":"Snecko","ascension_level":10}