{"gold_per_floor":[119,119,119,130,20,20,38,38,38,52,52,52,52,70,70,170,170,188,199,298,388,406,406,30,43,92,107,124,134,134,134,134,239,289,303,303,303,303,322,322,333,40,40,27,37,0,10,110,110,110],"floor_reached":50,"playtime":10655,"items_purged":["Strike_B","Defend_B","Defend_B"],"score":434,"play_id":"5197df7f-bb07-4610-ba3d-64397ec9fe7e","local_time":"20190227172424","is_ascension_mode":false,"campfire_choices":[{"data":"Fusion","floor":6.0,"key":"SMITH"},{"data":"Dualcast","floor":8.0,"key":"SMITH"},{"data":"Steam","floor":11.0,"key":"SMITH"},{"data":"Sunder","floor":13.0,"key":"SMITH"},{"floor":15.0,"key":"REST"},{"floor":23.0,"key":"REST"},{"data":"Double Energy","floor":32.0,"key":"SMITH"},{"data":"Zap","floor":40.0,"key":"SMITH"},{"floor":49,"key":"REST"}],"neow_cost":"NONE","seed_source_timestamp":0,"circlet_count":0,"master_deck":["Strike_B","Strike_B+1","Strike_B","Defend_B","Defend_B","Zap+1","Dualcast+1","Fusion+1","Cold Snap","Sunder+1","Capacitor","Steam+1","Reinforced Body","Electrodynamics","Stack","Streamline+1","Reinforced Body","Double Energy+1","Tempest","Conserve Battery+1","Coolheaded+1","Streamline+1","Melter","Static Discharge+1","Self Repair+1","Genetic Algorithm+1","Barrage+1"],"special_seed":0,"relics":["Cracked Core","Omamori","WarpedTongs","Pen Nib","Nuclear Battery","Membership Card","Regal Pillow","Bag of Preparation","Tiny House","Shuriken","Lee\u0027s Waffle","MawBank","Bird Faced Urn"],"potions_floor_usage":[47],"damage_taken":[{"damage":0.0,"enemies":"Cultist","floor":1.0,"turns":4.0},{"damage":6.0,"enemies":"Jaw Worm","floor":4.0,"turns":3.0},{"damage":2.0,"enemies":"Small Slimes","floor":7.0,"turns":3.0},{"damage":3.0,"enemies":"Looter","floor":10.0,"turns":3.0},{"damage":0.0,"enemies":"3 Louse","floor":14.0,"turns":2.0},{"damage":22.0,"enemies":"Hexaghost","floor":16.0,"turns":11.0},{"damage":12.0,"enemies":"Shell Parasite","floor":18.0,"turns":6.0},{"damage":0.0,"enemies":"Spheric Guardian","floor":19.0,"turns":2.0},{"damage":0.0,"enemies":"3 Cultists","floor":22.0,"turns":5.0},{"damage":5.0,"enemies":"Cultist and Chosen","floor":25.0,"turns":5.0},{"damage":0.0,"enemies":"Snecko","floor":27.0,"turns":4.0},{"damage":0.0,"enemies":"3 Cultists","floor":28.0,"turns":5.0},{"damage":10.0,"enemies":"Centurion and Healer","floor":29.0,"turns":3.0},{"damage":30.0,"enemies":"Collector","floor":33.0,"turns":11.0},{"damage":0.0,"enemies":"Orb Walker","floor":35.0,"turns":2.0},{"damage":2.0,"enemies":"3 Shapes","floor":39.0,"turns":4.0},{"damage":4.0,"enemies":"Transient","floor":41.0,"turns":5.0},{"damage":13.0,"enemies":"Jaw Worm Horde","floor":45.0,"turns":4.0},{"damage":29,"enemies":"Spire Growth","floor":47,"turns":6},{"damage":32,"enemies":"Mind Bloom Boss Battle","floor":48,"turns":7},{"damage":89,"enemies":"Time Eater","floor":50,"turns":7}],"seed_played":"1960210865755972986","potions_obtained":[{"floor":4.0,"key":"Weak Potion"},{"floor":7.0,"key":"SneckoOil"},{"floor":14.0,"key":"EssenceOfSteel"},{"floor":18.0,"key":"Fire Potion"},{"floor":19.0,"key":"LiquidBronze"},{"floor":22.0,"key":"EssenceOfSteel"},{"floor":29.0,"key":"PowerPotion"},{"floor":34.0,"key":"Swift Potion"},{"floor":38.0,"key":"FearPotion"},{"floor":38.0,"key":"Block Potion"},{"floor":38.0,"key":"EntropicBrew"},{"floor":39.0,"key":"EntropicBrew"}],"is_trial":false,"path_per_floor":["M","?","?","M","$","R","M","R","T","M","R","$","R","M","R","B",null,"M","M","?","?","M","R","$","M","T","M","M","M","?","?","R","B",null,"M","?","?","?","M","R","M","$","T","$","M","$","M","?","R","B"],"character_chosen":"DEFECT","items_purchased":["Sunder","Membership Card","Double Energy","Tempest","Regal Pillow","Shuriken","Lee\u0027s Waffle","Energy Potion","LiquidBronze"],"campfire_rested":3,"item_purchase_floors":[5,24,24,24,24,42,42,44,46],"current_hp_per_floor":[75,75,75,69,69,69,67,67,67,64,64,64,64,64,75,53,75,63,63,63,49,49,71,71,66,66,66,66,56,56,75,75,45,80,80,76,76,76,74,74,76,83,83,83,70,70,51,29,68,0],"gold":110,"neow_bonus":"RANDOM_COMMON_RELIC","is_prod":false,"is_daily":false,"chose_seed":false,"campfire_upgraded":6,"win_rate":0.0,"timestamp":1551306264,"path_taken":["M","?","?","M","$","R","M","R","T","?","R","$","R","M","R","BOSS","M","M","?","?","M","R","$","M","T","M","M","?","?","?","R","BOSS","M","?","?","?","M","R","M","$","T","$","?","?","M","?","R","BOSS"],"build_version":"2019-01-23","purchased_purges":3,"victory":false,"max_hp_per_floor":[75,75,75,75,75,75,75,75,75,75,75,75,75,75,75,75,75,75,75,75,75,75,75,75,75,75,75,75,75,75,75,75,75,80,80,76,76,76,76,76,76,83,83,83,83,83,83,83,83,83],"card_choices":[{"not_picked":["Barrage","Ball Lightning"],"picked":"Fusion","floor":1.0},{"not_picked":["Steam","Leap"],"picked":"Cold Snap","floor":4.0},{"not_picked":["Static Discharge","Compile Driver"],"picked":"Capacitor","floor":7.0},{"not_picked":["Beam Cell","Force Field"],"picked":"Steam","floor":10.0},{"not_picked":["Coolheaded","Hologram"],"picked":"Reinforced Body","floor":14.0},{"not_picked":["Multi-Cast","Amplify"],"picked":"Electrodynamics","floor":16.0},{"not_picked":["Compile Driver+1","Cold Snap"],"picked":"Stack","floor":18.0},{"not_picked":["Steam Power","Beam Cell+1"],"picked":"Streamline+1","floor":19.0},{"not_picked":["Sweeping Beam","Aggregate"],"picked":"Reinforced Body","floor":22.0},{"not_picked":["Gash","Sweeping Beam"],"picked":"Conserve Battery+1","floor":25.0},{"not_picked":["Cold Snap","BootSequence","Turbo"],"picked":"SKIP","floor":27.0},{"not_picked":["Barrage","Compile Driver"],"picked":"Coolheaded+1","floor":28.0},{"not_picked":["Reboot","Ball Lightning"],"picked":"Streamline+1","floor":29.0},{"not_picked":["Conserve Battery+1","Barrage"],"picked":"Melter","floor":34.0},{"not_picked":["Melter","Sweeping Beam+1"],"picked":"Static Discharge+1","floor":35.0},{"not_picked":["Recycle+1","Gash"],"picked":"Self Repair+1","floor":39.0},{"not_picked":["Compile Driver","Recycle"],"picked":"Genetic Algorithm+1","floor":41.0},{"not_picked":["Coolheaded+1","Hologram+1","Fusion+1"],"picked":"SKIP","floor":45.0},{"not_picked":["Ball Lightning+1","Storm+1","Turbo+1"],"picked":"SKIP","floor":47},{"not_picked":["Tempest","Static Discharge+1"],"picked":"Barrage+1","floor":48}],"player_experience":187520,"relics_obtained":[{"floor":9.0,"key":"Pen Nib"},{"floor":26.0,"key":"Bag of Preparation"},{"floor":43.0,"key":"MawBank"},{"floor":48,"key":"Bird Faced Urn"}],"event_choices":[{"damage_healed":0.0,"max_hp_gain":0.0,"max_hp_loss":0.0,"gold_gain":0.0,"event_name":"Scrap Ooze","player_choice":"Fled","floor":2.0,"gold_loss":0.0,"damage_taken":0.0},{"damage_healed":0.0,"max_hp_gain":0.0,"max_hp_loss":0.0,"gold_gain":0.0,"event_name":"Accursed Blacksmith","player_choice":"Rummage","floor":3.0,"gold_loss":0.0,"damage_taken":0.0,"relics_obtained":["WarpedTongs"],"cards_obtained":["Pain"]},{"damage_healed":0.0,"max_hp_gain":0.0,"max_hp_loss":0.0,"gold_gain":99.0,"event_name":"Nest","player_choice":"Stole From Cult","floor":20.0,"gold_loss":0.0,"damage_taken":0.0},{"damage_healed":0.0,"max_hp_gain":0.0,"max_hp_loss":0.0,"gold_gain":90.0,"event_name":"Knowing Skull","player_choice":"GOLD ","floor":21.0,"potions_obtained":[],"gold_loss":0.0,"damage_taken":14.0,"cards_obtained":[]},{"damage_healed":0.0,"max_hp_gain":0.0,"max_hp_loss":0.0,"gold_gain":0.0,"event_name":"Forgotten Altar","player_choice":"Smashed Altar","floor":30.0,"gold_loss":0.0,"damage_taken":0.0,"cards_obtained":["Decay"]},{"damage_healed":25.0,"max_hp_gain":0.0,"max_hp_loss":0.0,"gold_gain":0.0,"event_name":"The Library","player_choice":"Heal","floor":31.0,"gold_loss":0.0,"damage_taken":0.0},{"damage_healed":0.0,"max_hp_gain":0.0,"max_hp_loss":4.0,"gold_gain":0.0,"event_name":"Winding Halls","player_choice":"Max HP","floor":36.0,"gold_loss":0.0,"damage_taken":0.0},{"damage_healed":0.0,"max_hp_gain":0.0,"max_hp_loss":0.0,"gold_gain":0.0,"event_name":"SensoryStone","player_choice":"Memory 1","floor":37.0,"gold_loss":0.0,"damage_taken":0.0},{"damage_healed":0.0,"max_hp_gain":0.0,"max_hp_loss":0.0,"gold_gain":0.0,"event_name":"Lab","player_choice":"Got Potions","floor":38.0,"gold_loss":0.0,"damage_taken":0.0},{"damage_healed":0,"gold_gain":0,"player_choice":"Fight","damage_taken":0,"max_hp_gain":0,"max_hp_loss":0,"event_name":"MindBloom","floor":48,"gold_loss":0}],"is_beta":false,"boss_relics":[{"not_picked":["Runic Pyramid","Ectoplasm"],"picked":"Nuclear Battery"},{"not_picked":["Cursed Key","Velvet Choker"],"picked":"Tiny House"}],"items_purged_floors":[5,24,42],"is_endless":false,"potions_floor_spawned":[4,7,14,18,19,22,29,39],"killed_by":"Time Eater","ascension_level":0}