{"gold_per_floor":[117,12,27,46,59,59,92,92,92,92,105,105,105,128,128,128],"floor_reached":16,"playtime":1099,"items_purged":[],"score":194,"play_id":"e6fcda57-a2a3-431e-863d-9b1f9a23a714","local_time":"20190110194352","is_ascension_mode":true,"campfire_choices":[{"data":"Mayhem","floor":6,"key":"SMITH"},{"floor":10,"key":"REST"},{"floor":12,"key":"REST"},{"data":"Body Slam","floor":15,"key":"SMITH"}],"neow_cost":"PERCENT_DAMAGE","seed_source_timestamp":1753199352651164,"circlet_count":0,"master_deck":["AscendersBane","Strike_R","Strike_R","Strike_R","Strike_R","Strike_R","Defend_R","Defend_R","Defend_R","Defend_R","Bash","Panache","Mayhem+1","Shrug It Off","Body Slam+1","Shrug It Off","Perfected Strike","Clothesline","Whirlwind","Corruption","Seeing Red"],"relics":["Burning Blood","Blood Vial","Darkstone Periapt","Golden Idol"],"potions_floor_usage":[7,16],"damage_taken":[{"damage":6,"enemies":"Cultist","floor":1,"turns":3},{"damage":0,"enemies":"Jaw Worm","floor":3,"turns":5},{"damage":9,"enemies":"2 Louse","floor":4,"turns":3},{"damage":18,"enemies":"Large Slime","floor":5,"turns":7},{"damage":41,"enemies":"Gremlin Nob","floor":7,"turns":5},{"damage":5,"enemies":"2 Fungi Beasts","floor":11,"turns":6},{"damage":12,"enemies":"3 Louse","floor":14,"turns":3},{"damage":16,"enemies":"Slime Boss","floor":16,"turns":6}],"seed_played":"506249205319270864","potions_obtained":[{"floor":1,"key":"BloodPotion"},{"floor":11,"key":"EssenceOfSteel"},{"floor":14,"key":"Block Potion"}],"is_trial":false,"path_per_floor":["M","$","M","M","M","R","E","?","T","R","M","R","?","M","R","B"],"character_chosen":"IRONCLAD","items_purchased":["Body Slam","Shrug It Off"],"campfire_rested":2,"item_purchase_floors":[2,2],"current_hp_per_floor":[50,50,56,53,41,41,13,2,2,24,27,49,49,45,45,31],"gold":128,"neow_bonus":"RANDOM_COLORLESS_2","is_prod":false,"is_daily":false,"chose_seed":false,"campfire_upgraded":2,"win_rate":0,"timestamp":1547145832,"path_taken":["M","$","M","?","M","R","E","?","T","R","?","R","?","M","R","BOSS"],"build_version":"2019-01-03v4","purchased_purges":0,"victory":false,"max_hp_per_floor":[75,75,75,75,75,75,75,75,75,75,75,75,68,68,68,68],"card_choices":[{"not_picked":["Flex","Cleave"],"picked":"Shrug It Off","floor":1},{"not_picked":["Thunderclap","Twin Strike"],"picked":"Perfected Strike","floor":3},{"not_picked":["Sever Soul","Bloodletting"],"picked":"Clothesline","floor":4},{"not_picked":["Sword Boomerang","Power Through","Headbutt"],"picked":"SKIP","floor":5},{"not_picked":["Clash","Warcry"],"picked":"Whirlwind","floor":7},{"not_picked":["Heavy Blade","Corruption","Wild Strike"],"picked":"SKIP","floor":11},{"not_picked":["Heavy Blade","Wild Strike"],"picked":"Corruption","floor":11},{"not_picked":["Clothesline","Heavy Blade"],"picked":"Seeing Red","floor":14}],"player_experience":847309,"relics_obtained":[{"floor":7,"key":"Blood Vial"},{"floor":9,"key":"Darkstone Periapt"}],"event_choices":[{"damage_healed":0,"gold_gain":0,"player_choice":"Damaged","damage_taken":11,"max_hp_gain":0,"max_hp_loss":0,"event_name":"Wheel of Change","floor":8,"gold_loss":0},{"damage_healed":0,"gold_gain":0,"player_choice":"Lose Max HP","damage_taken":0,"relics_obtained":["Golden Idol"],"max_hp_gain":0,"max_hp_loss":7,"event_name":"Golden Idol","floor":13,"gold_loss":0}],"is_beta":false,"boss_relics":[],"items_purged_floors":[],"is_endless":false,"potions_floor_spawned":[1,11,14],"killed_by":"Slime Boss","ascension_level":18}