{"gold_per_floor":[113,113,128,146,221,221,238,238,268,294,294,307,128,143,143,246,246,260,260,276,83,103,103,122,154,154,154,154,154,174,174,174,272,322,339,359,359,52,52,52,52,72,124,124,134,150,150,166,166,166],"floor_reached":51,"playtime":1701,"items_purged":[],"score":844,"play_id":"51d8515d-c37d-498c-acc5-d74492195e71","local_time":"20181023204421","daily_mods":["SealedDeck","Vintage","Binary"],"is_ascension_mode":false,"campfire_choices":[{"data":"Streamline","floor":6,"key":"SMITH"},{"data":"Scrape","floor":11,"key":"SMITH"},{"data":"Beam Cell","floor":15,"key":"SMITH"},{"data":"Reboot","floor":23,"key":"SMITH"},{"data":"FTL","floor":32,"key":"SMITH"},{"data":"Steam","floor":40,"key":"PURGE"},{"data":"Undo","floor":44,"key":"PURGE"},{"data":"Conserve Battery+1","floor":47,"key":"PURGE"},{"data":"Streamline+1","floor":49,"key":"PURGE"}],"neow_cost":"","seed_source_timestamp":0,"circlet_count":0,"master_deck":["Leap+1","Rebound","FTL+1","Gash","Gash","Scrape+1","Beam Cell+1","Reboot+1","Gash"],"relics":["Cracked Core","Busted Crown","Meat on the Bone","Vajra","Question Card","Pantograph","Bottled Lightning","Tiny Chest","Mango","MawBank","Regal Pillow","Smiling Mask","Peace Pipe","Sozu","Symbiotic Virus","Boot","ClockworkSouvenir","Juzu Bracelet","Bag of Preparation","Unceasing Top","Singing Bowl","Gambling Chip","Bag of Marbles","Tiny House","Art of War","Ice Cream","Ornamental Fan","Blue Candle","Omamori","War Paint","Emotion Chip","Blood Vial"],"potions_floor_usage":[10,25],"damage_taken":[{"damage":0,"enemies":"2 Louse","floor":1,"turns":2},{"damage":0,"enemies":"Jaw Worm","floor":3,"turns":2},{"damage":0,"enemies":"Small Slimes","floor":4,"turns":2},{"damage":0,"enemies":"Looter","floor":7,"turns":2},{"damage":0,"enemies":"3 Sentries","floor":10,"turns":5},{"damage":3,"enemies":"Blue Slaver","floor":12,"turns":2},{"damage":0,"enemies":"Exordium Wildlife","floor":14,"turns":2},{"damage":0,"enemies":"Slime Boss","floor":16,"turns":5},{"damage":0,"enemies":"2 Thieves","floor":18,"turns":2},{"damage":0,"enemies":"Chosen","floor":20,"turns":2},{"damage":0,"enemies":"Shelled Parasite and Fungi","floor":22,"turns":2},{"damage":0,"enemies":"Snecko","floor":24,"turns":1},{"damage":1,"enemies":"Gremlin Leader","floor":25,"turns":2},{"damage":0,"enemies":"Snake Plant","floor":30,"turns":1},{"damage":16,"enemies":"Automaton","floor":33,"turns":4},{"damage":6,"enemies":"3 Shapes","floor":35,"turns":3},{"damage":0,"enemies":"3 Darklings","floor":36,"turns":3},{"damage":0,"enemies":"Sphere and 2 Shapes","floor":42,"turns":2},{"damage":0,"enemies":"Transient","floor":45,"turns":3},{"damage":0,"enemies":"Spire Growth","floor":46,"turns":1},{"damage":0,"enemies":"Maw","floor":48,"turns":2},{"damage":15,"enemies":"Time Eater","floor":50,"turns":3}],"seed_played":"5446149813231196407","potions_obtained":[{"floor":1,"key":"LiquidBronze"},{"floor":7,"key":"Energy Potion"},{"floor":10,"key":"LiquidBronze"}],"is_trial":true,"path_per_floor":["M","?","M","M","?","R","M","T","T","E","R","M","$","M","R","B",null,"M","?","M","$","M","R","M","E","T","$","?","?","M","$","R","B",null,"M","M","?","$","?","R","?","M","T","R","M","M","R","M","R","B"],"character_chosen":"DEFECT","items_purchased":["Beam Cell","Regal Pillow","ClockworkSouvenir","Ornamental Fan","Gash"],"campfire_rested":0,"item_purchase_floors":[13,13,21,38,38],"current_hp_per_floor":[75,75,75,75,75,75,75,75,75,89,89,86,86,86,86,89,89,89,89,89,89,89,89,89,88,88,88,88,80,80,80,80,75,98,92,92,92,92,92,92,92,92,92,92,92,92,92,92,92,78],"gold":166,"neow_bonus":"","is_prod":false,"is_daily":false,"chose_seed":false,"campfire_upgraded":5,"win_rate":0,"timestamp":1540320261,"path_taken":["M","?","M","M","?","R","?","?","T","E","R","M","$","M","R","BOSS","M","?","M","$","M","R","M","E","T","$","?","?","M","$","R","BOSS","M","M","?","$","?","R","?","M","T","R","M","M","R","M","R","BOSS"],"build_version":"2018-10-18","purchased_purges":0,"victory":true,"max_hp_per_floor":[75,75,75,75,75,75,75,75,75,89,89,89,89,89,89,89,89,89,89,89,89,89,89,89,89,89,89,89,89,89,89,89,91,98,98,98,93,93,93,93,93,93,93,93,93,93,93,93,93,93],"card_choices":[{"not_picked":[],"picked":"Scrape","floor":10},{"not_picked":[],"picked":"Reboot","floor":16},{"not_picked":["Skim"],"picked":"SKIP","floor":25},{"not_picked":["Fission"],"picked":"Singing Bowl","floor":33},{"not_picked":["Static Discharge"],"picked":"Singing Bowl","floor":34}],"player_experience":568498,"relics_obtained":[{"floor":1,"key":"Meat on the Bone"},{"floor":3,"key":"Vajra"},{"floor":4,"key":"Question Card"},{"floor":7,"key":"Pantograph"},{"floor":8,"key":"Bottled Lightning"},{"floor":9,"key":"Tiny Chest"},{"floor":10,"key":"Mango"},{"floor":12,"key":"MawBank"},{"floor":14,"key":"Smiling Mask"},{"floor":16,"key":"Peace Pipe"},{"floor":18,"key":"Symbiotic Virus"},{"floor":20,"key":"Boot"},{"floor":22,"key":"Juzu Bracelet"},{"floor":24,"key":"Bag of Preparation"},{"floor":25,"key":"Unceasing Top"},{"floor":26,"key":"Singing Bowl"},{"floor":30,"key":"Gambling Chip"},{"floor":33,"key":"Bag of Marbles"},{"floor":35,"key":"Art of War"},{"floor":36,"key":"Ice Cream"},{"floor":42,"key":"Blue Candle"},{"floor":43,"key":"Omamori"},{"floor":45,"key":"War Paint"},{"floor":46,"key":"Emotion Chip"},{"floor":48,"key":"Blood Vial"}],"event_choices":[{"damage_healed":0,"gold_gain":0,"player_choice":"Ignored","damage_taken":0,"max_hp_gain":0,"max_hp_loss":0,"event_name":"Liars Game","floor":2,"gold_loss":0},{"damage_healed":0,"gold_gain":75,"player_choice":"Gained Gold","damage_taken":0,"max_hp_gain":0,"max_hp_loss":0,"event_name":"Golden Wing","floor":5,"gold_loss":0},{"damage_healed":0,"gold_gain":0,"player_choice":"Ignored","damage_taken":0,"max_hp_gain":0,"max_hp_loss":0,"event_name":"Transmorgrifier","floor":19,"gold_loss":0},{"damage_healed":0,"gold_gain":0,"player_choice":"Ignored","damage_taken":0,"max_hp_gain":0,"max_hp_loss":0,"event_name":"Vampires","floor":28,"gold_loss":0},{"damage_healed":0,"gold_gain":0,"player_choice":"","damage_taken":8,"max_hp_gain":0,"max_hp_loss":0,"event_name":"Knowing Skull","floor":29,"potions_obtained":[],"gold_loss":0,"cards_obtained":[]},{"damage_healed":0,"gold_gain":0,"player_choice":"Max HP","damage_taken":0,"max_hp_gain":0,"max_hp_loss":5,"event_name":"Winding Halls","floor":37,"gold_loss":0},{"damage_healed":0,"gold_gain":0,"player_choice":"Ignored","damage_taken":0,"max_hp_gain":0,"max_hp_loss":0,"event_name":"Mysterious Sphere","floor":39,"gold_loss":0},{"cards_removed":["Steam"],"damage_healed":0,"gold_gain":0,"player_choice":"Removed Skill","damage_taken":0,"max_hp_gain":0,"max_hp_loss":0,"event_name":"Falling","floor":41,"gold_loss":0}],"is_beta":false,"boss_relics":[{"not_picked":["Inserter","Velvet Choker"],"picked":"Sozu"},{"not_picked":["Runic Pyramid","Empty Cage"],"picked":"Tiny House"}],"items_purged_floors":[],"is_endless":false,"potions_floor_spawned":[1,7,10,22,24,25,35,42,48],"ascension_level":0}