{"gold_per_floor":[116,131,131,143,162,162,182,212,285,299,299,317,378,378,378,378],"floor_reached":16,"playtime":691,"items_purged":[],"score":172,"play_id":"cfb1d226-c888-4000-a24d-72dab53bec5e","local_time":"20181026175452","is_ascension_mode":true,"campfire_choices":[{"data":"Genetic Algorithm","floor":6,"key":"SMITH"},{"data":"Streamline","floor":11,"key":"SMITH"},{"data":"Rip and Tear","floor":15,"key":"SMITH"}],"neow_cost":"NONE","seed_source_timestamp":16809684043614,"circlet_count":0,"master_deck":["Strike_B","Strike_B","Strike_B","Defend_B","Defend_B","Defend_B","Zap","Dualcast","AscendersBane","Genetic Algorithm+1","Steam","Rip and Tear+1","Streamline+1","Auto Shields","Self Repair"],"relics":["Empty Cage","Bird Faced Urn","Pear","Golden Idol"],"potions_floor_usage":[2,7,8],"damage_taken":[{"damage":8,"enemies":"Jaw Worm","floor":1,"turns":4},{"damage":7,"enemies":"Small Slimes","floor":2,"turns":4},{"damage":13,"enemies":"Cultist","floor":4,"turns":5},{"damage":12,"enemies":"Large Slime","floor":5,"turns":6},{"damage":4,"enemies":"Blue Slaver","floor":7,"turns":4},{"damage":21,"enemies":"Gremlin Nob","floor":8,"turns":4},{"damage":0,"enemies":"Exordium Wildlife","floor":10,"turns":2},{"damage":9,"enemies":"3 Louse","floor":12,"turns":4},{"damage":37,"enemies":"The Guardian","floor":16,"turns":10}],"seed_played":"1940361659740571534","potions_obtained":[{"floor":1,"key":"SteroidPotion"},{"floor":2,"key":"Swift Potion"},{"floor":5,"key":"FearPotion"},{"floor":12,"key":"Energy Potion"}],"is_trial":false,"path_per_floor":["M","M","?","M","M","R","M","E","T","M","R","M","?","?","R"],"character_chosen":"DEFECT","items_purchased":[],"campfire_rested":0,"item_purchase_floors":[],"current_hp_per_floor":[60,53,75,62,50,50,46,25,35,35,35,35,35,35,35,0],"gold":378,"neow_bonus":"BOSS_RELIC","is_prod":false,"is_daily":false,"chose_seed":false,"campfire_upgraded":3,"win_rate":0,"timestamp":1540569292,"path_taken":["M","M","?","M","M","R","M","E","T","M","R","M","?","?","R","BOSS"],"build_version":"2018-10-25v2","purchased_purges":0,"victory":false,"max_hp_per_floor":[75,75,75,75,75,75,75,75,85,85,85,85,85,79,79,79],"card_choices":[{"not_picked":["Consume","Compile Driver"],"picked":"Genetic Algorithm","floor":1},{"not_picked":["Reprogram","Consume"],"picked":"Steam","floor":2},{"not_picked":["Capacitor","Sweeping Beam"],"picked":"Rip and Tear","floor":4},{"not_picked":["Scrape","Blizzard"],"picked":"Streamline","floor":5},{"not_picked":["Gash","Coolheaded"],"picked":"Auto Shields","floor":7},{"not_picked":["Scrape","Hologram"],"picked":"Self Repair","floor":8},{"not_picked":["Turbo","Sweeping Beam","Rebound"],"picked":"SKIP","floor":10},{"not_picked":["Turbo","Scrape","Static Discharge"],"picked":"SKIP","floor":12}],"player_experience":577292,"relics_obtained":[{"floor":8,"key":"Bird Faced Urn"},{"floor":9,"key":"Pear"}],"event_choices":[{"damage_healed":25,"gold_gain":0,"player_choice":"Banana","damage_taken":0,"max_hp_gain":0,"max_hp_loss":0,"event_name":"Big Fish","floor":3,"gold_loss":0},{"damage_healed":0,"gold_gain":61,"player_choice":"Gained Gold","damage_taken":0,"max_hp_gain":0,"max_hp_loss":0,"event_name":"Golden Wing","floor":13,"gold_loss":0},{"damage_healed":0,"gold_gain":0,"player_choice":"Lose Max HP","damage_taken":0,"relics_obtained":["Golden Idol"],"max_hp_gain":0,"max_hp_loss":6,"event_name":"Golden Idol","floor":14,"gold_loss":0}],"is_beta":false,"boss_relics":[],"items_purged_floors":[],"is_endless":false,"potions_floor_spawned":[1,2,5,12],"killed_by":"The Guardian","ascension_level":13}