{"gold_per_floor":[16,16,30,30,30,55,55,81,81,101,131,155,105,123,123,123],"floor_reached":16,"playtime":1017,"items_purged":["Regret"],"score":142,"play_id":"7157ddc5-28a0-40b9-aa26-d63d0194ff33","local_time":"20190128104431","is_ascension_mode":true,"campfire_choices":[{"floor":15,"key":"REST"}],"neow_cost":"NO_GOLD","seed_source_timestamp":67293933838197,"circlet_count":0,"master_deck":["Strike_R","Strike_R","Strike_R","Defend_R","Defend_R","Defend_R+1","Defend_R","Bash","Body Slam","Corruption","Whirlwind+1","Flex+1","Thunderclap","Offering","True Grit"],"relics":["Burning Blood","Ice Cream","War Paint","Ginger","Incense Burner","Regal Pillow","Smiling Mask"],"potions_floor_usage":[6,8,16],"damage_taken":[{"damage":1,"enemies":"Cultist","floor":1,"turns":4},{"damage":17,"enemies":"Jaw Worm","floor":3,"turns":3},{"damage":26,"enemies":"3 Sentries","floor":6,"turns":7},{"damage":30,"enemies":"Lagavulin","floor":8,"turns":5},{"damage":0,"enemies":"Small Slimes","floor":10,"turns":1},{"damage":24,"enemies":"3 Sentries","floor":11,"turns":4},{"damage":7,"enemies":"Looter","floor":14,"turns":3},{"damage":67,"enemies":"Hexaghost","floor":16,"turns":9}],"seed_played":"-6586952931030043345","potions_obtained":[{"floor":3,"key":"SkillPotion"},{"floor":6,"key":"Fire Potion"},{"floor":14,"key":"Regen Potion"}],"is_trial":false,"path_per_floor":["?","?","$","?","T"],"character_chosen":"IRONCLAD","items_purchased":[],"campfire_rested":1,"item_purchase_floors":[],"current_hp_per_floor":[80,80,69,69,69,49,49,25,25,31,13,13,13,12,51,0],"gold":123,"neow_bonus":"TRANSFORM_TWO_CARDS","is_prod":false,"is_daily":false,"chose_seed":false,"campfire_upgraded":0,"win_rate":0,"timestamp":1548643471,"path_taken":["M","?","M","?","?","E","?","E","T","M","E","?","$","M","R","BOSS"],"build_version":"2019-01-23","purchased_purges":1,"victory":false,"max_hp_per_floor":[80,80,80,80,80,80,80,80,80,80,80,80,80,80,80,80],"card_choices":[{"not_picked":["Headbutt","Armaments"],"picked":"Whirlwind","floor":1},{"not_picked":["Whirlwind","Anger"],"picked":"Flex","floor":3},{"not_picked":["Dropkick","Corruption","Pummel"],"picked":"SKIP","floor":6},{"not_picked":["Searing Blow","Anger"],"picked":"Thunderclap","floor":8},{"not_picked":["Anger","Burning Pact","Dual Wield"],"picked":"SKIP","floor":10},{"not_picked":["Flex","Cleave"],"picked":"Offering","floor":11},{"not_picked":["Heavy Blade","Warcry"],"picked":"True Grit","floor":14}],"player_experience":71679,"relics_obtained":[{"floor":6,"key":"War Paint"},{"floor":8,"key":"Ginger"},{"floor":9,"key":"Incense Burner"},{"floor":11,"key":"Regal Pillow"},{"floor":12,"key":"Smiling Mask"}],"event_choices":[{"damage_healed":0,"gold_gain":0,"player_choice":"Box","damage_taken":0,"relics_obtained":["Ice Cream"],"max_hp_gain":0,"max_hp_loss":0,"event_name":"Big Fish","floor":2,"gold_loss":0,"cards_obtained":["Regret"]},{"damage_healed":0,"gold_gain":0,"player_choice":"Leave","damage_taken":0,"max_hp_gain":0,"max_hp_loss":0,"event_name":"The Cleric","floor":4,"gold_loss":0},{"damage_healed":0,"gold_gain":0,"player_choice":"Grow","damage_taken":0,"max_hp_gain":0,"max_hp_loss":0,"event_name":"Living Wall","floor":7,"gold_loss":0,"cards_upgraded":["Whirlwind"]}],"is_beta":false,"boss_relics":[],"items_purged_floors":[13],"is_endless":false,"potions_floor_spawned":[3,6,14],"killed_by":"Hexaghost","ascension_level":4}