{"gold_per_floor":[114,134,36,36,55,55,83,83,110,36,36,52,52,79,79,79],"floor_reached":16,"playtime":396,"items_purged":["Strike_B"],"score":146,"play_id":"7b2cdc09-28d3-43a8-b871-b8f2f7906862","local_time":"20180908194939","is_ascension_mode":true,"campfire_choices":[{"data":"Barrage","floor":6,"key":"SMITH"},{"floor":11,"key":"REST"},{"data":"Steam","floor":13,"key":"SMITH"},{"data":"Bandage Up","floor":15,"key":"SMITH"}],"neow_cost":"NONE","seed_source_timestamp":115775461023494,"circlet_count":0,"master_deck":["Strike_B","Strike_B","Strike_B","Defend_B+1","Defend_B","Defend_B","Defend_B","Zap+1","Dualcast","Loop+1","Ball Lightning","Barrage+1","Beam Cell","Bandage Up+1","Steam+1"],"relics":["Cracked Core","Ancient Tea Set","The Courier","Pen Nib","StoneCalendar"],"potions_floor_usage":[7],"damage_taken":[{"damage":0,"enemies":"Cultist","floor":1,"turns":3},{"damage":6,"enemies":"Jaw Worm","floor":2,"turns":4},{"damage":0,"enemies":"2 Louse","floor":5,"turns":2},{"damage":22,"enemies":"3 Sentries","floor":7,"turns":6},{"damage":0,"enemies":"Exordium Wildlife","floor":12,"turns":3},{"damage":8,"enemies":"Gremlin Nob","floor":14,"turns":3},{"damage":49,"enemies":"The Guardian","floor":16,"turns":9}],"seed_played":"-3308199897876673676","potions_obtained":[{"floor":2,"key":"Swift Potion"},{"floor":12,"key":"LiquidBronze"},{"floor":14,"key":"FearPotion"}],"is_trial":false,"path_per_floor":["M","M","$","?","M","R","E","?","T","$","R","M","R","E","R"],"character_chosen":"DEFECT","items_purchased":["Barrage","Bandage Up"],"campfire_rested":1,"item_purchase_floors":[3,10],"current_hp_per_floor":[68,62,62,47,47,47,25,25,25,25,47,47,47,43,43,0],"gold":79,"neow_bonus":"UPGRADE_CARD","is_prod":false,"is_daily":false,"chose_seed":false,"campfire_upgraded":3,"win_rate":0,"timestamp":1536428979,"path_taken":["M","M","$","?","M","R","E","?","T","?","R","M","R","E","R","BOSS"],"build_version":"2018-09-06","purchased_purges":1,"victory":false,"max_hp_per_floor":[75,75,75,75,75,75,75,75,75,75,75,75,75,75,75,75],"card_choices":[{"not_picked":["Rebound","Consume"],"picked":"Loop","floor":1},{"not_picked":["Skim","Fusion"],"picked":"Ball Lightning","floor":2},{"not_picked":["Rebound","Turbo","Stack"],"picked":"SKIP","floor":5},{"not_picked":["Static Discharge","Gash"],"picked":"Beam Cell","floor":7},{"not_picked":["Rebound","Reprogram"],"picked":"Steam","floor":12},{"not_picked":["Streamline","Reprogram","Rip and Tear"],"picked":"SKIP","floor":14}],"player_experience":394934,"relics_obtained":[{"floor":7,"key":"Ancient Tea Set"},{"floor":9,"key":"Pen Nib"},{"floor":14,"key":"StoneCalendar"}],"event_choices":[{"event_name":"Shining Light","player_choice":"Entered Light","floor":4,"damage_taken":0},{"event_name":"Dead Adventurer","player_choice":"Searched \u00271\u0027 times","floor":8,"damage_taken":0}],"is_beta":false,"boss_relics":[],"items_purged_floors":[3],"is_endless":false,"potions_floor_spawned":[2,12,14],"killed_by":"The Guardian","ascension_level":7}