{"gold_per_floor":[114,114,114,64,80,80,106,106,106,133,147,161,177,177,177,274,274,291,304,324,324,225,253,253,273,273,291,311,261,273,273],"floor_reached":31,"playtime":1309,"items_purged":["Writhe","Defend_B"],"score":510,"play_id":"1a8fcafe-7418-412a-ba6f-ec3aa1e375dc","local_time":"20180928181123","is_ascension_mode":true,"campfire_choices":[{"data":"Darkness","floor":6,"key":"SMITH"},{"floor":8,"key":"REST"},{"floor":15,"key":"REST"},{"floor":24,"key":"REST"}],"neow_cost":"NONE","seed_source_timestamp":198820516381938,"circlet_count":0,"master_deck":["Strike_B+1","Defend_B","Defend_B","Defend_B","Zap+1","Dualcast","AscendersBane","Ball Lightning+1","Darkness+1","Rebound+1","Echo Form","Doom and Gloom+1","Go for the Eyes+1","Multi-Cast","Genetic Algorithm","Zap","Leap","Leap","Reinforced Body+1","Conserve Battery"],"relics":["Cracked Core","Molten Egg 2","Bottled Lightning","Strawberry","Sozu","Smiling Mask","Whetstone"],"potions_floor_usage":[13,16,23],"damage_taken":[{"damage":7,"enemies":"Jaw Worm","floor":1,"turns":3},{"damage":0,"enemies":"Cultist","floor":5,"turns":3},{"damage":35,"enemies":"3 Sentries","floor":7,"turns":7},{"damage":15,"enemies":"Lagavulin","floor":10,"turns":5},{"damage":3,"enemies":"2 Louse","floor":11,"turns":2},{"damage":9,"enemies":"Large Slime","floor":12,"turns":3},{"damage":7,"enemies":"2 Fungi Beasts","floor":13,"turns":3},{"damage":0,"enemies":"Slime Boss","floor":16,"turns":5},{"damage":6,"enemies":"Spheric Guardian","floor":18,"turns":3},{"damage":8,"enemies":"3 Byrds","floor":19,"turns":3},{"damage":0,"enemies":"Snake Plant","floor":20,"turns":2},{"damage":48,"enemies":"Gremlin Leader","floor":23,"turns":4},{"damage":9,"enemies":"Snecko","floor":25,"turns":5},{"damage":5,"enemies":"Centurion and Healer","floor":27,"turns":5},{"damage":0,"enemies":"Snake Plant","floor":28,"turns":4},{"damage":13,"enemies":"3 Cultists","floor":30,"turns":5},{"damage":15,"enemies":"Shelled Parasite and Fungi","floor":31,"turns":2}],"seed_played":"6528848819676400278","potions_obtained":[{"floor":7,"key":"SpeedPotion"},{"floor":11,"key":"Fire Potion"},{"floor":16,"key":"FocusPotion"}],"is_trial":false,"path_per_floor":["M","?","?","?","M","R","E","R","T","E","M","M","M","?","R","B",null,"M","M","M","?","$","E","R","M","T","M","M","$","M"],"character_chosen":"DEFECT","items_purchased":["Leap"],"campfire_rested":3,"item_purchase_floors":[22],"current_hp_per_floor":[61,61,61,61,61,61,26,48,48,40,37,28,21,21,45,45,73,67,59,59,59,59,11,35,26,26,21,21,21,8,0],"gold":273,"neow_bonus":"UPGRADE_CARD","is_prod":false,"is_daily":false,"chose_seed":false,"campfire_upgraded":1,"win_rate":0,"timestamp":1538151083,"path_taken":["M","?","?","?","?","R","E","R","T","E","M","M","M","?","R","BOSS","M","?","M","?","$","E","R","M","T","M","M","$","M","M"],"build_version":"2018-09-27","purchased_purges":2,"victory":false,"max_hp_per_floor":[75,75,75,75,75,75,75,75,75,82,82,82,82,82,82,82,82,82,82,82,82,82,82,82,82,82,82,82,82,82,82],"card_choices":[{"not_picked":["Leap","Rebound"],"picked":"Ball Lightning","floor":1},{"not_picked":["Compile Driver","Stack"],"picked":"Darkness","floor":5},{"not_picked":["Hyperbeam","Gash"],"picked":"Rebound","floor":7},{"not_picked":["Coolheaded","BootSequence"],"picked":"Echo Form","floor":10},{"not_picked":["Turbo","Compile Driver+1"],"picked":"Doom and Gloom+1","floor":11},{"not_picked":["Ball Lightning+1","Scrape+1","Gash+1"],"picked":"SKIP","floor":12},{"not_picked":["Ball Lightning+1","Heatsinks"],"picked":"Go for the Eyes+1","floor":13},{"not_picked":["Machine Learning","Electrodynamics"],"picked":"Multi-Cast","floor":16},{"not_picked":["Aggregate","Fusion","Static Discharge"],"picked":"SKIP","floor":18},{"not_picked":["Go for the Eyes+1","Streamline+1","Rebound+1"],"picked":"SKIP","floor":19},{"not_picked":["Stack","Cold Snap+1"],"picked":"Genetic Algorithm","floor":20},{"not_picked":["Gash+1","Turbo"],"picked":"Leap","floor":23},{"not_picked":["Steam Power","Self Repair"],"picked":"Reinforced Body+1","floor":25},{"not_picked":["Consume","Go for the Eyes+1","Gash+1"],"picked":"SKIP","floor":27},{"not_picked":["Hologram","Beam Cell+1","Heatsinks"],"picked":"SKIP","floor":28},{"not_picked":["Beam Cell+1","Steam"],"picked":"Conserve Battery","floor":30}],"player_experience":450953,"relics_obtained":[{"floor":7,"key":"Molten Egg 2"},{"floor":9,"key":"Bottled Lightning"},{"floor":10,"key":"Strawberry"},{"floor":23,"key":"Smiling Mask"},{"floor":26,"key":"Whetstone"}],"event_choices":[{"event_name":"The Woman in Blue","player_choice":"Bought 0 Potions","floor":2,"damage_taken":0},{"event_name":"Living Wall","player_choice":"Forget","floor":3,"damage_taken":0},{"event_name":"The Cleric","player_choice":"Card Removal","floor":4,"damage_taken":0},{"event_name":"Purifier","player_choice":"One Purge","floor":14,"damage_taken":0},{"event_name":"Match and Keep!","player_choice":"2 cards matched","floor":21,"damage_taken":0}],"is_beta":false,"boss_relics":[{"not_picked":["Coffee Dripper","Orrery"],"picked":"Sozu"}],"items_purged_floors":[22,29],"is_endless":false,"potions_floor_spawned":[7,11,16,20,23,28,30],"killed_by":"Shelled Parasite and Fungi","ascension_level":12}