{"gold_per_floor":[111,58,58,58,72,72,87,87,87,0,16,29,29,42,42,116,116,133,133,183,51,51],"floor_reached":22,"playtime":547,"items_purged":["Strike_R"],"score":322,"play_id":"61851f2e-e9cc-4739-9dc1-8138c7db8eb7","local_time":"20181203205731","is_ascension_mode":true,"campfire_choices":[{"data":"True Grit","floor":6,"key":"SMITH"},{"data":"Metallicize","floor":8,"key":"SMITH"},{"data":"Bash","floor":13,"key":"SMITH"},{"data":"Spot Weakness","floor":15,"key":"SMITH"}],"neow_cost":"PERCENT_DAMAGE","seed_source_timestamp":205013872751339,"circlet_count":0,"master_deck":["AscendersBane","Strike_R","Strike_R","Strike_R","Strike_R","Defend_R","Defend_R","Defend_R","Defend_R","Bash+1","Barricade+1","True Grit+1","Metallicize+1","Offering","Sentinel","Spot Weakness+1","Limit Break","Shrug It Off","Shrug It Off"],"relics":["Burning Blood","Bag of Preparation","Philosopher\u0027s Stone"],"potions_floor_usage":[16,16,16,18],"damage_taken":[{"damage":7,"enemies":"Small Slimes","floor":1,"turns":4},{"damage":2,"enemies":"Jaw Worm","floor":5,"turns":4},{"damage":5,"enemies":"2 Louse","floor":7,"turns":5},{"damage":10,"enemies":"Looter","floor":11,"turns":4},{"damage":8,"enemies":"Red Slaver","floor":12,"turns":6},{"damage":13,"enemies":"3 Louse","floor":14,"turns":7},{"damage":29,"enemies":"Hexaghost","floor":16,"turns":11},{"damage":31,"enemies":"Shell Parasite","floor":18,"turns":5},{"damage":27,"enemies":"Colosseum Slavers","floor":22,"turns":1}],"seed_played":"745245854866720501","potions_obtained":[{"floor":7,"key":"Energy Potion"},{"floor":14,"key":"EntropicBrew"},{"floor":16,"key":"Block Potion"}],"is_trial":false,"path_per_floor":["M","$","?","?","M","R","M","R","T","$","M","M","R","M","R","B",null,"M","?","?","$","?"],"character_chosen":"IRONCLAD","items_purchased":["True Grit","Offering","Shrug It Off"],"campfire_rested":0,"item_purchase_floors":[2,10,21],"current_hp_per_floor":[49,49,49,49,53,53,54,54,54,54,50,48,48,41,41,18,61,36,15,15,15,0],"gold":51,"neow_bonus":"THREE_RARE_CARDS","is_prod":false,"is_daily":false,"chose_seed":false,"campfire_upgraded":4,"win_rate":0,"timestamp":1543867051,"path_taken":["M","$","?","?","M","R","M","R","T","$","M","M","R","M","R","BOSS","M","?","?","$","?"],"build_version":"2018-11-15","purchased_purges":1,"victory":false,"max_hp_per_floor":[75,75,75,75,75,75,75,75,75,75,75,75,75,75,75,75,75,75,80,80,80,80],"card_choices":[{"not_picked":["Bludgeon","Double Tap"],"picked":"Barricade","floor":0},{"not_picked":["Headbutt","Armaments","Clash"],"picked":"SKIP","floor":1},{"not_picked":["Combust","Thunderclap","Seeing Red"],"picked":"SKIP","floor":5},{"not_picked":["Havoc","Flex"],"picked":"Metallicize","floor":7},{"not_picked":["Intimidate","Perfected Strike"],"picked":"Sentinel","floor":11},{"not_picked":["Heavy Blade","Intimidate","Clothesline"],"picked":"SKIP","floor":12},{"not_picked":["Wild Strike","Reaper"],"picked":"Spot Weakness","floor":14},{"not_picked":["Immolate","Feed"],"picked":"Limit Break","floor":16},{"not_picked":["Armaments","Twin Strike"],"picked":"Shrug It Off","floor":18}],"player_experience":709358,"relics_obtained":[{"floor":9,"key":"Bag of Preparation"}],"event_choices":[{"damage_healed":0,"gold_gain":0,"player_choice":"Grow","damage_taken":0,"max_hp_gain":0,"max_hp_loss":0,"event_name":"Living Wall","floor":3,"gold_loss":0,"cards_upgraded":["Barricade"]},{"damage_healed":0,"gold_gain":0,"player_choice":"Ignored","damage_taken":0,"max_hp_gain":0,"max_hp_loss":0,"event_name":"Liars Game","floor":4,"gold_loss":0},{"damage_healed":0,"gold_gain":0,"player_choice":"Shed Blood","damage_taken":26,"max_hp_gain":5,"max_hp_loss":0,"event_name":"Forgotten Altar","floor":19,"gold_loss":0},{"damage_healed":0,"gold_gain":50,"player_choice":"Stole From Cult","damage_taken":0,"max_hp_gain":0,"max_hp_loss":0,"event_name":"Nest","floor":20,"gold_loss":0},{"damage_healed":0,"gold_gain":0,"player_choice":"Fight","damage_taken":0,"max_hp_gain":0,"max_hp_loss":0,"event_name":"Colosseum","floor":22,"gold_loss":0}],"is_beta":false,"boss_relics":[{"not_picked":["Orrery","Black Blood"],"picked":"Philosopher\u0027s Stone"}],"items_purged_floors":[21],"is_endless":false,"potions_floor_spawned":[7,14,16],"killed_by":"Colosseum Slavers","ascension_level":17}