{"gold_per_floor":[117,130,143,143,157,157,185,201,201,236,250,250,277,338,338,433,433,449,364,399,499,509,538,538,556,556,574,609,4,37,49,49,145,145,157,157,170,189,240,273,273,288,288,288,288,315,333,364,364,364],"floor_reached":51,"playtime":4190,"items_purged":["Strike_R"],"score":1314,"play_id":"da6fab64-23b8-48a3-8cee-5a863dba8778","local_time":"20181013234418","is_ascension_mode":true,"campfire_choices":[{"data":"Havoc","floor":6,"key":"SMITH"},{"data":"Armaments","floor":12,"key":"SMITH"},{"data":"Strike_R","floor":15,"key":"PURGE"},{"floor":24,"key":"DIG"},{"data":"Strike_R","floor":32,"key":"PURGE"},{"floor":49,"key":"DIG"}],"neow_cost":"TEN_PERCENT_HP_LOSS","seed_source_timestamp":14389198699702,"circlet_count":0,"master_deck":["Strike_R","Strike_R+1","Defend_R","Defend_R","Defend_R","Defend_R","Bash","Immolate","Headbutt","Metallicize","Combust","Bludgeon","Bash","Havoc+1","Burning Pact","Spot Weakness","Thunderclap","Armaments+1","Ghostly Armor","Warcry","Whirlwind","Sever Soul+1","Havoc+1","Second Wind","Corruption","Barricade","Shockwave","Double Tap","Flex+1","Dual Wield","Limit Break","Metamorphosis","Purity","Apotheosis","Entrench+1","Writhe","Seeing Red","Havoc+1","Flex+1"],"relics":["Burning Blood","Mercury Hourglass","Darkstone Periapt","Lantern","Peace Pipe","Happy Flower","Snecko Eye","Charon\u0027s Ashes","Red Mask","Shovel","Pear","Boot","Potion Belt","Blue Candle","Smiling Mask","Brimstone","Whetstone","Bag of Marbles","PreservedInsect","Fusion Hammer","WarpedTongs","Incense Burner","Strawberry","Oddly Smooth Stone","Torii","Sundial","Mummified Hand"],"potions_floor_usage":[7,10,13,14,21,21,30,33,33,37,38,40,48,50],"damage_taken":[{"damage":0,"enemies":"2 Louse","floor":1,"turns":1},{"damage":0,"enemies":"Cultist","floor":2,"turns":3},{"damage":5,"enemies":"Small Slimes","floor":3,"turns":2},{"damage":9,"enemies":"Looter","floor":5,"turns":3},{"damage":23,"enemies":"3 Sentries","floor":7,"turns":5},{"damage":1,"enemies":"Exordium Wildlife","floor":8,"turns":2},{"damage":26,"enemies":"Lagavulin","floor":10,"turns":5},{"damage":0,"enemies":"2 Fungi Beasts","floor":11,"turns":1},{"damage":10,"enemies":"3 Sentries","floor":13,"turns":2},{"damage":16,"enemies":"3 Sentries","floor":14,"turns":3},{"damage":3,"enemies":"Slime Boss","floor":16,"turns":5},{"damage":3,"enemies":"Spheric Guardian","floor":18,"turns":3},{"damage":0,"enemies":"Masked Bandits","floor":20,"turns":2},{"damage":0,"enemies":"Colosseum Slavers","floor":21,"turns":4},{"damage":11,"enemies":"Colosseum Nobs","floor":21,"turns":4},{"damage":0,"enemies":"3 Byrds","floor":22,"turns":3},{"damage":11,"enemies":"Slavers","floor":23,"turns":3},{"damage":1,"enemies":"Sentry and Sphere","floor":25,"turns":2},{"damage":5,"enemies":"Snecko","floor":27,"turns":3},{"damage":9,"enemies":"Gremlin Leader","floor":28,"turns":3},{"damage":0,"enemies":"Slavers","floor":30,"turns":1},{"damage":5,"enemies":"Cultist and Chosen","floor":31,"turns":2},{"damage":7,"enemies":"Automaton","floor":33,"turns":5},{"damage":12,"enemies":"3 Shapes","floor":35,"turns":2},{"damage":8,"enemies":"3 Darklings","floor":37,"turns":2},{"damage":12,"enemies":"Maw","floor":38,"turns":5},{"damage":3,"enemies":"Mysterious Sphere","floor":39,"turns":2},{"damage":2,"enemies":"2 Orb Walkers","floor":40,"turns":2},{"damage":4,"enemies":"Sphere and 2 Shapes","floor":42,"turns":2},{"damage":18,"enemies":"Giant Head","floor":46,"turns":5},{"damage":1,"enemies":"3 Darklings","floor":47,"turns":1},{"damage":14,"enemies":"Nemesis","floor":48,"turns":3},{"damage":64,"enemies":"Time Eater","floor":50,"turns":6}],"seed_played":"3481143478068874461","potions_obtained":[{"floor":3,"key":"AttackPotion"},{"floor":7,"key":"BloodPotion"},{"floor":8,"key":"Ancient Potion"},{"floor":10,"key":"PowerPotion"},{"floor":13,"key":"Weak Potion"},{"floor":16,"key":"SteroidPotion"},{"floor":22,"key":"Explosive Potion"},{"floor":25,"key":"EssenceOfSteel"},{"floor":28,"key":"GamblersBrew"},{"floor":30,"key":"Fruit Juice"},{"floor":39,"key":"Block Potion"},{"floor":42,"key":"EssenceOfSteel"},{"floor":47,"key":"FairyPotion"},{"floor":48,"key":"Swift Potion"}],"is_trial":false,"path_per_floor":["M","M","M","?","M","R","E","M","T","E","M","R","E","?","R","B",null,"M","?","?","?","M","E","R","M","T","M","E","$","E","M","R","B",null,"M","?","M","M","?","E","?","M","T","?","?","E","M","E","R","B"],"character_chosen":"IRONCLAD","items_purchased":["Brimstone","Whetstone","Bag of Marbles","Explosive Potion"],"campfire_rested":0,"item_purchase_floors":[29,29,29,29],"current_hp_per_floor":[72,72,72,72,69,69,52,57,57,37,43,43,46,36,36,39,64,67,67,72,77,82,77,77,82,82,82,79,79,87,87,87,86,87,81,87,85,79,82,93,83,85,85,106,106,94,99,91,91,33],"gold":364,"neow_bonus":"THREE_RARE_CARDS","is_prod":false,"is_daily":false,"chose_seed":false,"campfire_upgraded":2,"win_rate":0,"timestamp":1539499458,"path_taken":["M","M","M","?","?","R","E","M","T","E","?","R","E","?","R","BOSS","M","?","?","?","M","E","R","M","T","M","E","?","E","M","R","BOSS","M","?","M","?","?","E","?","M","T","?","?","E","M","E","R","BOSS"],"build_version":"2018-10-11","purchased_purges":1,"victory":true,"max_hp_per_floor":[72,72,72,72,72,72,72,72,72,72,72,72,72,72,72,72,72,72,72,72,82,82,82,82,82,82,82,82,82,87,87,87,87,87,87,93,93,93,93,100,100,100,100,106,106,106,106,106,106,106],"card_choices":[{"not_picked":["Reaper","Bludgeon"],"picked":"Immolate","floor":0},{"not_picked":["Second Wind","Burning Pact"],"picked":"Headbutt","floor":1},{"not_picked":["Clothesline","Cleave"],"picked":"Metallicize","floor":2},{"not_picked":["Pummel","Fire Breathing"],"picked":"Combust","floor":3},{"not_picked":["Entrench","Cleave"],"picked":"Burning Pact","floor":5},{"not_picked":["Inflame","Clothesline"],"picked":"Spot Weakness","floor":7},{"not_picked":["Anger","Wild Strike"],"picked":"Thunderclap","floor":8},{"not_picked":["Clash","Twin Strike"],"picked":"Armaments","floor":10},{"not_picked":["Heavy Blade","Reckless Charge"],"picked":"Ghostly Armor","floor":11},{"not_picked":["Flex","Carnage"],"picked":"Warcry","floor":13},{"not_picked":["Clothesline","Shockwave"],"picked":"Whirlwind","floor":14},{"not_picked":["Anger","Disarm"],"picked":"Sever Soul","floor":18},{"not_picked":["Shockwave","Flex"],"picked":"Havoc+1","floor":21},{"not_picked":["Whirlwind+1","Clothesline"],"picked":"Second Wind","floor":22},{"not_picked":["Blood for Blood+1","Clothesline","Searing Blow"],"picked":"SKIP","floor":23},{"not_picked":["Blood for Blood+1","Clothesline","Searing Blow"],"picked":"SKIP","floor":23},{"not_picked":["Inflame+1","Battle Trance"],"picked":"Corruption","floor":25},{"not_picked":["Inflame","Clothesline","Headbutt"],"picked":"SKIP","floor":27},{"not_picked":["Searing Blow+1","Havoc"],"picked":"Barricade","floor":28},{"not_picked":["Headbutt","Cleave+1"],"picked":"Shockwave","floor":30},{"not_picked":["Armaments","Blood for Blood","Wild Strike+1"],"picked":"SKIP","floor":31},{"not_picked":["Dark Embrace","Limit Break"],"picked":"Double Tap","floor":33},{"not_picked":["Infernal Blade+1","Headbutt"],"picked":"Flex+1","floor":35},{"not_picked":["Anger+1","Iron Wave+1","Rampage"],"picked":"SKIP","floor":37},{"not_picked":["Armaments","Anger+1"],"picked":"Dual Wield","floor":38},{"not_picked":["Twin Strike","Limit Break","Hemokinesis+1"],"picked":"SKIP","floor":40},{"not_picked":["Twin Strike","Hemokinesis+1"],"picked":"Limit Break","floor":40},{"not_picked":["Discovery","Panache"],"picked":"Metamorphosis","floor":41},{"not_picked":["Finesse","PanicButton"],"picked":"Purity","floor":41},{"not_picked":["Madness","Blind"],"picked":"Apotheosis","floor":41},{"not_picked":["Carnage+1","Twin Strike+1"],"picked":"Entrench+1","floor":42},{"not_picked":["Perfected Strike","Iron Wave"],"picked":"Seeing Red","floor":46},{"not_picked":["Warcry","Iron Wave"],"picked":"Havoc+1","floor":47},{"not_picked":["Iron Wave+1","Anger"],"picked":"Flex+1","floor":48}],"player_experience":325359,"relics_obtained":[{"floor":7,"key":"Mercury Hourglass"},{"floor":9,"key":"Darkstone Periapt"},{"floor":10,"key":"Lantern"},{"floor":13,"key":"Peace Pipe"},{"floor":14,"key":"Happy Flower"},{"floor":20,"key":"Red Mask"},{"floor":21,"key":"Shovel"},{"floor":21,"key":"Pear"},{"floor":23,"key":"Boot"},{"floor":24,"key":"Potion Belt"},{"floor":26,"key":"Blue Candle"},{"floor":28,"key":"Smiling Mask"},{"floor":30,"key":"PreservedInsect"},{"floor":39,"key":"Incense Burner"},{"floor":40,"key":"Strawberry"},{"floor":43,"key":"Oddly Smooth Stone"},{"floor":46,"key":"Torii"},{"floor":48,"key":"Sundial"},{"floor":49,"key":"Mummified Hand"}],"event_choices":[{"event_name":"Match and Keep!","player_choice":"3 cards matched","floor":4,"damage_taken":0},{"event_name":"Dead Adventurer","player_choice":"Searched \u00272\u0027 times","floor":14,"damage_taken":0},{"event_name":"Addict","player_choice":"Obtained Relic","floor":19,"damage_taken":0},{"event_name":"Masked Bandits","player_choice":"Fought Bandits","floor":20,"damage_taken":0},{"event_name":"Colosseum","player_choice":"Fight","floor":21,"damage_taken":0},{"event_name":"Colosseum","player_choice":"Fought Nobs","floor":21,"damage_taken":0},{"event_name":"Accursed Blacksmith","player_choice":"Rummage","floor":36,"damage_taken":0},{"event_name":"Mysterious Sphere","player_choice":"Fight","floor":39,"damage_taken":0},{"event_name":"SensoryStone","player_choice":"Memory 3","floor":41,"damage_taken":0},{"event_name":"Winding Halls","player_choice":"Writhe","floor":44,"damage_taken":0},{"event_name":"Purifier","player_choice":"One Purge","floor":45,"damage_taken":0}],"is_beta":false,"boss_relics":[{"not_picked":["Velvet Choker","Pandora\u0027s Box"],"picked":"Snecko Eye"},{"not_picked":["Runic Cube","Empty Cage"],"picked":"Fusion Hammer"}],"items_purged_floors":[29],"is_endless":false,"potions_floor_spawned":[3,7,8,10,13,16,21,22,25,28,30,39,42,47,48],"ascension_level":8}