{"gold_per_floor":[214,214,234,309,319,319,97,97,97,97,114,143,143,143,143,242,242,255,64,64,84,98,98,123,123,147,164,164,183,183,183],"floor_reached":31,"playtime":2237,"items_purged":["Strike_R"],"score":354,"play_id":"8705bf8c-e86d-44fb-a9f3-17e7909c77fc","local_time":"20190218001042","is_ascension_mode":true,"campfire_choices":[{"data":"Bash","floor":6,"key":"SMITH"},{"data":"Battle Trance","floor":8,"key":"SMITH"},{"floor":10,"key":"REST"},{"data":"Uppercut","floor":13,"key":"SMITH"},{"data":"Pommel Strike","floor":15,"key":"SMITH"},{"data":"RitualDagger","floor":23,"key":"SMITH"},{"data":"True Grit","floor":25,"key":"SMITH"},{"floor":28,"key":"REST"}],"neow_cost":"NONE","seed_source_timestamp":121186745159828,"circlet_count":0,"master_deck":["Strike_R","Strike_R","Strike_R","Strike_R","Defend_R","Defend_R","Defend_R","Bash+1","Battle Trance+1","Pommel Strike+1","Uppercut+1","Barricade","Anger+1","RitualDagger+1","Uppercut+1","True Grit+1","Metallicize+1","Dark Embrace","Pommel Strike"],"relics":["Burning Blood","Happy Flower","Ancient Tea Set","Pen Nib","Eternal Feather","Lee\u0027s Waffle","The Courier","Orichalcum"],"potions_floor_usage":[12,21,24,30,30,31],"damage_taken":[{"damage":2,"enemies":"2 Louse","floor":1,"turns":4},{"damage":4,"enemies":"Small Slimes","floor":3,"turns":4},{"damage":1,"enemies":"Cultist","floor":5,"turns":4},{"damage":2,"enemies":"Looter","floor":11,"turns":3},{"damage":40,"enemies":"3 Sentries","floor":12,"turns":9},{"damage":50,"enemies":"Hexaghost","floor":16,"turns":9},{"damage":34,"enemies":"Spheric Guardian","floor":18,"turns":5},{"damage":14,"enemies":"2 Thieves","floor":21,"turns":3},{"damage":38,"enemies":"Snake Plant","floor":22,"turns":4},{"damage":31,"enemies":"Book of Stabbing","floor":24,"turns":4},{"damage":11,"enemies":"Shelled Parasite and Fungi","floor":27,"turns":5},{"damage":19,"enemies":"Sentry and Sphere","floor":29,"turns":4},{"damage":23,"enemies":"Colosseum Slavers","floor":30,"turns":3},{"damage":57,"enemies":"Slavers","floor":31,"turns":4}],"seed_played":"7411167197196671496","potions_obtained":[{"floor":5,"key":"Poison Potion"},{"floor":11,"key":"Regen Potion"},{"floor":12,"key":"SteroidPotion"},{"floor":18,"key":"Strength Potion"},{"floor":22,"key":"SteroidPotion"},{"floor":24,"key":"PowerPotion"},{"floor":29,"key":"EssenceOfSteel"}],"is_trial":false,"path_per_floor":["M","?","M","?","M","R","$","R","T","R","M","E","R","?","R","B",null,"M","$","?","M","M","R","E","R","T","M","R","M","?","E"],"character_chosen":"IRONCLAD","items_purchased":["Happy Flower","Lee\u0027s Waffle"],"campfire_rested":2,"item_purchase_floors":[7,19],"current_hp_per_floor":[76,69,71,63,68,68,68,68,68,80,80,46,46,51,51,7,66,38,92,86,78,46,55,30,39,39,34,70,57,49,0],"gold":183,"neow_bonus":"HUNDRED_GOLD","is_prod":false,"is_daily":false,"chose_seed":false,"campfire_upgraded":6,"win_rate":0,"timestamp":1550445042,"path_taken":["M","?","M","?","?","R","$","R","T","R","M","E","R","?","R","BOSS","M","$","?","M","M","R","E","R","T","M","R","M","?","E"],"build_version":"2019-01-23","purchased_purges":1,"victory":false,"max_hp_per_floor":[80,80,80,80,80,80,80,80,80,80,80,80,80,85,85,85,85,85,92,92,92,92,92,92,92,92,92,92,92,92,92],"card_choices":[{"not_picked":["Sword Boomerang","Blood for Blood","Anger"],"picked":"SKIP","floor":1},{"not_picked":["Warcry","Feel No Pain","Carnage"],"picked":"SKIP","floor":3},{"not_picked":["Reckless Charge","True Grit"],"picked":"Battle Trance","floor":5},{"not_picked":["Shockwave","Corruption"],"picked":"Pommel Strike","floor":11},{"not_picked":["Fire Breathing","Warcry"],"picked":"Uppercut","floor":12},{"not_picked":["Bludgeon","Dark Embrace"],"picked":"Barricade","floor":16},{"not_picked":["Pummel","Cleave"],"picked":"Anger+1","floor":18},{"not_picked":["Pommel Strike","Dual Wield+1"],"picked":"Uppercut+1","floor":21},{"not_picked":["Infernal Blade","Second Wind"],"picked":"True Grit","floor":22},{"not_picked":["Pommel Strike","Flex"],"picked":"Metallicize+1","floor":24},{"not_picked":["Sword Boomerang","Flex+1"],"picked":"Dark Embrace","floor":27},{"not_picked":["Perfected Strike","Heavy Blade"],"picked":"Pommel Strike","floor":29}],"player_experience":420341,"relics_obtained":[{"floor":9,"key":"Ancient Tea Set"},{"floor":12,"key":"Pen Nib"},{"floor":24,"key":"The Courier"},{"floor":26,"key":"Orichalcum"}],"event_choices":[{"cards_removed":["Defend_R"],"damage_healed":0,"gold_gain":0,"player_choice":"Card Removal","damage_taken":7,"max_hp_gain":0,"max_hp_loss":0,"event_name":"Golden Wing","floor":2,"gold_loss":0},{"damage_healed":0,"gold_gain":75,"player_choice":"Touch","damage_taken":8,"max_hp_gain":0,"max_hp_loss":0,"event_name":"FaceTrader","floor":4,"gold_loss":0},{"damage_healed":0,"gold_gain":0,"player_choice":"Donut","damage_taken":0,"max_hp_gain":5,"max_hp_loss":0,"event_name":"Big Fish","floor":14,"gold_loss":0},{"damage_healed":0,"gold_gain":0,"player_choice":"Joined the Cult","damage_taken":6,"max_hp_gain":0,"max_hp_loss":0,"event_name":"Nest","floor":20,"gold_loss":0,"cards_obtained":["RitualDagger"]},{"damage_healed":0,"gold_gain":0,"player_choice":"Fight","damage_taken":0,"max_hp_gain":0,"max_hp_loss":0,"event_name":"Colosseum","floor":30,"gold_loss":0},{"damage_healed":0,"gold_gain":0,"player_choice":"Fled From Nobs","damage_taken":0,"max_hp_gain":0,"max_hp_loss":0,"event_name":"Colosseum","floor":30,"gold_loss":0}],"is_beta":false,"boss_relics":[{"not_picked":["Runic Dome","Fusion Hammer"],"picked":"Eternal Feather"}],"items_purged_floors":[7],"is_endless":false,"potions_floor_spawned":[5,11,12,18,22,24,29,30],"killed_by":"Slavers","ascension_level":8}