{"gold_per_floor":[416,435,435,449,22,22,66,66,66,66,110,124,142,160,160,256,256,279,279],"floor_reached":19,"playtime":1142,"items_purged":["Clumsy"],"score":295,"play_id":"a447ef72-e7ec-41af-93de-afbbf522c0bc","local_time":"20181223203147","is_ascension_mode":true,"campfire_choices":[{"data":"Armaments","floor":6.0,"key":"SMITH"},{"floor":8.0,"key":"REST"},{"data":"Discovery","floor":10.0,"key":"SMITH"},{"floor":15.0,"key":"REST"}],"neow_cost":"CURSE","seed_source_timestamp":0,"circlet_count":0,"master_deck":["AscendersBane","Strike_R","Strike_R","Strike_R","Strike_R","Strike_R","Defend_R","Defend_R","Defend_R","Defend_R","Bash","Armaments+1","Shrug It Off","Entrench","Discovery+1","Shockwave","Pommel Strike","Whirlwind","Corruption","Perfected Strike","Juggernaut","Twin Strike"],"special_seed":0,"relics":["Burning Blood","Old Coin","Golden Idol","Matryoshka","Singing Bowl","Potion Belt","Blood Vial","Bag of Marbles","White Beast Statue"],"potions_floor_usage":[19,19],"damage_taken":[{"damage":9.0,"enemies":"2 Louse","floor":1.0,"turns":4.0},{"damage":4.0,"enemies":"Small Slimes","floor":2.0,"turns":4.0},{"damage":7.0,"enemies":"Cultist","floor":4.0,"turns":5.0},{"damage":24.0,"enemies":"3 Sentries","floor":7.0,"turns":10.0},{"damage":39.0,"enemies":"Gremlin Nob","floor":11.0,"turns":5.0},{"damage":8.0,"enemies":"2 Fungi Beasts","floor":12.0,"turns":5.0},{"damage":20.0,"enemies":"3 Louse","floor":13.0,"turns":4.0},{"damage":3.0,"enemies":"Large Slime","floor":14.0,"turns":3.0},{"damage":28.0,"enemies":"Slime Boss","floor":16.0,"turns":9.0},{"damage":10,"enemies":"Spheric Guardian","floor":18,"turns":4},{"damage":77,"enemies":"Masked Bandits","floor":19,"turns":5}],"seed_played":"2977072806671165750","potions_obtained":[{"floor":11.0,"key":"GamblersBrew"},{"floor":13.0,"key":"PowerPotion"},{"floor":16.0,"key":"Swift Potion"},{"floor":18,"key":"AttackPotion"}],"is_trial":false,"path_per_floor":["M","M","?","M","$","R","E","R","T","R","E","M","M","M","R","B",null,"M","?"],"character_chosen":"IRONCLAD","items_purchased":["Matryoshka","Discovery"],"campfire_rested":2,"item_purchase_floors":[5,5],"current_hp_per_floor":[69,71,51,50,50,50,32,56,56,56,25,25,13,18,42,22,66,64,0],"gold":279,"neow_bonus":"ONE_RARE_RELIC","is_prod":false,"is_daily":false,"chose_seed":false,"campfire_upgraded":2,"win_rate":0,"timestamp":1545625907,"path_taken":["M","M","?","M","$","R","E","R","T","R","E","M","M","M","R","BOSS","M","?"],"build_version":"2018-12-20","purchased_purges":1,"victory":false,"max_hp_per_floor":[80,80,80,80,80,80,80,80,80,80,80,80,80,80,80,80,80,80,80],"card_choices":[{"not_picked":["True Grit","Clash"],"picked":"Armaments","floor":1.0},{"not_picked":["Iron Wave","Pommel Strike"],"picked":"Shrug It Off","floor":2.0},{"not_picked":["Warcry","Iron Wave"],"picked":"Entrench","floor":4.0},{"not_picked":["Wild Strike","Battle Trance"],"picked":"Shockwave","floor":7.0},{"not_picked":["Combust","Flex"],"picked":"Pommel Strike","floor":11.0},{"not_picked":["Armaments","Pummel"],"picked":"Whirlwind","floor":12.0},{"not_picked":["Cleave","Flex"],"picked":"Corruption","floor":13.0},{"not_picked":["Iron Wave","Wild Strike"],"picked":"Perfected Strike","floor":14.0},{"not_picked":["Brutality","Dark Embrace"],"picked":"Juggernaut","floor":16.0},{"not_picked":["True Grit","Armaments"],"picked":"Twin Strike","floor":18}],"player_experience":433508,"relics_obtained":[{"floor":7.0,"key":"Singing Bowl"},{"floor":9.0,"key":"Potion Belt"},{"floor":9.0,"key":"Blood Vial"},{"floor":11.0,"key":"Bag of Marbles"}],"event_choices":[{"damage_healed":0.0,"max_hp_gain":0.0,"max_hp_loss":0.0,"gold_gain":0.0,"event_name":"Golden Idol","player_choice":"Take Damage","floor":3.0,"gold_loss":0.0,"damage_taken":20.0,"relics_obtained":["Golden Idol"]},{"damage_healed":0,"gold_gain":0,"player_choice":"Fought Bandits","damage_taken":0,"max_hp_gain":0,"max_hp_loss":0,"event_name":"Masked Bandits","floor":19,"gold_loss":0}],"is_beta":false,"boss_relics":[{"not_picked":["Astrolabe","Lizard Tail"],"picked":"White Beast Statue"}],"items_purged_floors":[5],"is_endless":false,"potions_floor_spawned":[11,13,16,18],"killed_by":"Masked Bandits","ascension_level":13}