{"gold_per_floor":[15,27,202,214,229,229,255,255,255,268,285,1,36,36,36,162,162,187,231,231,231,31,66,66,66,93,93,128,128,159,180,180,180],"floor_reached":33,"playtime":4155,"items_purged":["Doubt"],"score":386,"play_id":"7a9fd5e8-d4e3-4305-ba4d-3649fc5d8308","local_time":"20190227225433","is_ascension_mode":false,"campfire_choices":[{"data":"Buffer","floor":6,"key":"SMITH"},{"data":"Barrage","floor":8,"key":"SMITH"},{"data":"Cold Snap","floor":15,"key":"SMITH"},{"data":"Electrodynamics","floor":24,"key":"SMITH"},{"data":"Sunder","floor":25,"key":"SMITH"},{"floor":27,"key":"REST"},{"data":"Turbo","floor":29,"key":"SMITH"},{"floor":32,"key":"REST"}],"neow_cost":"NO_GOLD","seed_source_timestamp":1310943236496472,"circlet_count":0,"master_deck":["Strike_B","Strike_B","Strike_B","Strike_B","Defend_B","Defend_B","Defend_B","Defend_B","Zap","Dualcast","Hologram","Conserve Battery","Cold Snap+1","Buffer+1","Barrage+1","Turbo+1","Conserve Battery+1","Steam","Injury","Electrodynamics+1","Coolheaded+1","Sunder+1","Ball Lightning","All For One","Hologram","Skim"],"relics":["Cracked Core","Incense Burner","Boot","Mercury Hourglass","Medical Kit","WingedGreaves","Golden Idol","Sozu","Red Mask","Enchiridion","ClockworkSouvenir","Ornamental Fan","War Paint","Unceasing Top","Bottled Flame"],"potions_floor_usage":[7,10,16,19,19],"damage_taken":[{"damage":17,"enemies":"Small Slimes","floor":1,"turns":5},{"damage":4,"enemies":"Jaw Worm","floor":2,"turns":4},{"damage":0,"enemies":"2 Louse","floor":4,"turns":3},{"damage":2,"enemies":"Looter","floor":5,"turns":4},{"damage":0,"enemies":"Gremlin Nob","floor":7,"turns":6},{"damage":7,"enemies":"Exordium Thugs","floor":10,"turns":5},{"damage":0,"enemies":"Large Slime","floor":11,"turns":5},{"damage":0,"enemies":"3 Sentries","floor":13,"turns":6},{"damage":9,"enemies":"The Guardian","floor":16,"turns":12},{"damage":0,"enemies":"Chosen","floor":18,"turns":4},{"damage":3,"enemies":"Masked Bandits","floor":19,"turns":3},{"damage":0,"enemies":"Gremlin Leader","floor":23,"turns":7},{"damage":8,"enemies":"Slavers","floor":28,"turns":4},{"damage":13,"enemies":"Book of Stabbing","floor":30,"turns":5},{"damage":0,"enemies":"Spheric Guardian","floor":31,"turns":3},{"damage":76,"enemies":"Champ","floor":33,"turns":12}],"seed_played":"-6276453822297597011","potions_obtained":[{"floor":2,"key":"GamblersBrew"},{"floor":5,"key":"LiquidBronze"},{"floor":11,"key":"AttackPotion"},{"floor":13,"key":"PowerPotion"},{"floor":16,"key":"SkillPotion"}],"is_trial":false,"path_per_floor":["M","M","?","M","M","R","E","R","T","M","M","$","E","?","R","B",null,"M","?","?","?","$","E","R","R","T","R","E","R","E","M","R","B"],"character_chosen":"DEFECT","items_purchased":["Medical Kit","ClockworkSouvenir"],"campfire_rested":2,"item_purchase_floors":[12,22],"current_hp_per_floor":[58,54,54,54,52,52,52,52,52,45,45,45,45,45,45,36,75,75,72,56,49,49,49,49,49,49,71,63,63,50,50,72,0],"gold":180,"neow_bonus":"ONE_RARE_RELIC","is_prod":false,"is_daily":false,"chose_seed":false,"campfire_upgraded":6,"win_rate":0.0,"timestamp":1551326073,"path_taken":["M","M","?","M","M","R","E","R","T","M","M","$","E","?","R","BOSS","M","?","?","?","$","E","R","R","T","R","E","R","E","M","R","BOSS"],"build_version":"2019-01-23","purchased_purges":1,"victory":false,"max_hp_per_floor":[75,75,75,75,75,75,75,75,75,75,75,75,75,75,75,75,75,75,75,75,75,75,75,75,75,75,75,75,75,75,75,75,75],"card_choices":[{"not_picked":["Redo","Turbo"],"picked":"Hologram","floor":1},{"not_picked":["Consume","Tempest"],"picked":"Conserve Battery","floor":2},{"not_picked":["Rebound","Streamline"],"picked":"Cold Snap","floor":4},{"not_picked":["Cold Snap","Conserve Battery"],"picked":"Buffer","floor":5},{"not_picked":["Double Energy","Amplify"],"picked":"Barrage","floor":7},{"not_picked":["Hello World","Streamline"],"picked":"Turbo","floor":10},{"not_picked":["Streamline","Hello World"],"picked":"Conserve Battery","floor":11},{"not_picked":["Turbo","Rebound"],"picked":"Steam","floor":13},{"not_picked":["Biased Cognition","Creative AI"],"picked":"Electrodynamics","floor":16},{"not_picked":["Barrage","Heatsinks"],"picked":"Coolheaded","floor":18},{"not_picked":["Hologram","Heatsinks"],"picked":"Sunder","floor":19},{"not_picked":["Force Field","Machine Learning"],"picked":"Ball Lightning","floor":23},{"not_picked":["Streamline+1","Rebound"],"picked":"All For One","floor":28},{"not_picked":["Compile Driver","Doom and Gloom+1"],"picked":"Hologram","floor":30},{"not_picked":["Barrage","Fusion"],"picked":"Skim","floor":31}],"player_experience":41905,"relics_obtained":[{"floor":7,"key":"Boot"},{"floor":9,"key":"Mercury Hourglass"},{"floor":13,"key":"WingedGreaves"},{"floor":19,"key":"Red Mask"},{"floor":20,"key":"Enchiridion"},{"floor":23,"key":"Ornamental Fan"},{"floor":26,"key":"War Paint"},{"floor":28,"key":"Unceasing Top"},{"floor":30,"key":"Bottled Flame"}],"event_choices":[{"damage_healed":0,"gold_gain":175,"player_choice":"AGREE","damage_taken":0,"max_hp_gain":0,"max_hp_loss":0,"event_name":"Liars Game","floor":3,"gold_loss":0,"cards_obtained":["Doubt"]},{"damage_healed":0,"gold_gain":0,"player_choice":"Take Wound","damage_taken":0,"relics_obtained":["Golden Idol"],"max_hp_gain":0,"max_hp_loss":0,"event_name":"Golden Idol","floor":14,"gold_loss":0,"cards_obtained":["Injury"]},{"damage_healed":0,"gold_gain":0,"player_choice":"Fought Bandits","damage_taken":0,"max_hp_gain":0,"max_hp_loss":0,"event_name":"Masked Bandits","floor":19,"gold_loss":0},{"damage_healed":0,"gold_gain":0,"player_choice":"Obtained Book","damage_taken":16,"max_hp_gain":0,"max_hp_loss":0,"event_name":"Cursed Tome","floor":20,"gold_loss":0},{"damage_healed":0,"gold_gain":0,"player_choice":"","damage_taken":7,"max_hp_gain":0,"max_hp_loss":0,"event_name":"Knowing Skull","floor":21,"potions_obtained":[],"gold_loss":0,"cards_obtained":[]}],"is_beta":false,"boss_relics":[{"not_picked":["Velvet Choker","Calling Bell"],"picked":"Sozu"}],"items_purged_floors":[12],"is_endless":false,"potions_floor_spawned":[2,5,11,13,16,18,19,31],"killed_by":"Champ","ascension_level":0}