{"gold_per_floor":[213,231,231,231,21,21,45,109,133,133],"floor_reached":10,"playtime":249,"items_purged":[],"score":132,"play_id":"2f2de29a-0b1a-48bf-87df-11da0a87959d","local_time":"20190205114422","is_ascension_mode":true,"campfire_choices":[{"data":"Deadly Poison","floor":6,"key":"SMITH"}],"neow_cost":"NONE","seed_source_timestamp":505052647783092,"circlet_count":0,"master_deck":["AscendersBane","Defend_G","Defend_G","Defend_G","Defend_G","Defend_G","Strike_G","Strike_G","Strike_G","Strike_G","Strike_G","Survivor","Neutralize","Deadly Poison+1","Quick Slash","Blade Dance"],"relics":["Ring of the Snake","Golden Idol","Blood Vial","Sling","Tiny Chest","Regal Pillow"],"potions_floor_usage":[],"damage_taken":[{"damage":0,"enemies":"2 Louse","floor":1,"turns":2},{"damage":0,"enemies":"Small Slimes","floor":2,"turns":4},{"damage":0,"enemies":"Cultist","floor":7,"turns":4},{"damage":30,"enemies":"3 Sentries","floor":8,"turns":8},{"damage":0,"enemies":"Exordium Thugs","floor":10,"turns":1}],"seed_played":"-5241433226472861485","potions_obtained":[{"floor":8,"key":"Block Potion"}],"is_trial":false,"path_per_floor":["M","M","?","?","$","R","M","E","T","M"],"character_chosen":"THE_SILENT","items_purchased":["Sling"],"campfire_rested":0,"item_purchase_floors":[5],"current_hp_per_floor":[59,59,59,59,59,59,60,30,30,32],"gold":133,"neow_bonus":"HUNDRED_GOLD","is_prod":false,"is_daily":false,"chose_seed":false,"campfire_upgraded":1,"win_rate":0,"timestamp":1549363462,"path_taken":["M","M","?","?","$","R","M","E","T","?"],"build_version":"2019-01-23","purchased_purges":0,"victory":false,"max_hp_per_floor":[66,66,60,60,60,60,60,60,60,60],"card_choices":[{"not_picked":["Dodge and Roll","Escape Plan"],"picked":"Leg Sweep","floor":1},{"not_picked":["Blade Dance","Underhanded Strike"],"picked":"Deadly Poison","floor":2},{"not_picked":["Caltrops","Catalyst"],"picked":"Quick Slash","floor":7},{"not_picked":["Quick Slash","Flying Knee"],"picked":"Blade Dance","floor":8}],"player_experience":953790,"relics_obtained":[{"floor":8,"key":"Tiny Chest"},{"floor":9,"key":"Regal Pillow"}],"event_choices":[{"damage_healed":0,"gold_gain":0,"player_choice":"Lose Max HP","damage_taken":0,"relics_obtained":["Golden Idol"],"max_hp_gain":0,"max_hp_loss":6,"event_name":"Golden Idol","floor":3,"gold_loss":0},{"cards_removed":["Leg Sweep"],"damage_healed":0,"gold_gain":0,"player_choice":"Gave Card","damage_taken":0,"relics_obtained":["Blood Vial"],"max_hp_gain":0,"max_hp_loss":0,"event_name":"WeMeetAgain","floor":4,"gold_loss":0}],"is_beta":false,"boss_relics":[],"items_purged_floors":[],"is_endless":false,"potions_floor_spawned":[8],"killed_by":"Exordium Thugs","ascension_level":20}