{"gold_per_floor":[119,134,147,72,72,102,102,137,137,193,193,193,222,240,240,314,314,328,328,339,319,332,332,200,210,235,252,208,208],"floor_reached":29,"playtime":845,"items_purged":["Decay"],"score":474,"play_id":"428c2839-3b5b-4aad-bb91-899de1ba600b","local_time":"20190116151121","is_ascension_mode":true,"campfire_choices":[{"data":"Body Slam","floor":7,"key":"SMITH"},{"data":"Demon Form","floor":12,"key":"SMITH"},{"data":"Limit Break","floor":15,"key":"SMITH"},{"floor":23,"key":"REST"}],"neow_cost":"NONE","seed_source_timestamp":12004522227133,"circlet_count":0,"master_deck":["AscendersBane","Strike_R","Strike_R","Strike_R","Strike_R","Defend_R","Defend_R","Defend_R","Defend_R","Bash","Immolate+1","Reckless Charge","Shrug It Off","Body Slam+1","Impervious","Demon Form+1","Limit Break+1","Reaper","Sword Boomerang","Seeing Red","True Grit","Shrug It Off","Pummel"],"relics":["Burning Blood","Regal Pillow","Kunai","Bronze Scales","Potion Belt","Happy Flower","Runic Dome","Omamori"],"potions_floor_usage":[22,27,27,29,29],"damage_taken":[{"damage":0,"enemies":"Jaw Worm","floor":1,"turns":3},{"damage":9,"enemies":"Small Slimes","floor":2,"turns":3},{"damage":0,"enemies":"Cultist","floor":3,"turns":3},{"damage":15,"enemies":"3 Sentries","floor":6,"turns":4},{"damage":35,"enemies":"Lagavulin","floor":8,"turns":9},{"damage":5,"enemies":"3 Sentries","floor":10,"turns":4},{"damage":5,"enemies":"3 Sentries","floor":13,"turns":4},{"damage":0,"enemies":"Exordium Wildlife","floor":14,"turns":1},{"damage":1,"enemies":"Slime Boss","floor":16,"turns":6},{"damage":24,"enemies":"Chosen","floor":18,"turns":4},{"damage":36,"enemies":"2 Thieves","floor":20,"turns":4},{"damage":33,"enemies":"Centurion and Healer","floor":22,"turns":6},{"damage":39,"enemies":"Shelled Parasite and Fungi","floor":25,"turns":4},{"damage":18,"enemies":"Chosen and Byrds","floor":27,"turns":4},{"damage":33,"enemies":"Book of Stabbing","floor":29,"turns":2}],"seed_played":"-2820997986331792755","potions_obtained":[{"floor":1,"key":"BloodPotion"},{"floor":8,"key":"Dexterity Potion"},{"floor":10,"key":"Strength Potion"},{"floor":21,"key":"Poison Potion"},{"floor":27,"key":"Dexterity Potion"}],"is_trial":false,"path_per_floor":["M","M","M","?","?","E","R","E","T","?","?","R","E","M","R","B",null,"M","?","M","?","M","R","$","M","T","M","$","E"],"character_chosen":"IRONCLAD","items_purchased":["True Grit","Pummel"],"campfire_rested":1,"item_purchase_floors":[24,28],"current_hp_per_floor":[74,71,75,75,75,66,66,37,37,38,63,63,64,70,70,75,75,57,57,37,37,17,54,54,27,27,21,21,0],"gold":208,"neow_bonus":"ONE_RANDOM_RARE_CARD","is_prod":false,"is_daily":false,"chose_seed":false,"campfire_upgraded":3,"win_rate":0,"timestamp":1547647881,"path_taken":["M","M","M","?","?","E","R","E","T","?","?","R","E","M","R","BOSS","M","?","M","?","?","R","$","M","T","M","$","E"],"build_version":"2019-01-10","purchased_purges":1,"victory":false,"max_hp_per_floor":[75,75,75,75,75,75,75,75,75,75,75,75,75,75,75,75,75,75,75,75,75,75,75,75,75,75,75,75,75],"card_choices":[{"not_picked":["Thunderclap","Clash"],"picked":"Reckless Charge","floor":1},{"not_picked":["Cleave","Anger"],"picked":"Shrug It Off","floor":2},{"not_picked":["Sword Boomerang","Havoc"],"picked":"Body Slam","floor":3},{"not_picked":["Pommel Strike","Twin Strike"],"picked":"Impervious","floor":6},{"not_picked":["Body Slam","Carnage"],"picked":"Demon Form","floor":8},{"not_picked":["Clash","Iron Wave","Pommel Strike"],"picked":"SKIP","floor":13},{"not_picked":["Spot Weakness","Armaments"],"picked":"Limit Break","floor":14},{"not_picked":["Demon Form","Offering"],"picked":"Reaper","floor":16},{"not_picked":["Wild Strike","Iron Wave"],"picked":"Sword Boomerang","floor":18},{"not_picked":["Burning Pact","Wild Strike"],"picked":"Seeing Red","floor":20},{"not_picked":["Searing Blow","Perfected Strike","Reckless Charge"],"picked":"SKIP","floor":22},{"not_picked":["Wild Strike+1","Body Slam","Iron Wave"],"picked":"SKIP","floor":25},{"not_picked":["Pommel Strike","Intimidate"],"picked":"Shrug It Off","floor":27}],"player_experience":875581,"relics_obtained":[{"floor":6,"key":"Regal Pillow"},{"floor":8,"key":"Kunai"},{"floor":9,"key":"Bronze Scales"},{"floor":10,"key":"Potion Belt"},{"floor":13,"key":"Happy Flower"},{"floor":26,"key":"Omamori"}],"event_choices":[{"cards_removed":["Strike_R"],"damage_healed":0,"gold_gain":0,"player_choice":"Card Removal","damage_taken":0,"max_hp_gain":0,"max_hp_loss":0,"event_name":"The Cleric","floor":4,"gold_loss":75},{"damage_healed":0,"gold_gain":0,"player_choice":"Grow","damage_taken":0,"max_hp_gain":0,"max_hp_loss":0,"event_name":"Living Wall","floor":5,"gold_loss":0,"cards_upgraded":["Immolate"]},{"damage_healed":0,"gold_gain":0,"player_choice":"Searched \u00271\u0027 times","damage_taken":0,"max_hp_gain":0,"max_hp_loss":0,"event_name":"Dead Adventurer","floor":10,"gold_loss":0},{"damage_healed":25,"gold_gain":0,"player_choice":"Banana","damage_taken":0,"max_hp_gain":0,"max_hp_loss":0,"event_name":"Big Fish","floor":11,"gold_loss":0},{"damage_healed":0,"gold_gain":0,"player_choice":"Smashed Altar","damage_taken":0,"max_hp_gain":0,"max_hp_loss":0,"event_name":"Forgotten Altar","floor":19,"gold_loss":0,"cards_obtained":["Decay"]},{"damage_healed":0,"gold_gain":0,"player_choice":"Bought 1 Potion","damage_taken":0,"max_hp_gain":0,"max_hp_loss":0,"event_name":"The Woman in Blue","floor":21,"gold_loss":0}],"is_beta":false,"boss_relics":[{"not_picked":["Lizard Tail","Eternal Feather"],"picked":"Runic Dome"}],"items_purged_floors":[24],"is_endless":false,"potions_floor_spawned":[1,8,10,27],"killed_by":"Book of Stabbing","ascension_level":19}