{"gold_per_floor":[117,128,139,139,64,64,78,103,150,150,29,58,74,85,85,164,164,180,180,190,130,147,147],"floor_reached":23,"playtime":1166,"items_purged":["Pain"],"score":335,"play_id":"1c86ee7c-8f23-4a4b-9742-20e001a10336","local_time":"20181223170944","is_ascension_mode":true,"campfire_choices":[{"data":"Footwork","floor":6,"key":"SMITH"},{"data":"Night Terror","floor":10,"key":"SMITH"},{"data":"Cloak And Dagger","floor":15,"key":"SMITH"}],"neow_cost":"NONE","seed_source_timestamp":188636397524792,"circlet_count":0,"master_deck":["AscendersBane","Survivor","Neutralize","Well Laid Plans","Flying Knee","Cloak And Dagger+1","Footwork+1","Choke","Night Terror+1","Slice","Escape Plan","Deflect","After Image","Escape Plan","PiercingWail","Footwork","Riddle With Holes","Tactician","Tools of the Trade","Backflip","Catalyst","Skewer","Necronomicurse","Dodge and Roll","Terror"],"relics":["Ring of the Snake","NeowsBlessing","WarpedTongs","Bottled Lightning","Strawberry","Boot","Pandora\u0027s Box","Necronomicon"],"potions_floor_usage":[7,8,8,23,23],"damage_taken":[{"damage":0,"enemies":"Jaw Worm","floor":1,"turns":1},{"damage":0,"enemies":"Cultist","floor":2,"turns":1},{"damage":0,"enemies":"2 Louse","floor":3,"turns":1},{"damage":10,"enemies":"Exordium Thugs","floor":7,"turns":6},{"damage":15,"enemies":"Gremlin Nob","floor":8,"turns":3},{"damage":5,"enemies":"3 Sentries","floor":12,"turns":10},{"damage":13,"enemies":"Looter","floor":13,"turns":4},{"damage":0,"enemies":"Gremlin Gang","floor":14,"turns":5},{"damage":14,"enemies":"The Guardian","floor":16,"turns":16},{"damage":5,"enemies":"Shell Parasite","floor":18,"turns":7},{"damage":10,"enemies":"Spheric Guardian","floor":20,"turns":6},{"damage":5,"enemies":"Shelled Parasite and Fungi","floor":22,"turns":7},{"damage":25,"enemies":"Slavers","floor":23,"turns":3}],"seed_played":"5319957673347169912","potions_obtained":[{"floor":2,"key":"SteroidPotion"},{"floor":3,"key":"AttackPotion"},{"floor":7,"key":"GamblersBrew"},{"floor":14,"key":"Explosive Potion"},{"floor":16,"key":"Explosive Potion"}],"is_trial":false,"path_per_floor":["M","M","M","?","$","R","M","E","T","R","$","E","M","M","R","B",null,"M","?","M","?","M","E"],"character_chosen":"THE_SILENT","items_purchased":["Footwork","Slice"],"campfire_rested":0,"item_purchase_floors":[5,11],"current_hp_per_floor":[63,63,63,63,63,63,53,38,45,45,45,40,27,27,27,13,61,56,40,30,30,25,0],"gold":147,"neow_bonus":"THREE_ENEMY_KILL","is_prod":false,"is_daily":false,"chose_seed":false,"campfire_upgraded":3,"win_rate":0,"timestamp":1545581384,"path_taken":["M","M","M","?","$","R","M","E","T","R","$","E","M","M","R","BOSS","M","?","M","?","M","E"],"build_version":"2018-12-20","purchased_purges":1,"victory":false,"max_hp_per_floor":[70,70,70,70,70,70,70,70,77,77,77,77,77,77,77,77,77,77,77,77,77,77,77],"card_choices":[{"not_picked":["Prepared","Calculated Gamble"],"picked":"Well Laid Plans","floor":1},{"not_picked":["Prepared","Leg Sweep"],"picked":"Flying Knee","floor":2},{"not_picked":["Outmaneuver","Prepared"],"picked":"Cloak And Dagger","floor":3},{"not_picked":["PiercingWail","Slice"],"picked":"Choke","floor":7},{"not_picked":["Heel Hook","Acrobatics"],"picked":"Night Terror","floor":8},{"not_picked":["Crippling Poison","All Out Attack"],"picked":"Escape Plan","floor":12},{"not_picked":["PiercingWail","Tactician"],"picked":"Deflect","floor":13},{"not_picked":["Bane","Outmaneuver","Crippling Poison"],"picked":"SKIP","floor":14},{"not_picked":["Night Terror","Glass Knife"],"picked":"After Image","floor":16},{"not_picked":["Deadly Poison","Acrobatics+1","Expertise"],"picked":"SKIP","floor":18},{"not_picked":["Outmaneuver","Concentrate"],"picked":"Dodge and Roll","floor":20},{"not_picked":["Cloak And Dagger","Expertise"],"picked":"Terror","floor":22}],"player_experience":784321,"relics_obtained":[{"floor":8,"key":"Bottled Lightning"},{"floor":9,"key":"Strawberry"},{"floor":12,"key":"Boot"},{"floor":19,"key":"Necronomicon"}],"event_choices":[{"damage_healed":0,"gold_gain":0,"player_choice":"Rummage","damage_taken":0,"relics_obtained":["WarpedTongs"],"max_hp_gain":0,"max_hp_loss":0,"event_name":"Accursed Blacksmith","floor":4,"gold_loss":0,"cards_obtained":["Pain"]},{"damage_healed":0,"gold_gain":0,"player_choice":"Obtained Book","damage_taken":16,"max_hp_gain":0,"max_hp_loss":0,"event_name":"Cursed Tome","floor":19,"gold_loss":0},{"cards_removed":["Outmaneuver"],"damage_healed":0,"gold_gain":0,"player_choice":"Single Remove","damage_taken":0,"max_hp_gain":0,"max_hp_loss":0,"event_name":"Designer","floor":21,"gold_loss":60}],"is_beta":false,"boss_relics":[{"not_picked":["Lizard Tail","HoveringKite"],"picked":"Pandora\u0027s Box"}],"items_purged_floors":[11],"is_endless":false,"potions_floor_spawned":[2,3,7,14,16],"killed_by":"Slavers","ascension_level":13}