{"gold_per_floor":[19,19,19,19,33,33,74,89,389,424,424,437,437,468,468,557,557,571,571,174,187,187,187,187,187,187,221,244,244,244,244,244,342,342,361,93,106,127,26,62,62,96,96,96,96,116,116,116,116,116],"floor_reached":51,"playtime":3306,"items_purged":["Injury","Doubt"],"score":1379,"play_id":"b56e8ef7-60fb-4213-a5b6-1a1ad47e0564","local_time":"20190131212301","is_ascension_mode":true,"campfire_choices":[{"data":"Bash","floor":6.0,"key":"SMITH"},{"floor":11.0,"key":"REST"},{"floor":13.0,"key":"REST"},{"data":"Battle Trance","floor":15.0,"key":"SMITH"},{"data":"Demon Form","floor":23.0,"key":"SMITH"},{"data":"Pommel Strike","floor":25.0,"key":"SMITH"},{"data":"Pummel","floor":29.0,"key":"SMITH"},{"data":"Impervious","floor":30.0,"key":"SMITH"},{"data":"RitualDagger","floor":32.0,"key":"SMITH"},{"floor":41.0,"key":"REST"},{"floor":44.0,"key":"REST"},{"floor":49.0,"key":"REST"}],"neow_cost":"NO_GOLD","seed_source_timestamp":14473998110666,"circlet_count":0,"master_deck":["AscendersBane","Strike_R","Defend_R","Defend_R","Defend_R","Defend_R","Bash+1","Headbutt","Impervious+1","True Grit","Pommel Strike+1","Cleave","Ghostly Armor","Shrug It Off","Battle Trance+1","Disarm","Demon Form+1","Limit Break+1","Pummel+1","Thunderclap","Spot Weakness+1","RitualDagger+1","Impervious","Sword Boomerang+1","Whirlwind+1","Battle Trance","Seeing Red+1","Secret Technique"],"special_seed":0,"relics":["Burning Blood","Golden Idol","Prayer Wheel","Old Coin","Potion Belt","Bronze Scales","Cursed Key","Vajra","Strawberry","Pear","WingedGreaves","Lizard Tail","Oddly Smooth Stone","Bottled Flame","Lantern"],"potions_floor_usage":[50,50,50],"damage_taken":[{"damage":12.0,"enemies":"Jaw Worm","floor":1.0,"turns":8.0},{"damage":1.0,"enemies":"Cultist","floor":5.0,"turns":3.0},{"damage":52.0,"enemies":"3 Sentries","floor":7.0,"turns":17.0},{"damage":6.0,"enemies":"Small Slimes","floor":8.0,"turns":6.0},{"damage":14.0,"enemies":"Lagavulin","floor":10.0,"turns":9.0},{"damage":11.0,"enemies":"Looter","floor":12.0,"turns":3.0},{"damage":10.0,"enemies":"Gremlin Nob","floor":14.0,"turns":3.0},{"damage":26.0,"enemies":"Hexaghost","floor":16.0,"turns":14.0},{"damage":19.0,"enemies":"Shell Parasite","floor":18.0,"turns":7.0},{"damage":9.0,"enemies":"Spheric Guardian","floor":21.0,"turns":6.0},{"damage":0.0,"enemies":"Slavers","floor":24.0,"turns":1.0},{"damage":0.0,"enemies":"Gremlin Leader","floor":27.0,"turns":5.0},{"damage":0.0,"enemies":"3 Cultists","floor":28.0,"turns":3.0},{"damage":71.0,"enemies":"Automaton","floor":33.0,"turns":9.0},{"damage":7.0,"enemies":"Orb Walker","floor":35.0,"turns":5.0},{"damage":14.0,"enemies":"3 Darklings","floor":37.0,"turns":3.0},{"damage":34.0,"enemies":"Jaw Worm Horde","floor":38.0,"turns":5.0},{"damage":22.0,"enemies":"Nemesis","floor":40.0,"turns":7.0},{"damage":24.0,"enemies":"Reptomancer","floor":42.0,"turns":6.0},{"damage":39.0,"enemies":"Spire Growth","floor":46.0,"turns":5.0},{"damage":68,"enemies":"Time Eater","floor":50,"turns":8}],"seed_played":"5921981256732702427","potions_obtained":[{"floor":7.0,"key":"Dexterity Potion"},{"floor":8.0,"key":"Swift Potion"},{"floor":10.0,"key":"SmokeBomb"},{"floor":12.0,"key":"Poison Potion"},{"floor":16.0,"key":"EntropicBrew"},{"floor":27.0,"key":"Block Potion"},{"floor":28.0,"key":"Strength Potion"},{"floor":33.0,"key":"Dexterity Potion"},{"floor":37.0,"key":"Strength Potion"},{"floor":38.0,"key":"SpeedPotion"}],"is_trial":false,"path_per_floor":["?","?","M","?","?","M","?","?","?","?"],"character_chosen":"IRONCLAD","items_purchased":["Vajra","Strawberry","Oddly Smooth Stone","Battle Trance","Swift Potion"],"campfire_rested":5,"item_purchase_floors":[20,20,36,39,39],"current_hp_per_floor":[62,62,62,62,67,67,21,21,21,13,35,30,52,48,48,28,63,50,50,57,54,54,54,60,60,70,76,82,82,82,76,76,11,72,71,71,63,35,35,19,46,28,28,55,45,12,12,12,39,52],"gold":116,"neow_bonus":"REMOVE_TWO","is_prod":false,"is_daily":false,"chose_seed":false,"campfire_upgraded":7,"win_rate":0,"timestamp":1548940981,"path_taken":["M","$","?","?","M","R","E","M","T","E","R","?","R","E","R","BOSS","M","?","$","M","?","R","E","R","T","E","?","R","R","?","R","BOSS","M","$","M","M","$","E","R","E","T","R","?","M","?","?","R","BOSS"],"build_version":"2019-01-23","purchased_purges":2,"victory":true,"max_hp_per_floor":[75,75,75,75,75,75,75,75,75,75,75,75,75,75,75,75,75,75,75,82,82,82,82,82,82,92,92,92,92,92,92,92,92,92,92,92,92,92,92,92,92,92,92,92,92,92,92,92,92,92],"card_choices":[{"not_picked":["Iron Wave","Clash"],"picked":"Headbutt","floor":1.0},{"not_picked":["Headbutt","Iron Wave"],"picked":"True Grit","floor":5.0},{"not_picked":["Uppercut","Dual Wield"],"picked":"Pommel Strike","floor":7.0},{"not_picked":["True Grit","Havoc"],"picked":"Cleave","floor":8.0},{"not_picked":["Perfected Strike","Clash"],"picked":"Ghostly Armor","floor":8.0},{"not_picked":["Clash","Uppercut"],"picked":"Shrug It Off","floor":10.0},{"not_picked":["Brutality","Rupture"],"picked":"Battle Trance","floor":12.0},{"not_picked":["Rampage","Cleave","Body Slam"],"picked":"SKIP","floor":12.0},{"not_picked":["Flex","Dual Wield"],"picked":"Disarm","floor":14.0},{"not_picked":["Exhume","Reaper"],"picked":"Demon Form","floor":16.0},{"not_picked":["Dual Wield","Shrug It Off","Evolve"],"picked":"SKIP","floor":18.0},{"not_picked":["Sentinel","Flame Barrier","Thunderclap"],"picked":"SKIP","floor":18.0},{"not_picked":["Infernal Blade","Rupture"],"picked":"Thunderclap","floor":21.0},{"not_picked":["Seeing Red","Clothesline+1"],"picked":"Spot Weakness+1","floor":21.0},{"not_picked":["Armaments","Shrug It Off+1","Iron Wave"],"picked":"SKIP","floor":27.0},{"not_picked":["Dual Wield","Clash","Fire Breathing"],"picked":"SKIP","floor":28.0},{"not_picked":["Clothesline","Rampage","Carnage"],"picked":"SKIP","floor":28.0},{"not_picked":["Barricade","Demon Form"],"picked":"Impervious","floor":33.0},{"not_picked":["Blood for Blood","Shrug It Off+1"],"picked":"Sword Boomerang+1","floor":35.0},{"not_picked":["Dual Wield+1","Infernal Blade"],"picked":"Whirlwind+1","floor":35.0},{"not_picked":["Shrug It Off","Iron Wave","Sever Soul"],"picked":"SKIP","floor":37.0},{"not_picked":["Perfected Strike","Headbutt","Reckless Charge"],"picked":"SKIP","floor":37.0},{"not_picked":["Headbutt","Blood for Blood","Body Slam"],"picked":"SKIP","floor":38.0},{"not_picked":["Fire Breathing","Power Through+1","Anger"],"picked":"SKIP","floor":38.0},{"not_picked":["Brutality","Disarm+1"],"picked":"Seeing Red+1","floor":40.0},{"not_picked":["Infernal Blade","Entrench","Thunderclap"],"picked":"SKIP","floor":42.0},{"not_picked":["Blind","Master of Strategy"],"picked":"Secret Technique","floor":45.0},{"not_picked":["Disarm","Corruption+1","Clash"],"picked":"SKIP","floor":46.0},{"not_picked":["Reckless Charge+1","Thunderclap","Sword Boomerang"],"picked":"SKIP","floor":46.0}],"player_experience":196196,"relics_obtained":[{"floor":7.0,"key":"Prayer Wheel"},{"floor":9.0,"key":"Old Coin"},{"floor":10.0,"key":"Potion Belt"},{"floor":14.0,"key":"Bronze Scales"},{"floor":26.0,"key":"Pear"},{"floor":27.0,"key":"WingedGreaves"},{"floor":40.0,"key":"Bottled Flame"},{"floor":42.0,"key":"Lantern"}],"event_choices":[{"damage_healed":0.0,"max_hp_gain":0.0,"max_hp_loss":0.0,"gold_gain":0.0,"event_name":"Golden Idol","player_choice":"Take Wound","floor":3.0,"gold_loss":0.0,"damage_taken":0.0,"relics_obtained":["Golden Idol"],"cards_obtained":["Injury"]},{"damage_healed":0.0,"max_hp_gain":0.0,"max_hp_loss":0.0,"gold_gain":0.0,"event_name":"Match and Keep!","player_choice":"1 cards matched","floor":4.0,"gold_loss":0.0,"damage_taken":0.0,"cards_obtained":["Impervious"]},{"damage_healed":0.0,"max_hp_gain":0.0,"max_hp_loss":0.0,"gold_gain":0.0,"cards_transformed":["Strike_R","Strike_R"],"event_name":"Drug Dealer","player_choice":"Became Test Subject","floor":19.0,"gold_loss":0.0,"damage_taken":0.0,"cards_obtained":["Limit Break","Pummel"]},{"damage_healed":0.0,"max_hp_gain":0.0,"max_hp_loss":0.0,"gold_gain":0.0,"event_name":"Accursed Blacksmith","player_choice":"Forge","floor":22.0,"gold_loss":0.0,"damage_taken":0.0,"cards_upgraded":["Limit Break"]},{"damage_healed":0.0,"max_hp_gain":0.0,"max_hp_loss":0.0,"gold_gain":0.0,"event_name":"Nest","player_choice":"Joined the Cult","floor":31.0,"gold_loss":0.0,"damage_taken":6.0,"cards_obtained":["RitualDagger"]},{"damage_healed":0.0,"max_hp_gain":0.0,"max_hp_loss":0.0,"gold_gain":0.0,"event_name":"SensoryStone","player_choice":"Memory 3","floor":45.0,"gold_loss":0.0,"damage_taken":10.0},{"damage_healed":0.0,"max_hp_gain":0.0,"max_hp_loss":0.0,"gold_gain":0.0,"event_name":"Mysterious Sphere","player_choice":"Ignored","floor":47.0,"gold_loss":0.0,"damage_taken":0.0},{"damage_healed":0.0,"max_hp_gain":0.0,"max_hp_loss":0.0,"gold_gain":0.0,"event_name":"The Moai Head","player_choice":"Ignored","floor":48.0,"gold_loss":0.0,"damage_taken":0.0}],"is_beta":false,"boss_relics":[{"not_picked":["Fusion Hammer","Runic Cube"],"picked":"Cursed Key"},{"not_picked":["Runic Dome","White Beast Statue"],"picked":"Lizard Tail"}],"items_purged_floors":[20,36],"is_endless":false,"potions_floor_spawned":[7,8,10,12,16,27,28,33,37,38],"ascension_level":17}