{"gold_per_floor":[111,130,130,150,150,212,212,242,265,265,282,300,327,340,340,414,414,428,353,364,72,72,98,98,98],"floor_reached":25,"playtime":579,"items_purged":[],"score":567,"play_id":"07b6bb54-fe54-49fb-99a3-5d3b834c0667","local_time":"20190115202942","is_ascension_mode":true,"campfire_choices":[{"data":"Immolate","floor":7,"key":"SMITH"},{"floor":10,"key":"REST"},{"data":"Bash","floor":15,"key":"SMITH"}],"neow_cost":"NONE","seed_source_timestamp":369742204763652,"circlet_count":0,"master_deck":["AscendersBane","Strike_R","Strike_R","Defend_R","Defend_R","Defend_R","Defend_R","Bash+1","Iron Wave","True Grit","Iron Wave","Immolate+1","Ghostly Armor","Inflame","Barricade","Flame Barrier","Metallicize","Apotheosis"],"relics":["Burning Blood","Tiny Chest","Bag of Marbles","PreservedInsect","Gambling Chip","Runic Dome","Blue Candle","Nloth\u0027s Gift"],"potions_floor_usage":[6],"damage_taken":[{"damage":0,"enemies":"Cultist","floor":1,"turns":1},{"damage":0,"enemies":"2 Louse","floor":2,"turns":1},{"damage":0,"enemies":"Small Slimes","floor":4,"turns":1},{"damage":22,"enemies":"Gremlin Nob","floor":6,"turns":4},{"damage":35,"enemies":"Lagavulin","floor":8,"turns":7},{"damage":0,"enemies":"3 Louse","floor":11,"turns":2},{"damage":0,"enemies":"Large Slime","floor":12,"turns":4},{"damage":0,"enemies":"3 Sentries","floor":13,"turns":3},{"damage":0,"enemies":"Gremlin Gang","floor":14,"turns":1},{"damage":31,"enemies":"The Guardian","floor":16,"turns":12},{"damage":6,"enemies":"2 Thieves","floor":18,"turns":2},{"damage":1,"enemies":"Chosen","floor":20,"turns":4},{"damage":0,"enemies":"Slavers","floor":23,"turns":1},{"damage":78,"enemies":"Book of Stabbing","floor":25,"turns":5}],"seed_played":"-8699594313545281536","potions_obtained":[{"floor":2,"key":"Explosive Potion"},{"floor":4,"key":"Energy Potion"},{"floor":14,"key":"GamblersBrew"},{"floor":18,"key":"Ancient Potion"}],"is_trial":false,"path_per_floor":["M","M","?","M","?","E","R","E","T","R","M","M","E","M","R","B",null,"M","?","M","$","?","E","?","E"],"character_chosen":"IRONCLAD","items_purchased":["Metallicize","Apotheosis"],"campfire_rested":1,"item_purchase_floors":[21,21],"current_hp_per_floor":[74,75,68,74,74,58,58,29,29,51,57,63,69,75,75,50,69,69,69,74,74,74,75,75,0],"gold":98,"neow_bonus":"THREE_ENEMY_KILL","is_prod":false,"is_daily":false,"chose_seed":false,"campfire_upgraded":2,"win_rate":0,"timestamp":1547580582,"path_taken":["M","?","?","M","?","E","R","E","T","R","M","?","E","M","R","BOSS","M","?","M","$","?","E","?","E"],"build_version":"2019-01-10","purchased_purges":0,"victory":false,"max_hp_per_floor":[75,75,75,75,75,75,75,75,75,75,75,75,75,75,75,75,75,75,75,75,75,75,75,75,75],"card_choices":[{"not_picked":["Clash","Havoc"],"picked":"Iron Wave","floor":1},{"not_picked":["Twin Strike","Sever Soul"],"picked":"True Grit","floor":2},{"not_picked":["Bloodletting","Corruption"],"picked":"Iron Wave","floor":4},{"not_picked":["Warcry","Anger","Flex"],"picked":"SKIP","floor":6},{"not_picked":["Havoc","Iron Wave","Pummel"],"picked":"SKIP","floor":8},{"not_picked":["True Grit","Havoc","Cleave"],"picked":"SKIP","floor":11},{"not_picked":["Heavy Blade","Cleave"],"picked":"Ghostly Armor","floor":12},{"not_picked":["Heavy Blade","Exhume"],"picked":"Inflame","floor":13},{"not_picked":["Dropkick","Anger","Blood for Blood"],"picked":"SKIP","floor":14},{"not_picked":["Fiend Fire","Double Tap"],"picked":"Barricade","floor":16},{"not_picked":["Flex","Twin Strike"],"picked":"Flame Barrier","floor":18},{"not_picked":["Clash","Bloodletting","Pommel Strike"],"picked":"SKIP","floor":20},{"not_picked":["Reaper","Sword Boomerang","Exhume"],"picked":"SKIP","floor":23}],"player_experience":863769,"relics_obtained":[{"floor":6,"key":"Tiny Chest"},{"floor":8,"key":"Bag of Marbles"},{"floor":9,"key":"PreservedInsect"},{"floor":13,"key":"Gambling Chip"},{"floor":23,"key":"Blue Candle"}],"event_choices":[{"cards_removed":["Strike_R"],"damage_healed":0,"gold_gain":0,"player_choice":"Card Removal","damage_taken":7,"max_hp_gain":0,"max_hp_loss":0,"event_name":"Golden Wing","floor":3,"gold_loss":0},{"damage_healed":0,"gold_gain":0,"cards_transformed":["Strike_R"],"player_choice":"Transformed","damage_taken":0,"max_hp_gain":0,"max_hp_loss":0,"event_name":"Transmorgrifier","floor":5,"gold_loss":0,"cards_obtained":["Immolate"]},{"cards_removed":["Strike_R"],"damage_healed":0,"gold_gain":0,"player_choice":"Gave Gold","damage_taken":0,"max_hp_gain":0,"max_hp_loss":0,"event_name":"Beggar","floor":19,"gold_loss":75},{"damage_healed":0,"gold_gain":0,"player_choice":"Ignored","damage_taken":0,"max_hp_gain":0,"max_hp_loss":0,"event_name":"Vampires","floor":22,"gold_loss":0},{"damage_healed":0,"gold_gain":0,"player_choice":"Traded Relic","damage_taken":0,"relics_obtained":["Nloth\u0027s Gift"],"max_hp_gain":0,"max_hp_loss":0,"event_name":"N\u0027loth","floor":24,"relics_lost":["NeowsBlessing"],"gold_loss":0}],"is_beta":false,"boss_relics":[{"not_picked":["Black Star","White Beast Statue"],"picked":"Runic Dome"}],"items_purged_floors":[],"is_endless":false,"potions_floor_spawned":[2,4,14,16,18,20],"killed_by":"Book of Stabbing","ascension_level":19}