{"gold_per_floor":[112,287,78,28,44,44,73,90,90,40,40,50,50,70,70,170,170,182,195,195,195],"floor_reached":21,"playtime":1139,"items_purged":["Doubt"],"score":260,"play_id":"d889badf-1a37-414e-af09-a9933bb23209","local_time":"20190226162107","is_ascension_mode":true,"campfire_choices":[{"data":"Bash","floor":6,"key":"SMITH"},{"data":"Warcry","floor":11,"key":"SMITH"},{"data":"Battle Trance","floor":13,"key":"SMITH"},{"data":"Flash of Steel","floor":15,"key":"SMITH"}],"neow_cost":"TEN_PERCENT_HP_LOSS","seed_source_timestamp":871731968749722,"circlet_count":0,"master_deck":["Strike_R","Strike_R","Strike_R","Strike_R","Defend_R","Defend_R","Defend_R","Bash+1","Warcry+1","Flash of Steel+1","Sever Soul"],"relics":["Burning Blood","Letter Opener","Orichalcum"],"potions_floor_usage":[7,18,18,21],"damage_taken":[{"damage":13,"enemies":"Jaw Worm","floor":1,"turns":5},{"damage":7,"enemies":"Small Slimes","floor":5,"turns":3},{"damage":25,"enemies":"Lagavulin","floor":7,"turns":6},{"damage":1,"enemies":"Cultist","floor":8,"turns":3},{"damage":0,"enemies":"3 Louse","floor":12,"turns":3},{"damage":16,"enemies":"Lots of Slimes","floor":14,"turns":5},{"damage":25,"enemies":"Slime Boss","floor":16,"turns":9},{"damage":16,"enemies":"Spheric Guardian","floor":18,"turns":4},{"damage":35,"enemies":"2 Thieves","floor":19,"turns":4},{"damage":85,"enemies":"Shelled Parasite and Fungi","floor":21,"turns":9}],"seed_played":"6437281128244701717","potions_obtained":[{"floor":1,"key":"LiquidBronze"},{"floor":5,"key":"SteroidPotion"},{"floor":18,"key":"Regen Potion"}],"is_trial":false,"path_per_floor":["M","?","$","?","M","R","E","M","T","$","R","M","R","M","R","B",null,"M","M","?","M"],"character_chosen":"IRONCLAD","items_purchased":["Flash of Steel","Swift Potion","Block Potion"],"campfire_rested":0,"item_purchase_floors":[3,3,10],"current_hp_per_floor":[65,65,65,65,64,64,45,50,50,50,50,56,56,46,46,27,61,51,22,72,0],"gold":195,"neow_bonus":"TRANSFORM_TWO_CARDS","is_prod":false,"is_daily":false,"chose_seed":false,"campfire_upgraded":4,"win_rate":0,"timestamp":1551194467,"path_taken":["M","?","$","?","?","R","E","M","T","?","R","M","R","M","R","BOSS","M","M","?","?"],"build_version":"2019-01-23","purchased_purges":1,"victory":false,"max_hp_per_floor":[72,72,72,72,72,72,72,72,72,72,72,72,72,72,72,72,72,72,72,72,72],"card_choices":[{"not_picked":["Body Slam","Havoc"],"picked":"Battle Trance","floor":1},{"not_picked":["Seeing Red","Armaments","Inflame"],"picked":"SKIP","floor":5},{"not_picked":["Twin Strike","Wild Strike"],"picked":"Sever Soul","floor":7},{"not_picked":["Twin Strike","Thunderclap","Havoc"],"picked":"SKIP","floor":8},{"not_picked":["Hemokinesis","Corruption","Reckless Charge"],"picked":"SKIP","floor":12},{"not_picked":["Flex","Warcry","Sentinel"],"picked":"SKIP","floor":14},{"not_picked":["Twin Strike","Headbutt","Shrug It Off"],"picked":"SKIP","floor":18},{"not_picked":["Second Wind","Heavy Blade","Blood for Blood"],"picked":"SKIP","floor":19}],"player_experience":467194,"relics_obtained":[{"floor":7,"key":"Letter Opener"},{"floor":9,"key":"Orichalcum"}],"event_choices":[{"damage_healed":0,"gold_gain":175,"player_choice":"AGREE","damage_taken":0,"max_hp_gain":0,"max_hp_loss":0,"event_name":"Liars Game","floor":2,"gold_loss":0,"cards_obtained":["Doubt"]},{"cards_removed":["Dark Embrace"],"damage_healed":0,"gold_gain":0,"player_choice":"Card Removal","damage_taken":0,"max_hp_gain":0,"max_hp_loss":0,"event_name":"The Cleric","floor":4,"gold_loss":50},{"cards_removed":["Battle Trance"],"damage_healed":50,"gold_gain":0,"player_choice":"Offered Uncommon","damage_taken":0,"max_hp_gain":0,"max_hp_loss":0,"event_name":"Bonfire Elementals","floor":20,"gold_loss":0}],"is_beta":false,"boss_relics":[{"not_picked":["Calling Bell","Pandora\u0027s Box","Fusion Hammer"]}],"items_purged_floors":[3],"is_endless":false,"potions_floor_spawned":[1,5,14,18],"killed_by":"Shelled Parasite and Fungi","ascension_level":9}