{"gold_per_floor":[116,132,145,145,157,176,196,196,196,196,215,250,250,250,250,346,346,365,375,65,65,65,65,83,118,193,0,11,26,43,62,62,62],"floor_reached":33,"playtime":1835,"items_purged":[],"score":287,"play_id":"4b0df8f0-5661-46e8-ab51-7b79eb41730a","local_time":"20190223105136","is_ascension_mode":true,"campfire_choices":[{"floor":10,"key":"REST"},{"floor":13,"key":"REST"},{"floor":15,"key":"REST"},{"floor":23,"key":"REST"},{"floor":32,"key":"REST"}],"neow_cost":"NONE","seed_source_timestamp":77693184531875,"circlet_count":0,"master_deck":["Strike_R+1","Strike_R","Strike_R","Strike_R","Strike_R","Defend_R","Defend_R","Defend_R","Defend_R","Bash","Perfected Strike+1","Cleave","Anger","Shockwave+1","Heavy Blade","Clothesline","Armaments","Impervious+1","Double Tap+1","Warcry+1","Thunderclap+1","Violence+1","Jack Of All Trades+1","Armaments+1","Body Slam+1","Reckless Charge","Rampage","Havoc+1","Twin Strike","Intimidate+1"],"relics":["White Beast Statue","Blue Candle","Toxic Egg 2","Snecko Eye","MutagenicStrength","Darkstone Periapt","Ornamental Fan","Strange Spoon"],"potions_floor_usage":[2,6,7,7,12,16,19,25,25,25,30,30,31,33,33],"damage_taken":[{"damage":5,"enemies":"Cultist","floor":1,"turns":4},{"damage":0,"enemies":"Jaw Worm","floor":2,"turns":3},{"damage":0,"enemies":"Small Slimes","floor":3,"turns":2},{"damage":11,"enemies":"3 Louse","floor":5,"turns":2},{"damage":10,"enemies":"Lots of Slimes","floor":6,"turns":3},{"damage":10,"enemies":"Looter","floor":7,"turns":2},{"damage":9,"enemies":"Blue Slaver","floor":11,"turns":3},{"damage":17,"enemies":"3 Sentries","floor":12,"turns":5},{"damage":77,"enemies":"Hexaghost","floor":16,"turns":13},{"damage":12,"enemies":"2 Thieves","floor":18,"turns":3},{"damage":3,"enemies":"Shell Parasite","floor":19,"turns":3},{"damage":9,"enemies":"Centurion and Healer","floor":24,"turns":2},{"damage":39,"enemies":"Slavers","floor":25,"turns":5},{"damage":10,"enemies":"Snake Plant","floor":28,"turns":3},{"damage":0,"enemies":"Sentry and Sphere","floor":29,"turns":3},{"damage":0,"enemies":"3 Cultists","floor":30,"turns":3},{"damage":0,"enemies":"Snake Plant","floor":31,"turns":2},{"damage":48,"enemies":"Collector","floor":33,"turns":5}],"seed_played":"3027003445162421648","potions_obtained":[{"floor":1,"key":"Dexterity Potion"},{"floor":2,"key":"Swift Potion"},{"floor":3,"key":"Strength Potion"},{"floor":5,"key":"Regen Potion"},{"floor":6,"key":"Strength Potion"},{"floor":7,"key":"Energy Potion"},{"floor":11,"key":"GamblersBrew"},{"floor":12,"key":"GamblersBrew"},{"floor":16,"key":"Strength Potion"},{"floor":19,"key":"FearPotion"},{"floor":24,"key":"Ancient Potion"},{"floor":25,"key":"Swift Potion"},{"floor":28,"key":"Ancient Potion"},{"floor":29,"key":"LiquidBronze"},{"floor":30,"key":"GamblersBrew"},{"floor":31,"key":"GamblersBrew"}],"is_trial":false,"path_per_floor":["M","M","M","?","M","M","M","?","T","R","M","E","R","?","R","B",null,"M","M","$","?","?","R","M","E","T","$","M","M","M","M","R","B"],"character_chosen":"IRONCLAD","items_purchased":["Violence+1","Jack Of All Trades+1","Armaments+1","Strange Spoon"],"campfire_rested":5,"item_purchase_floors":[20,20,20,27],"current_hp_per_floor":[75,75,75,75,64,63,53,37,37,61,52,35,59,59,80,3,80,68,65,65,65,65,80,71,32,32,32,22,22,22,22,46,0],"gold":62,"neow_bonus":"BOSS_RELIC","is_prod":false,"is_daily":false,"chose_seed":false,"campfire_upgraded":0,"win_rate":0,"timestamp":1550890296,"path_taken":["M","?","M","?","M","M","?","?","T","R","M","E","R","?","R","BOSS","M","M","$","?","?","R","M","E","T","$","M","M","M","?","R","BOSS"],"build_version":"2019-01-23","purchased_purges":0,"victory":false,"max_hp_per_floor":[80,80,80,80,80,80,80,80,80,80,80,80,80,80,80,80,80,80,80,80,80,80,80,80,80,80,80,80,80,80,80,80,80],"card_choices":[{"not_picked":["Whirlwind","Headbutt"],"picked":"Perfected Strike","floor":1},{"not_picked":["Searing Blow","Havoc"],"picked":"Cleave","floor":2},{"not_picked":["True Grit","Cleave"],"picked":"Anger","floor":3},{"not_picked":["Anger","Clothesline"],"picked":"Shockwave","floor":5},{"not_picked":["Shrug It Off","Havoc"],"picked":"Heavy Blade","floor":6},{"not_picked":["Heavy Blade","Fire Breathing"],"picked":"Clothesline","floor":7},{"not_picked":["Disarm","Havoc"],"picked":"Armaments","floor":11},{"not_picked":["Perfected Strike","Rampage"],"picked":"Impervious","floor":12},{"not_picked":["Juggernaut","Exhume+1"],"picked":"Double Tap+1","floor":16},{"not_picked":["Wild Strike","Havoc+1"],"picked":"Warcry+1","floor":18},{"not_picked":["Flex+1","Cleave"],"picked":"Thunderclap+1","floor":19},{"not_picked":["Flex+1","Armaments+1"],"picked":"Body Slam+1","floor":24},{"not_picked":["Evolve+1","Rage+1"],"picked":"Reckless Charge","floor":25},{"not_picked":["Body Slam","Pummel"],"picked":"Rampage","floor":28},{"not_picked":["Iron Wave","Rampage"],"picked":"Havoc+1","floor":29},{"not_picked":["Rampage","Sword Boomerang"],"picked":"Twin Strike","floor":30},{"not_picked":["Clash","Immolate"],"picked":"Intimidate+1","floor":31}],"player_experience":47585,"relics_obtained":[{"floor":9,"key":"Blue Candle"},{"floor":12,"key":"Toxic Egg 2"},{"floor":25,"key":"Darkstone Periapt"},{"floor":26,"key":"Ornamental Fan"}],"event_choices":[{"damage_healed":0,"gold_gain":0,"player_choice":"Forge","damage_taken":0,"max_hp_gain":0,"max_hp_loss":0,"event_name":"Accursed Blacksmith","floor":4,"gold_loss":0,"cards_upgraded":["Perfected Strike"]},{"damage_healed":0,"gold_gain":0,"player_choice":"Entered Light","damage_taken":16,"max_hp_gain":0,"max_hp_loss":0,"event_name":"Shining Light","floor":8,"gold_loss":0,"cards_upgraded":["Strike_R","Shockwave"]},{"damage_healed":0,"gold_gain":0,"player_choice":"Leave","damage_taken":0,"max_hp_gain":0,"max_hp_loss":0,"event_name":"The Cleric","floor":14,"gold_loss":0},{"damage_healed":0,"gold_gain":0,"player_choice":"Inject Mutagens","damage_taken":0,"relics_obtained":["MutagenicStrength"],"max_hp_gain":0,"max_hp_loss":0,"event_name":"Drug Dealer","floor":21,"gold_loss":0},{"damage_healed":0,"gold_gain":0,"player_choice":"Bought 0 Potions","damage_taken":0,"max_hp_gain":0,"max_hp_loss":0,"event_name":"The Woman in Blue","floor":22,"gold_loss":0}],"is_beta":false,"boss_relics":[{"not_picked":["Runic Dome","Ectoplasm"],"picked":"Snecko Eye"}],"items_purged_floors":[],"is_endless":false,"potions_floor_spawned":[1,2,3,5,6,7,11,12,16,18,19,24,25,28,29,30,31],"killed_by":"Collector","ascension_level":1}