{"gold_per_floor":[112,112,130,130,130,130,130,130,130,130,130],"floor_reached":11,"playtime":621,"items_purged":[],"score":59,"play_id":"b1550cd2-0fac-416e-b211-df9192496367","local_time":"20190227094407","is_ascension_mode":false,"campfire_choices":[{"floor":6,"key":"DIG"},{"floor":8,"key":"DIG"},{"floor":10,"key":"DIG"}],"neow_cost":"PERCENT_DAMAGE","seed_source_timestamp":1267048635469692,"circlet_count":0,"master_deck":["Strike_R","Strike_R","Strike_R","Defend_R","Defend_R","Defend_R","Defend_R","Bash","Flex","Feel No Pain"],"relics":["Burning Blood","Shovel","Frozen Egg 2","Girya","Potion Belt","Mango","Bag of Preparation"],"potions_floor_usage":[],"damage_taken":[{"damage":12,"enemies":"Small Slimes","floor":1,"turns":6},{"damage":1,"enemies":"Cultist","floor":3,"turns":4},{"damage":71,"enemies":"Lagavulin","floor":11,"turns":11}],"seed_played":"5670675016706476641","potions_obtained":[{"floor":3,"key":"GamblersBrew"}],"is_trial":false,"path_per_floor":["M","?","M","T","?","R","?","R","T","R","E"],"character_chosen":"IRONCLAD","items_purchased":[],"campfire_rested":0,"item_purchase_floors":[],"current_hp_per_floor":[50,50,55,55,48,48,48,48,62,62,0],"gold":130,"neow_bonus":"ONE_RARE_RELIC","is_prod":false,"is_daily":false,"chose_seed":false,"campfire_upgraded":0,"win_rate":0.0,"timestamp":1551278647,"path_taken":["M","?","?","?","?","R","?","R","T","R","E"],"build_version":"2019-01-23","purchased_purges":0,"victory":false,"max_hp_per_floor":[80,80,80,80,80,80,80,80,94,94,94],"card_choices":[{"not_picked":["Shrug It Off","Warcry"],"picked":"Flex","floor":1},{"not_picked":["Wild Strike","Twin Strike"],"picked":"Feel No Pain","floor":3}],"player_experience":25837,"relics_obtained":[{"floor":4,"key":"Frozen Egg 2"},{"floor":6,"key":"Girya"},{"floor":8,"key":"Potion Belt"},{"floor":9,"key":"Mango"},{"floor":10,"key":"Bag of Preparation"}],"event_choices":[{"cards_removed":["Strike_R"],"damage_healed":0,"gold_gain":0,"player_choice":"Offered Basic","damage_taken":0,"max_hp_gain":0,"max_hp_loss":0,"event_name":"Bonfire Elementals","floor":2,"gold_loss":0},{"cards_removed":["Strike_R"],"damage_healed":0,"gold_gain":0,"player_choice":"Card Removal","damage_taken":7,"max_hp_gain":0,"max_hp_loss":0,"event_name":"Golden Wing","floor":5,"gold_loss":0},{"damage_healed":0,"gold_gain":0,"player_choice":"Ignored","damage_taken":0,"max_hp_gain":0,"max_hp_loss":0,"event_name":"Shining Light","floor":7,"gold_loss":0}],"is_beta":false,"boss_relics":[],"items_purged_floors":[],"is_endless":false,"potions_floor_spawned":[3],"killed_by":"Lagavulin","ascension_level":0}