{"gold_per_floor":[119,135,148,73,88,88,115,115,142,177,177,177,200,279,279,400,400,424,424,424,440,460,494,512,512,512,527,51,51,64,80,80,80],"floor_reached":33,"playtime":3013,"items_purged":["Strike_R","Strike_R"],"score":350,"play_id":"6b85a648-a07e-4c4b-b121-ec347b393e32","local_time":"20180914171235","is_ascension_mode":true,"campfire_choices":[{"data":"Corruption","floor":6,"key":"SMITH"},{"floor":8,"key":"REST"},{"data":"Bloodletting","floor":11,"key":"SMITH"},{"floor":15,"key":"REST"},{"floor":25,"key":"REST"},{"floor":32,"key":"REST"}],"neow_cost":"NONE","seed_source_timestamp":192245093399568,"circlet_count":0,"master_deck":["Strike_R","Strike_R","Strike_R","Defend_R","Defend_R","Defend_R","Defend_R","Bash","Impervious+1","Corruption+1","Anger","Battle Trance+1","Pommel Strike","Bloodletting+1","Flex","Clash","Double Tap","Exhume"],"relics":["Burning Blood","Potion Belt","Vajra","Red Skull","Bloody Idol","Gambling Chip","Lizard Tail","War Paint","Nilry\u0027s Codex","Sundial","Ancient Tea Set","Strawberry","Membership Card"],"potions_floor_usage":[7,10,13,16,23,23,27,27,30,31],"damage_taken":[{"damage":2,"enemies":"Jaw Worm","floor":1,"turns":8},{"damage":7,"enemies":"2 Louse","floor":2,"turns":4},{"damage":5,"enemies":"Small Slimes","floor":3,"turns":3},{"damage":11,"enemies":"Blue Slaver","floor":5,"turns":4},{"damage":25,"enemies":"Lagavulin","floor":7,"turns":4},{"damage":0,"enemies":"3 Sentries","floor":10,"turns":7},{"damage":0,"enemies":"2 Fungi Beasts","floor":13,"turns":4},{"damage":16,"enemies":"Gremlin Nob","floor":14,"turns":4},{"damage":17,"enemies":"Hexaghost","floor":16,"turns":6},{"damage":11,"enemies":"Spheric Guardian","floor":18,"turns":3},{"damage":10,"enemies":"3 Byrds","floor":21,"turns":7},{"damage":19,"enemies":"Centurion and Healer","floor":22,"turns":5},{"damage":23,"enemies":"Book of Stabbing","floor":23,"turns":4},{"damage":22,"enemies":"Snecko","floor":24,"turns":5},{"damage":28,"enemies":"3 Cultists","floor":27,"turns":6},{"damage":24,"enemies":"Snake Plant","floor":30,"turns":4},{"damage":39,"enemies":"Shelled Parasite and Fungi","floor":31,"turns":6},{"damage":81,"enemies":"Automaton","floor":33,"turns":10}],"seed_played":"-5379774863918251416","potions_obtained":[{"floor":1,"key":"Fire Potion"},{"floor":3,"key":"SpeedPotion"},{"floor":5,"key":"AttackPotion"},{"floor":7,"key":"FearPotion"},{"floor":10,"key":"SpeedPotion"},{"floor":14,"key":"Ancient Potion"},{"floor":21,"key":"SpeedPotion"},{"floor":22,"key":"Swift Potion"},{"floor":24,"key":"Weak Potion"}],"is_trial":false,"path_per_floor":["M","M","M","$","M","R","E","R","T","E","R","?","M","?","R","B",null,"M","?","?","M","M","E","M","R","T","M","$","?","M","M","R"],"character_chosen":"IRONCLAD","items_purchased":["Regen Potion","Strawberry","Membership Card"],"campfire_rested":4,"item_purchase_floors":[28,28,28],"current_hp_per_floor":[80,79,80,80,75,75,56,80,80,80,80,60,66,56,80,69,80,75,75,59,55,42,25,9,33,33,11,18,18,17,45,71,0],"gold":80,"neow_bonus":"ONE_RANDOM_RARE_CARD","is_prod":false,"is_daily":false,"chose_seed":false,"campfire_upgraded":2,"win_rate":0,"timestamp":1536963155,"path_taken":["M","M","M","$","M","R","E","R","T","E","R","?","M","?","R","BOSS","M","?","?","?","M","E","M","R","T","?","?","?","?","M","R","BOSS"],"build_version":"2018-09-06","purchased_purges":2,"victory":false,"max_hp_per_floor":[80,80,80,80,80,80,80,80,80,80,80,80,80,80,80,80,80,80,80,80,80,80,80,80,80,80,80,87,87,87,87,87,87],"card_choices":[{"not_picked":["True Grit","Pummel"],"picked":"Corruption","floor":1},{"not_picked":["Shrug It Off","Heavy Blade"],"picked":"Anger","floor":2},{"not_picked":["Inflame","Twin Strike"],"picked":"Battle Trance","floor":3},{"not_picked":["Body Slam","Headbutt"],"picked":"Pommel Strike","floor":5},{"not_picked":["Battle Trance","Twin Strike","Armaments"],"picked":"SKIP","floor":7},{"not_picked":["Shockwave","Disarm"],"picked":"Bloodletting","floor":10},{"not_picked":["Heavy Blade","Pommel Strike"],"picked":"Flex","floor":13},{"not_picked":["Shrug It Off","Impervious"],"picked":"Clash","floor":14},{"not_picked":["Demon Form","Offering"],"picked":"Double Tap","floor":16},{"not_picked":["Clash","Iron Wave","Whirlwind"],"picked":"SKIP","floor":18},{"not_picked":["Headbutt","Clothesline","Searing Blow"],"picked":"SKIP","floor":21},{"not_picked":["Flex","Inflame","Burning Pact"],"picked":"SKIP","floor":22},{"not_picked":["Infernal Blade","Shockwave+1"],"picked":"Exhume","floor":23},{"not_picked":["Iron Wave","Metallicize","Battle Trance"],"picked":"SKIP","floor":24},{"not_picked":["Flex","Dual Wield","Anger"],"picked":"SKIP","floor":27},{"not_picked":["Inflame","Shrug It Off","Anger"],"picked":"SKIP","floor":30},{"not_picked":["Iron Wave","Headbutt+1","Rupture+1"],"picked":"SKIP","floor":31}],"player_experience":249067,"relics_obtained":[{"floor":7,"key":"Potion Belt"},{"floor":9,"key":"Vajra"},{"floor":10,"key":"Red Skull"},{"floor":20,"key":"Nilry\u0027s Codex"},{"floor":23,"key":"Sundial"},{"floor":26,"key":"Ancient Tea Set"}],"event_choices":[{"event_name":"Golden Idol","player_choice":"Take Damage","floor":12,"damage_taken":0},{"event_name":"Dead Adventurer","player_choice":"Searched \u00272\u0027 times","floor":14,"damage_taken":0},{"event_name":"The Mausoleum","player_choice":"Yes","floor":19,"damage_taken":0},{"event_name":"Cursed Tome","player_choice":"Obtained Book","floor":20,"damage_taken":0},{"event_name":"Forgotten Altar","player_choice":"Gave Idol","floor":29,"damage_taken":0}],"is_beta":false,"boss_relics":[{"not_picked":["Runic Pyramid","Cursed Key"],"picked":"Lizard Tail"}],"items_purged_floors":[4,28],"is_endless":false,"potions_floor_spawned":[1,3,5,7,10,14,21,22,24],"killed_by":"Automaton","ascension_level":3}