{"gold_per_floor":[112,164,164,116,135,135,165,165,190,190,80,80,96,123,123,224,224,241,268,286,201,217,245,245,145,223,223,234,31,50,61,61,164,164,174,91,191,191,43,108,108,108,178,178,195,213,225,236,236,236],"floor_reached":51,"playtime":2255,"items_purged":["Regret","Strike_B"],"score":1160,"play_id":"428879ae-4aef-408d-82ec-0ab3c73872fe","local_time":"20190203210311","is_ascension_mode":true,"campfire_choices":[{"data":"Dualcast","floor":6,"key":"SMITH"},{"data":"Zap","floor":8,"key":"SMITH"},{"data":"Defragment","floor":12,"key":"SMITH"},{"data":"Beam Cell","floor":15,"key":"SMITH"},{"floor":24,"key":"REST"},{"floor":27,"key":"REST"},{"data":"Blizzard","floor":32,"key":"SMITH"},{"data":"White Noise","floor":42,"key":"SMITH"},{"data":"Panacea","floor":44,"key":"SMITH"},{"floor":49,"key":"REST"}],"neow_cost":"NONE","seed_source_timestamp":1364978735651412,"circlet_count":0,"master_deck":["AscendersBane","Strike_B","Strike_B","Defend_B","Defend_B+1","Defend_B+1","Zap+1","Dualcast+1","Streamline","Cold Snap","Blizzard+1","Cold Snap","Defragment+1","Cold Snap","Beam Cell+1","Biased Cognition","White Noise+1","Melter","Coolheaded","Conserve Battery","Beam Cell","Barrage+1","Panacea+1","Capacitor","Defragment","Loop+1"],"relics":["Cracked Core","NeowsBlessing","Dead Branch","Pantograph","Oddly Smooth Stone","Sundial","War Paint","Lizard Tail","Red Mask","Pear","Regal Pillow","Singing Bowl","Runic Capacitor","Empty Cage","Incense Burner","Omamori","Tiny Chest","Shuriken"],"potions_floor_usage":[16,20,40],"damage_taken":[{"damage":0,"enemies":"Jaw Worm","floor":1,"turns":1},{"damage":0,"enemies":"2 Louse","floor":5,"turns":1},{"damage":0,"enemies":"3 Sentries","floor":7,"turns":1},{"damage":0,"enemies":"Small Slimes","floor":13,"turns":3},{"damage":10,"enemies":"Gremlin Nob","floor":14,"turns":4},{"damage":15,"enemies":"Slime Boss","floor":16,"turns":8},{"damage":12,"enemies":"Spheric Guardian","floor":18,"turns":4},{"damage":57,"enemies":"Masked Bandits","floor":19,"turns":4},{"damage":4,"enemies":"Chosen","floor":20,"turns":3},{"damage":17,"enemies":"Shelled Parasite and Fungi","floor":22,"turns":7},{"damage":38,"enemies":"Book of Stabbing","floor":23,"turns":8},{"damage":8,"enemies":"Chosen and Byrds","floor":28,"turns":7},{"damage":0,"enemies":"Sentry and Sphere","floor":30,"turns":3},{"damage":26,"enemies":"Snake Plant","floor":31,"turns":4},{"damage":40,"enemies":"Collector","floor":33,"turns":12},{"damage":22,"enemies":"3 Darklings","floor":35,"turns":6},{"damage":7,"enemies":"Mind Bloom Boss Battle","floor":37,"turns":8},{"damage":19,"enemies":"Reptomancer","floor":40,"turns":7},{"damage":8,"enemies":"Orb Walker","floor":45,"turns":3},{"damage":14,"enemies":"3 Darklings","floor":46,"turns":7},{"damage":21,"enemies":"Transient","floor":47,"turns":5},{"damage":13,"enemies":"Maw","floor":48,"turns":7},{"damage":29,"enemies":"Time Eater","floor":50,"turns":12}],"seed_played":"6676523656855896559","potions_obtained":[{"floor":7,"key":"SkillPotion"},{"floor":13,"key":"SteroidPotion"},{"floor":16,"key":"Fruit Juice"},{"floor":19,"key":"Energy Potion"},{"floor":20,"key":"Ancient Potion"},{"floor":33,"key":"AttackPotion"},{"floor":40,"key":"Dexterity Potion"}],"is_trial":false,"path_per_floor":["M","?","?","$","M","R","E","R","T","?","$","R","M","E","R","B",null,"M","?","M","?","M","E","R","$","T","R","M","$","M","M","R","B",null,"M","$","?","?","$","E","$","R","T","R","M","M","M","M","R","B",null],"character_chosen":"DEFECT","items_purchased":["Cold Snap","Defragment","Runic Capacitor","Panacea","Omamori"],"campfire_rested":3,"item_purchase_floors":[4,11,29,36,39],"current_hp_per_floor":[68,68,50,50,50,50,50,50,50,50,50,50,50,40,40,55,74,62,5,1,11,39,1,43,43,43,85,79,79,81,57,57,44,85,63,63,81,81,81,62,62,62,62,62,56,42,23,12,58,54],"gold":236,"neow_bonus":"THREE_ENEMY_KILL","is_prod":false,"is_daily":false,"chose_seed":false,"campfire_upgraded":7,"win_rate":0,"timestamp":1549245791,"path_taken":["M","?","?","?","M","R","E","R","T","?","$","R","M","E","R","BOSS","M","?","M","?","M","E","R","?","T","R","?","$","M","M","R","BOSS","M","$","?","?","?","E","$","R","T","R","?","?","M","?","R","BOSS"],"build_version":"2019-01-23","purchased_purges":2,"victory":true,"max_hp_per_floor":[75,75,75,75,75,75,75,75,75,75,75,75,75,75,75,80,80,80,80,80,90,90,90,90,90,90,90,92,92,94,96,96,98,98,98,98,98,98,98,98,98,98,98,98,100,100,102,104,104,104],"card_choices":[{"not_picked":["Compile Driver","Reprogram"],"picked":"Streamline","floor":1},{"not_picked":["Sweeping Beam","Gash"],"picked":"Blizzard","floor":5},{"not_picked":["Chaos","Reprogram"],"picked":"Cold Snap","floor":7},{"not_picked":["Compile Driver","Consume"],"picked":"Cold Snap","floor":13},{"not_picked":["Tempest","Hello World"],"picked":"Beam Cell","floor":14},{"not_picked":["Fission","Multi-Cast"],"picked":"Biased Cognition","floor":16},{"not_picked":["Rebound","Streamline"],"picked":"White Noise","floor":18},{"not_picked":["Barrage","Turbo"],"picked":"Melter","floor":19},{"not_picked":["Darkness","Barrage"],"picked":"Coolheaded","floor":20},{"not_picked":["Rainbow","Stack"],"picked":"Conserve Battery","floor":22},{"not_picked":["Turbo","Ball Lightning"],"picked":"Beam Cell","floor":23},{"not_picked":["Streamline","Heatsinks+1","Steam"],"picked":"Singing Bowl","floor":28},{"not_picked":["Hologram","Conserve Battery","Gash"],"picked":"Singing Bowl","floor":30},{"not_picked":["Beam Cell","Streamline","Reprogram"],"picked":"Singing Bowl","floor":31},{"not_picked":["Thunder Strike","Amplify","Reboot"],"picked":"Singing Bowl","floor":33},{"not_picked":["Rebound","Conserve Battery"],"picked":"Barrage+1","floor":35},{"not_picked":["Compile Driver","Steam"],"picked":"Capacitor","floor":37},{"not_picked":["Scrape","Compile Driver+1"],"picked":"Defragment","floor":40},{"not_picked":["Stack+1","Gash","Double Energy"],"picked":"Singing Bowl","floor":45},{"not_picked":["Go for the Eyes+1","Storm+1"],"picked":"Loop+1","floor":46},{"not_picked":["Stack","Sweeping Beam+1","Gash+1"],"picked":"Singing Bowl","floor":47},{"not_picked":["Loop","Fission","Auto Shields+1"],"picked":"Singing Bowl","floor":48}],"player_experience":577922,"relics_obtained":[{"floor":7,"key":"Pantograph"},{"floor":9,"key":"Oddly Smooth Stone"},{"floor":14,"key":"War Paint"},{"floor":19,"key":"Red Mask"},{"floor":23,"key":"Regal Pillow"},{"floor":26,"key":"Singing Bowl"},{"floor":37,"key":"Incense Burner"},{"floor":40,"key":"Tiny Chest"},{"floor":43,"key":"Shuriken"}],"event_choices":[{"damage_healed":0,"gold_gain":52,"player_choice":"Gained Gold","damage_taken":0,"max_hp_gain":0,"max_hp_loss":0,"event_name":"Golden Wing","floor":2,"gold_loss":0},{"damage_healed":0,"gold_gain":0,"player_choice":"Success","damage_taken":18,"relics_obtained":["Dead Branch"],"max_hp_gain":0,"max_hp_loss":0,"event_name":"Scrap Ooze","floor":3,"gold_loss":0},{"damage_healed":0,"gold_gain":0,"player_choice":"Box","damage_taken":0,"relics_obtained":["Sundial"],"max_hp_gain":0,"max_hp_loss":0,"event_name":"Big Fish","floor":10,"gold_loss":0,"cards_obtained":["Regret"]},{"damage_healed":0,"gold_gain":0,"player_choice":"Fought Bandits","damage_taken":0,"max_hp_gain":0,"max_hp_loss":0,"event_name":"Masked Bandits","floor":19,"gold_loss":0},{"damage_healed":0,"gold_gain":0,"player_choice":"Obtained Relic","damage_taken":0,"relics_obtained":["Pear"],"max_hp_gain":0,"max_hp_loss":0,"event_name":"Addict","floor":21,"gold_loss":85},{"damage_healed":0,"gold_gain":0,"player_choice":"Fight","damage_taken":0,"max_hp_gain":0,"max_hp_loss":0,"event_name":"MindBloom","floor":37,"gold_loss":0},{"damage_healed":0,"gold_gain":0,"player_choice":"Ignored","damage_taken":0,"max_hp_gain":0,"max_hp_loss":0,"event_name":"Mysterious Sphere","floor":38,"gold_loss":0}],"is_beta":true,"boss_relics":[{"not_picked":["Philosopher\u0027s Stone","Orrery"],"picked":"Lizard Tail"},{"not_picked":["Pandora\u0027s Box","Fusion Hammer"],"picked":"Empty Cage"}],"items_purged_floors":[11,25],"is_endless":false,"potions_floor_spawned":[7,13,16,19,20,33,40,46,48],"ascension_level":12}