{"gold_per_floor":[20,0,0,18,30,30,63,15,15,29,62,62,82,99,99,198,198,218,133,150,150,161,161,161,161],"floor_reached":25,"playtime":936,"items_purged":[],"score":330,"play_id":"fe500885-b45f-44a8-8186-58617b025d1e","local_time":"20181003140344","is_ascension_mode":true,"campfire_choices":[{"data":"Flame Barrier","floor":6,"key":"SMITH"},{"floor":12,"key":"REST"},{"floor":15,"key":"REST"},{"data":"Intimidate","floor":23,"key":"SMITH"}],"neow_cost":"NO_GOLD","seed_source_timestamp":10909703903383,"circlet_count":0,"master_deck":["Strike_R","Strike_R","Strike_R","Strike_R","Strike_R","Defend_R","Defend_R","Defend_R","Defend_R","Bash+1","AscendersBane","Disarm","Intimidate+1","Flame Barrier+1","Perfected Strike","Shrug It Off","Body Slam","Inflame","Perfected Strike","Perfected Strike","Bludgeon","Heavy Blade","Spot Weakness+1","Headbutt+1"],"relics":["Burning Blood","Champion Belt","Bottled Lightning","Ancient Tea Set","Mummified Hand","Cursed Key","Bag of Marbles"],"potions_floor_usage":[7,7,14,25],"damage_taken":[{"damage":1,"enemies":"Cultist","floor":1,"turns":3},{"damage":12,"enemies":"Small Slimes","floor":4,"turns":4},{"damage":7,"enemies":"2 Louse","floor":5,"turns":4},{"damage":23,"enemies":"Lagavulin","floor":7,"turns":12},{"damage":4,"enemies":"Exordium Wildlife","floor":10,"turns":3},{"damage":41,"enemies":"3 Sentries","floor":11,"turns":12},{"damage":0,"enemies":"3 Louse","floor":13,"turns":5},{"damage":7,"enemies":"Lots of Slimes","floor":14,"turns":5},{"damage":31,"enemies":"Slime Boss","floor":16,"turns":11},{"damage":20,"enemies":"2 Thieves","floor":18,"turns":4},{"damage":1,"enemies":"Spheric Guardian","floor":20,"turns":3},{"damage":18,"enemies":"Snake Plant","floor":22,"turns":4},{"damage":43,"enemies":"Shelled Parasite and Fungi","floor":25,"turns":4}],"seed_played":"-5072984630613320321","potions_obtained":[{"floor":1,"key":"Ancient Potion"},{"floor":4,"key":"BloodPotion"},{"floor":5,"key":"SkillPotion"},{"floor":11,"key":"PowerPotion"},{"floor":18,"key":"Strength Potion"},{"floor":22,"key":"GamblersBrew"}],"is_trial":false,"path_per_floor":["M","?","?","M","M","R","E","$","T","M","E","R","M","M","R","B",null,"M","?","M","$","M","R","?"],"character_chosen":"IRONCLAD","items_purchased":["Shrug It Off"],"campfire_rested":2,"item_purchase_floors":[8],"current_hp_per_floor":[77,77,77,71,70,70,53,53,53,55,20,44,50,49,73,48,72,58,58,63,63,51,51,43,0],"gold":161,"neow_bonus":"ONE_RARE_RELIC","is_prod":false,"is_daily":false,"chose_seed":false,"campfire_upgraded":2,"win_rate":0,"timestamp":1538568224,"path_taken":["M","?","?","M","M","R","E","?","T","M","E","R","M","?","R","BOSS","M","?","M","$","M","R","?","M"],"build_version":"2018-09-27","purchased_purges":0,"victory":false,"max_hp_per_floor":[80,80,80,80,80,80,80,80,80,80,80,80,80,80,80,80,80,80,80,80,80,80,80,80,80],"card_choices":[{"not_picked":["Cleave","Combust"],"picked":"Disarm","floor":1},{"not_picked":["Wild Strike","Rupture"],"picked":"Intimidate","floor":4},{"not_picked":["Sword Boomerang","Feel No Pain"],"picked":"Flame Barrier","floor":5},{"not_picked":["Cleave","Burning Pact"],"picked":"Perfected Strike","floor":7},{"not_picked":["Reckless Charge","Dual Wield"],"picked":"Body Slam","floor":10},{"not_picked":["Flex","Dual Wield"],"picked":"Inflame","floor":11},{"not_picked":["Hemokinesis","Clothesline"],"picked":"Perfected Strike","floor":13},{"not_picked":["Warcry","Blood for Blood"],"picked":"Perfected Strike","floor":14},{"not_picked":["Feed","Dark Embrace"],"picked":"Bludgeon","floor":16},{"not_picked":["Iron Wave","Clothesline"],"picked":"Heavy Blade","floor":18},{"not_picked":["True Grit","Pummel"],"picked":"Spot Weakness+1","floor":20},{"not_picked":["Sword Boomerang","Twin Strike"],"picked":"Headbutt+1","floor":22}],"player_experience":482308,"relics_obtained":[{"floor":7,"key":"Bottled Lightning"},{"floor":9,"key":"Ancient Tea Set"},{"floor":11,"key":"Mummified Hand"}],"event_choices":[{"event_name":"World of Goop","player_choice":"Left","floor":2,"damage_taken":0},{"event_name":"Living Wall","player_choice":"Grow","floor":3,"damage_taken":0},{"event_name":"Addict","player_choice":"Obtained Relic","floor":19,"damage_taken":0},{"event_name":"Knowing Skull","player_choice":"","floor":24,"damage_taken":0}],"is_beta":false,"boss_relics":[{"not_picked":["Pandora\u0027s Box","Philosopher\u0027s Stone"],"picked":"Cursed Key"}],"items_purged_floors":[],"is_endless":false,"potions_floor_spawned":[1,4,5,11,18,22],"killed_by":"Shelled Parasite and Fungi","ascension_level":11}