{"gold_per_floor":[114,132,132,132,132,165,8,8,8,8,26,57,67,78,78,153,153,171,191,205,205,205,205],"floor_reached":23,"playtime":880,"items_purged":[],"score":362,"play_id":"9ef50b20-e585-4c15-b1b3-ffeb33b0250d","local_time":"20190203193718","is_ascension_mode":true,"campfire_choices":[{"floor":8,"key":"REST"},{"data":"Flex","floor":10,"key":"SMITH"},{"floor":15,"key":"REST"}],"neow_cost":"NONE","seed_source_timestamp":503538403321370,"circlet_count":0,"master_deck":["AscendersBane","Strike_R+1","Strike_R","Strike_R+1","Strike_R+1","Strike_R+1","Defend_R","Defend_R","Defend_R","Defend_R","Bash","Clothesline","Uppercut+1","Flex+1","Anger","Flex","Cleave","Searing Blow","Flame Barrier","Reaper","Battle Trance","Sentinel+1","Necronomicurse","J.A.X."],"relics":["Burning Blood","Dream Catcher","Magic Flower","Bronze Scales","Art of War","Whetstone","Black Star","Necronomicon"],"potions_floor_usage":[16,18,19],"damage_taken":[{"damage":12,"enemies":"Small Slimes","floor":1,"turns":3},{"damage":6,"enemies":"Jaw Worm","floor":2,"turns":5},{"damage":24,"enemies":"Gremlin Nob","floor":6,"turns":4},{"damage":0,"enemies":"Cultist","floor":11,"turns":2},{"damage":25,"enemies":"3 Sentries","floor":12,"turns":7},{"damage":13,"enemies":"Blue Slaver","floor":13,"turns":3},{"damage":5,"enemies":"2 Fungi Beasts","floor":14,"turns":3},{"damage":25,"enemies":"The Guardian","floor":16,"turns":13},{"damage":7,"enemies":"3 Byrds","floor":18,"turns":3},{"damage":23,"enemies":"Spheric Guardian","floor":19,"turns":3},{"damage":8,"enemies":"Snecko","floor":20,"turns":4},{"damage":45,"enemies":"Book of Stabbing","floor":23,"turns":4}],"seed_played":"-2913163572960998583","potions_obtained":[{"floor":1,"key":"SpeedPotion"},{"floor":6,"key":"FearPotion"},{"floor":13,"key":"SteroidPotion"},{"floor":16,"key":"Fire Potion"}],"is_trial":false,"path_per_floor":["M","M","?","?","?","E","$","R","T","R","M","E","M","M","R","B",null,"M","M","M","?","?","E"],"character_chosen":"IRONCLAD","items_purchased":["Bronze Scales"],"campfire_rested":2,"item_purchase_floors":[7],"current_hp_per_floor":[62,62,62,39,39,21,21,43,43,43,52,36,32,36,58,42,67,69,55,65,44,44,0],"gold":205,"neow_bonus":"RANDOM_COMMON_RELIC","is_prod":false,"is_daily":false,"chose_seed":false,"campfire_upgraded":1,"win_rate":0,"timestamp":1549251438,"path_taken":["M","M","?","?","?","E","?","R","T","R","M","E","M","M","R","BOSS","M","?","M","?","?","E"],"build_version":"2019-01-23","purchased_purges":0,"victory":false,"max_hp_per_floor":[75,75,75,75,75,75,75,75,75,75,75,75,75,75,75,75,75,75,75,75,75,75,75],"card_choices":[{"not_picked":["Rage","Sword Boomerang"],"picked":"Clothesline","floor":1},{"not_picked":["Flex","Shrug It Off"],"picked":"Uppercut","floor":2},{"not_picked":["Rupture","Ghostly Armor"],"picked":"Flex","floor":6},{"not_picked":["Infernal Blade","Seeing Red"],"picked":"Anger","floor":8},{"not_picked":["Bloodletting","Wild Strike"],"picked":"Flex","floor":11},{"not_picked":["Clash","Dual Wield"],"picked":"Cleave","floor":12},{"not_picked":["Twin Strike","Havoc","Anger"],"picked":"SKIP","floor":13},{"not_picked":["Warcry","Evolve"],"picked":"Searing Blow","floor":14},{"not_picked":["Clash","Perfected Strike"],"picked":"Flame Barrier","floor":15},{"not_picked":["Bludgeon","Exhume"],"picked":"Reaper","floor":16},{"not_picked":["Feel No Pain","Ghostly Armor+1"],"picked":"Battle Trance","floor":18},{"not_picked":["Evolve","Pummel"],"picked":"Sentinel+1","floor":19},{"not_picked":["Clothesline","Cleave","Battle Trance"],"picked":"SKIP","floor":20}],"player_experience":529864,"relics_obtained":[{"floor":6,"key":"Magic Flower"},{"floor":9,"key":"Art of War"},{"floor":12,"key":"Whetstone"},{"floor":21,"key":"Necronomicon"}],"event_choices":[{"damage_healed":0,"gold_gain":0,"player_choice":"Grow","damage_taken":0,"max_hp_gain":0,"max_hp_loss":0,"event_name":"Living Wall","floor":3,"gold_loss":0,"cards_upgraded":["Uppercut"]},{"damage_healed":0,"gold_gain":0,"player_choice":"Entered Light","damage_taken":23,"max_hp_gain":0,"max_hp_loss":0,"event_name":"Shining Light","floor":4,"gold_loss":0,"cards_upgraded":["Strike_R","Strike_R"]},{"damage_healed":0,"gold_gain":0,"player_choice":"Ignored","damage_taken":0,"max_hp_gain":0,"max_hp_loss":0,"event_name":"Golden Idol","floor":5,"gold_loss":0},{"damage_healed":0,"gold_gain":0,"player_choice":"Obtained Book","damage_taken":21,"max_hp_gain":0,"max_hp_loss":0,"event_name":"Cursed Tome","floor":21,"gold_loss":0},{"damage_healed":0,"gold_gain":0,"player_choice":"Obtain J.A.X.","damage_taken":0,"max_hp_gain":0,"max_hp_loss":0,"event_name":"Drug Dealer","floor":22,"gold_loss":0,"cards_obtained":["J.A.X."]}],"is_beta":false,"boss_relics":[{"not_picked":["Sozu","Coffee Dripper"],"picked":"Black Star"}],"items_purged_floors":[],"is_endless":false,"potions_floor_spawned":[1,6,13,16],"killed_by":"Book of Stabbing","ascension_level":16}