{"gold_per_floor":[118,118,132,150,150,150,169,169,192,204,216,248,260,272,284,368,380,380,251,251,251,251],"floor_reached":22,"playtime":13413,"items_purged":["Strike_R"],"score":313,"play_id":"5c814037-d302-4e99-94cc-7790c95099c0","local_time":"20181021184929","is_ascension_mode":true,"campfire_choices":[{"data":"Rampage","floor":6,"key":"SMITH"},{"data":"Bash","floor":8,"key":"SMITH"},{"data":"Offering","floor":11,"key":"SMITH"},{"data":"Pommel Strike","floor":15,"key":"SMITH"}],"neow_cost":"TEN_PERCENT_HP_LOSS","seed_source_timestamp":94047025748781,"circlet_count":0,"master_deck":["Strike_R","Strike_R","Defend_R","Defend_R","Defend_R","Defend_R","Bash+1","AscendersBane","Pommel Strike+1","Rampage+1","Offering+1","Exhume+1","Shrug It Off"],"relics":["Burning Blood","Centennial Puzzle","MawBank","Ectoplasm"],"potions_floor_usage":[7,16,18,22,22],"damage_taken":[{"damage":4,"enemies":"2 Louse","floor":1,"turns":4},{"damage":2,"enemies":"Jaw Worm","floor":3,"turns":9},{"damage":5,"enemies":"Small Slimes","floor":4,"turns":4},{"damage":10,"enemies":"2 Fungi Beasts","floor":7,"turns":3},{"damage":12,"enemies":"Gremlin Gang","floor":12,"turns":5},{"damage":51,"enemies":"Slime Boss","floor":16,"turns":9},{"damage":30,"enemies":"Shell Parasite","floor":18,"turns":3},{"damage":19,"enemies":"3 Byrds","floor":20,"turns":5},{"damage":33,"enemies":"Snake Plant","floor":22,"turns":4}],"seed_played":"-6227131242956000985","potions_obtained":[{"floor":4,"key":"GamblersBrew"},{"floor":7,"key":"Strength Potion"},{"floor":12,"key":"Ancient Potion"},{"floor":18,"key":"Regen Potion"},{"floor":20,"key":"EssenceOfSteel"}],"is_trial":false,"path_per_floor":["M","?","M","M","?","R","M","R","T","$","R","M","$","?","R","B",null,"M","$","M","?"],"character_chosen":"IRONCLAD","items_purchased":["Shrug It Off"],"campfire_rested":0,"item_purchase_floors":[19],"current_hp_per_floor":[68,50,54,55,68,68,64,64,64,64,64,58,58,58,58,13,54,30,30,17,17,0],"gold":251,"neow_bonus":"REMOVE_TWO","is_prod":false,"is_daily":false,"chose_seed":false,"campfire_upgraded":4,"win_rate":0,"timestamp":1540140569,"path_taken":["M","?","M","M","?","R","?","R","T","$","R","M","?","?","R","BOSS","M","$","M","?","M"],"build_version":"2018-10-18","purchased_purges":1,"victory":false,"max_hp_per_floor":[68,68,68,68,68,68,68,68,68,68,68,68,68,68,68,68,68,68,68,68,68,68],"card_choices":[{"not_picked":["Anger","Wild Strike"],"picked":"Pommel Strike","floor":1},{"not_picked":["Warcry","Armaments"],"picked":"Rampage","floor":3},{"not_picked":["Wild Strike","Rage","Bloodletting"],"picked":"SKIP","floor":4},{"not_picked":["Flex","Evolve"],"picked":"Offering","floor":7},{"not_picked":["Twin Strike","Cleave","Havoc"],"picked":"SKIP","floor":12},{"not_picked":["Berserk","Juggernaut"],"picked":"Exhume","floor":16},{"not_picked":["Power Through","Spot Weakness","Feel No Pain"],"picked":"SKIP","floor":18},{"not_picked":["Rupture","Twin Strike","Anger+1"],"picked":"SKIP","floor":20}],"player_experience":553729,"relics_obtained":[{"floor":9,"key":"MawBank"}],"event_choices":[{"damage_healed":0,"gold_gain":0,"player_choice":"Success","damage_taken":18,"relics_obtained":["Centennial Puzzle"],"max_hp_gain":0,"max_hp_loss":0,"event_name":"Scrap Ooze","floor":2,"gold_loss":0},{"damage_healed":22,"gold_gain":0,"player_choice":"Banana","damage_taken":0,"max_hp_gain":0,"max_hp_loss":0,"event_name":"Big Fish","floor":5,"gold_loss":0},{"damage_healed":0,"gold_gain":0,"player_choice":"Ignored","damage_taken":0,"max_hp_gain":0,"max_hp_loss":0,"event_name":"Liars Game","floor":14,"gold_loss":0},{"damage_healed":0,"gold_gain":0,"player_choice":"Forge","damage_taken":0,"max_hp_gain":0,"max_hp_loss":0,"event_name":"Accursed Blacksmith","floor":21,"gold_loss":0,"cards_upgraded":["Exhume"]}],"is_beta":false,"boss_relics":[{"not_picked":["Runic Pyramid","White Beast Statue"],"picked":"Ectoplasm"}],"items_purged_floors":[19],"is_endless":false,"potions_floor_spawned":[4,7,12,18,20],"killed_by":"Snake Plant","ascension_level":16}