{"gold_per_floor":[115,134,309,309,309,309,339,355,433,433,446,9,9,29,29,125,125,135,153,8,8],"floor_reached":21,"playtime":695,"items_purged":["Strike_B"],"score":242,"play_id":"d9887c29-21e1-4101-9890-946502109dee","local_time":"20180912135655","is_ascension_mode":true,"campfire_choices":[{"data":"Zap","floor":6,"key":"SMITH"},{"floor":10,"key":"REST"},{"data":"Strike_B","floor":13,"key":"PURGE"},{"data":"Strike_B","floor":15,"key":"PURGE"}],"neow_cost":"NONE","seed_source_timestamp":7033194477781,"circlet_count":0,"master_deck":["Zap+1","Dualcast","Amplify","Go for the Eyes","Beam Cell","Streamline","Gash","Compile Driver","Core Surge","Darkness","Streamline","Beam Cell","Coolheaded","Self Repair","Dark Shackles","Hologram"],"relics":["Cracked Core","Bronze Scales","Kunai","Peace Pipe","Pandora\u0027s Box"],"potions_floor_usage":[7,16,21],"damage_taken":[{"damage":3,"enemies":"2 Louse","floor":1,"turns":2},{"damage":4,"enemies":"Small Slimes","floor":2,"turns":3},{"damage":35,"enemies":"Gremlin Nob","floor":7,"turns":6},{"damage":2,"enemies":"Jaw Worm","floor":8,"turns":3},{"damage":4,"enemies":"2 Fungi Beasts","floor":11,"turns":2},{"damage":2,"enemies":"Large Slime","floor":14,"turns":6},{"damage":37,"enemies":"Slime Boss","floor":16,"turns":9},{"damage":12,"enemies":"Chosen","floor":18,"turns":3},{"damage":25,"enemies":"Shell Parasite","floor":19,"turns":4},{"damage":23,"enemies":"Colosseum Slavers","floor":21,"turns":3}],"seed_played":"-1711644617450969082","potions_obtained":[{"floor":1,"key":"SkillPotion"},{"floor":8,"key":"Energy Potion"},{"floor":11,"key":"Regen Potion"}],"is_trial":false,"path_per_floor":["M","M","?","?","?","R","E","M","T","R","M","$","R","M","R","B",null,"M","M","$"],"character_chosen":"DEFECT","items_purchased":["Gash","Peace Pipe","Dark Shackles","Hologram"],"campfire_rested":1,"item_purchase_floors":[12,12,20,20],"current_hp_per_floor":[65,61,61,61,54,54,19,17,17,39,35,35,35,33,33,11,59,47,22,22,0],"gold":8,"neow_bonus":"ONE_RANDOM_RARE_CARD","is_prod":false,"is_daily":false,"chose_seed":false,"campfire_upgraded":1,"win_rate":0,"timestamp":1536753415,"path_taken":["M","M","?","?","?","R","E","M","T","R","M","$","R","M","R","BOSS","M","M","$","?"],"build_version":"2018-09-06","purchased_purges":1,"victory":false,"max_hp_per_floor":[75,75,75,75,75,75,75,75,75,75,75,75,75,75,75,75,75,75,75,75,75],"card_choices":[{"not_picked":["Chaos","Redo"],"picked":"Go for the Eyes","floor":1},{"not_picked":["Undo","Darkness"],"picked":"Beam Cell","floor":2},{"not_picked":["Go for the Eyes","Turbo","Darkness"],"picked":"SKIP","floor":7},{"not_picked":["Stack","Scrape"],"picked":"Streamline","floor":8},{"not_picked":["Streamline","Blizzard","Barrage"],"picked":"SKIP","floor":11},{"not_picked":["Beam Cell","Redo"],"picked":"Compile Driver","floor":14},{"not_picked":["Seek","Fission"],"picked":"Core Surge","floor":16},{"not_picked":["Sweeping Beam","Rebound","Darkness+1"],"picked":"SKIP","floor":18},{"not_picked":["Scrape","Static Discharge"],"picked":"Self Repair","floor":19}],"player_experience":409426,"relics_obtained":[{"floor":7,"key":"Bronze Scales"},{"floor":9,"key":"Kunai"}],"event_choices":[{"event_name":"Liars Game","player_choice":"agreed","floor":3,"damage_taken":0},{"event_name":"Living Wall","player_choice":"Forget","floor":4,"damage_taken":0},{"event_name":"Golden Wing","player_choice":"Card Removal","floor":5,"damage_taken":0},{"event_name":"Colosseum","player_choice":"Fight","floor":21,"damage_taken":0}],"is_beta":false,"boss_relics":[{"not_picked":["Coffee Dripper","FrozenCore"],"picked":"Pandora\u0027s Box"}],"items_purged_floors":[12],"is_endless":false,"potions_floor_spawned":[1,8,11],"killed_by":"Colosseum Slavers","ascension_level":7}