{"gold_per_floor":[109,109,47,62,73,73,84,84,84,84,101,131,11,37,37,114,114,134,144,157,171,171,171,195,195,219,233,233,37,37,37,37,114,114,125,125,1124,1138,1158,1158,1189,414,463,463,272,272,272,124,124,124],"floor_reached":51,"playtime":1542,"items_purged":["Strike_R","Strike_R","Defend_R"],"score":1141,"play_id":"f1b6cfb9-69d3-4bad-b417-7c8f90c5f06a","local_time":"20181014230334","is_ascension_mode":true,"campfire_choices":[{"data":"Bash","floor":6,"key":"SMITH"},{"data":"Rampage","floor":8,"key":"SMITH"},{"data":"Battle Trance","floor":10,"key":"SMITH"},{"data":"True Grit","floor":15,"key":"SMITH"},{"data":"Double Tap","floor":23,"key":"SMITH"},{"data":"Enlightenment","floor":32,"key":"SMITH"},{"data":"Demon Form","floor":40,"key":"SMITH"},{"floor":44,"key":"REST"},{"data":"Evolve","floor":47,"key":"SMITH"},{"data":"Disarm","floor":49,"key":"SMITH"}],"neow_cost":"TEN_PERCENT_HP_LOSS","seed_source_timestamp":384517131306770,"circlet_count":0,"master_deck":["Bash+1","AscendersBane","Shrug It Off+1","Battle Trance+1","Rampage+1","True Grit+1","Wild Strike","Impervious","Pommel Strike","Flame Barrier+1","Disarm+1","Double Tap+1","Impervious","Headbutt","Enlightenment+1","Demon Form+1","Infernal Blade+1","Fire Breathing+1","Offering+1","Carnage+1","Power Through","Evolve+1","Demon Form+1","Shrug It Off"],"relics":["Burning Blood","Bag of Marbles","Pear","Mercury Hourglass","Vajra","Sozu","Omamori","Oddly Smooth Stone","Sundial","Astrolabe","Bottled Flame","Bag of Preparation","FossilizedHelix","DollysMirror","War Paint","Strawberry","Pen Nib"],"potions_floor_usage":[12,21],"damage_taken":[{"damage":10,"enemies":"Small Slimes","floor":1,"turns":6},{"damage":4,"enemies":"Jaw Worm","floor":4,"turns":5},{"damage":0,"enemies":"Cultist","floor":5,"turns":3},{"damage":0,"enemies":"2 Fungi Beasts","floor":7,"turns":3},{"damage":0,"enemies":"Gremlin Gang","floor":11,"turns":3},{"damage":21,"enemies":"Gremlin Nob","floor":12,"turns":4},{"damage":15,"enemies":"3 Sentries","floor":14,"turns":5},{"damage":26,"enemies":"Hexaghost","floor":16,"turns":7},{"damage":13,"enemies":"Spheric Guardian","floor":18,"turns":4},{"damage":0,"enemies":"Chosen","floor":19,"turns":4},{"damage":18,"enemies":"Snake Plant","floor":20,"turns":5},{"damage":0,"enemies":"3 Cultists","floor":21,"turns":4},{"damage":4,"enemies":"Sentry and Sphere","floor":27,"turns":7},{"damage":73,"enemies":"Automaton","floor":33,"turns":11},{"damage":7,"enemies":"Orb Walker","floor":35,"turns":3},{"damage":9,"enemies":"3 Shapes","floor":38,"turns":5},{"damage":6,"enemies":"Spire Growth","floor":39,"turns":4},{"damage":26,"enemies":"Giant Head","floor":41,"turns":6},{"damage":69,"enemies":"Time Eater","floor":50,"turns":8}],"seed_played":"4627100481041651310","potions_obtained":[{"floor":5,"key":"EssenceOfSteel"},{"floor":11,"key":"Ancient Potion"},{"floor":14,"key":"Strength Potion"}],"is_trial":false,"path_per_floor":["M","?","?","M","M","R","M","R","T","R","M","E","$","E","R","B",null,"M","M","M","M","?","R","T","?","T","M","?","$","T","$","R","B",null,"M","?","?","M","M","R","E","$","T","R","$","?","R","$","R","B"],"character_chosen":"IRONCLAD","items_purchased":["True Grit","Enlightenment","Bag of Preparation","FossilizedHelix","DollysMirror","Shrug It Off","Strawberry","Pen Nib"],"campfire_rested":1,"item_purchase_floors":[13,29,42,42,42,45,45,48],"current_hp_per_floor":[68,68,68,70,72,72,72,72,82,82,82,67,67,58,58,38,71,64,70,58,64,64,64,64,82,82,82,82,82,82,82,82,15,65,64,64,64,61,61,61,41,41,41,65,72,72,72,72,72,9],"gold":124,"neow_bonus":"REMOVE_TWO","is_prod":false,"is_daily":false,"chose_seed":false,"campfire_upgraded":9,"win_rate":0,"timestamp":1539551014,"path_taken":["M","?","?","?","M","R","M","R","T","R","M","E","$","E","R","BOSS","M","M","M","M","?","R","?","?","T","?","?","$","?","?","R","BOSS","M","?","?","M","?","R","E","$","T","R","$","?","R","?","R","BOSS"],"build_version":"2018-10-11","purchased_purges":3,"victory":true,"max_hp_per_floor":[72,72,72,72,72,72,72,72,82,82,82,82,82,82,82,82,82,82,82,82,82,82,82,82,82,82,82,82,82,82,82,82,82,82,82,82,82,82,82,82,82,82,82,82,89,85,85,85,85,85],"card_choices":[{"not_picked":["Pommel Strike","Armaments"],"picked":"Shrug It Off","floor":1},{"not_picked":["Heavy Blade","Body Slam"],"picked":"Cleave","floor":4},{"not_picked":["Searing Blow","Fire Breathing"],"picked":"Battle Trance","floor":5},{"not_picked":["Shrug It Off","Flex"],"picked":"Rampage","floor":7},{"not_picked":["Rampage","Dual Wield","Warcry"],"picked":"SKIP","floor":11},{"not_picked":["Fire Breathing","Sword Boomerang","Brutality"],"picked":"SKIP","floor":12},{"not_picked":["Rupture","Seeing Red"],"picked":"Wild Strike","floor":14},{"not_picked":["Dark Embrace","Juggernaut"],"picked":"Impervious","floor":16},{"not_picked":["Sever Soul","Iron Wave"],"picked":"Pommel Strike","floor":18},{"not_picked":["Clothesline","Pommel Strike"],"picked":"Flame Barrier","floor":19},{"not_picked":["Twin Strike","Blood for Blood"],"picked":"Disarm","floor":20},{"not_picked":["Flex","Sentinel"],"picked":"Double Tap","floor":21},{"not_picked":["Metallicize","Anger"],"picked":"Headbutt","floor":27},{"not_picked":["Brutality","Offering"],"picked":"Demon Form","floor":33},{"not_picked":["Second Wind","Seeing Red","Combust"],"picked":"SKIP","floor":35},{"not_picked":["Perfected Strike","Havoc"],"picked":"Carnage+1","floor":38},{"not_picked":["Flex+1","Combust"],"picked":"Power Through","floor":39},{"not_picked":["True Grit","Reckless Charge+1"],"picked":"Evolve","floor":41}],"player_experience":516058,"relics_obtained":[{"floor":9,"key":"Pear"},{"floor":12,"key":"Mercury Hourglass"},{"floor":14,"key":"Vajra"},{"floor":24,"key":"Omamori"},{"floor":26,"key":"Oddly Smooth Stone"},{"floor":30,"key":"Sundial"},{"floor":41,"key":"Bottled Flame"},{"floor":43,"key":"War Paint"}],"event_choices":[{"event_name":"Living Wall","player_choice":"Forget","floor":2,"damage_taken":0},{"event_name":"WeMeetAgain","player_choice":"Gold","floor":3,"damage_taken":0},{"event_name":"Duplicator","player_choice":"One dupe","floor":22,"damage_taken":0},{"event_name":"The Library","player_choice":"Heal","floor":25,"damage_taken":0},{"event_name":"Wheel of Change","player_choice":"Full Heal","floor":28,"damage_taken":0},{"event_name":"Falling","player_choice":"Removed Attack","floor":36,"damage_taken":0},{"event_name":"MindBloom","player_choice":"Gold","floor":37,"damage_taken":0},{"event_name":"Winding Halls","player_choice":"Max HP","floor":46,"damage_taken":0}],"is_beta":false,"boss_relics":[{"not_picked":["Empty Cage","Cursed Key"],"picked":"Sozu"},{"not_picked":["Lizard Tail","Runic Dome"],"picked":"Astrolabe"}],"items_purged_floors":[13,29,42],"is_endless":false,"potions_floor_spawned":[5,11,14,18,19,21,27,35,38,41],"ascension_level":13}