{"gold_per_floor":[114,39,56,4,4,4,30,30,30,30,40,40,40,54,54,155,155,173,190,190,190],"floor_reached":21,"playtime":887,"items_purged":["Strike_R"],"score":266,"play_id":"da554309-7058-42b7-bc18-544d298b059b","local_time":"20190129195524","is_ascension_mode":true,"campfire_choices":[{"data":"Bash","floor":6,"key":"SMITH"},{"floor":8,"key":"REST"},{"data":"Spot Weakness","floor":12,"key":"SMITH"},{"floor":15,"key":"REST"}],"neow_cost":"NONE","seed_source_timestamp":6536926259807,"circlet_count":0,"master_deck":["AscendersBane","Strike_R","Strike_R","Strike_R","Defend_R","Defend_R","Defend_R","Defend_R","Bash+1","Spot Weakness+1","Flex+1","Flex","Sword Boomerang","Heavy Blade","Offering"],"relics":["Burning Blood","Omamori","Dodecahedron","Eternal Feather","MutagenicStrength"],"potions_floor_usage":[16,16,19,21],"damage_taken":[{"damage":6,"enemies":"Cultist","floor":1,"turns":4},{"damage":13,"enemies":"Jaw Worm","floor":3,"turns":5},{"damage":46,"enemies":"Gremlin Nob","floor":7,"turns":5},{"damage":4,"enemies":"2 Louse","floor":11,"turns":3},{"damage":37,"enemies":"Gremlin Gang","floor":14,"turns":4},{"damage":32,"enemies":"Slime Boss","floor":16,"turns":9},{"damage":34,"enemies":"Spheric Guardian","floor":18,"turns":4},{"damage":44,"enemies":"3 Byrds","floor":19,"turns":5},{"damage":14,"enemies":"Snake Plant","floor":21,"turns":2}],"seed_played":"3134874979746955764","potions_obtained":[{"floor":7,"key":"SneckoOil"},{"floor":11,"key":"Ancient Potion"},{"floor":14,"key":"Regen Potion"},{"floor":19,"key":"LiquidBronze"}],"is_trial":false,"path_per_floor":["$","?","?","M","$","?"],"character_chosen":"IRONCLAD","items_purchased":["Flex"],"campfire_rested":2,"item_purchase_floors":[4],"current_hp_per_floor":[72,72,65,65,70,70,30,55,55,55,57,57,57,26,51,25,70,42,13,13,0],"gold":190,"neow_bonus":"REMOVE_CARD","is_prod":false,"is_daily":false,"chose_seed":false,"campfire_upgraded":2,"win_rate":0,"timestamp":1548762924,"path_taken":["M","$","M","?","?","R","E","R","T","?","?","R","?","M","R","BOSS","M","M","?","M"],"build_version":"2019-01-23","purchased_purges":1,"victory":false,"max_hp_per_floor":[80,80,80,80,85,85,85,85,85,85,85,85,85,85,85,85,85,85,85,85,85],"card_choices":[{"not_picked":["Heavy Blade","Anger"],"picked":"Spot Weakness","floor":1},{"not_picked":["Headbutt","Pommel Strike"],"picked":"Flex","floor":3},{"not_picked":["Armaments","Pommel Strike"],"picked":"Sword Boomerang","floor":7},{"not_picked":["Body Slam","Combust"],"picked":"Heavy Blade","floor":11},{"not_picked":["Iron Wave","Wild Strike","Clothesline"],"picked":"SKIP","floor":14},{"not_picked":["Impervious","Reaper"],"picked":"Offering","floor":16},{"not_picked":["Combust+1","Body Slam","Reckless Charge"],"picked":"SKIP","floor":18},{"not_picked":["Clash","Searing Blow","Bloodletting+1"],"picked":"SKIP","floor":19}],"player_experience":129202,"relics_obtained":[{"floor":7,"key":"Omamori"},{"floor":9,"key":"Dodecahedron"}],"event_choices":[{"damage_healed":0,"gold_gain":0,"player_choice":"Donut","damage_taken":0,"max_hp_gain":5,"max_hp_loss":0,"event_name":"Big Fish","floor":5,"gold_loss":0},{"damage_healed":0,"gold_gain":0,"player_choice":"Forge","damage_taken":0,"max_hp_gain":0,"max_hp_loss":0,"event_name":"Accursed Blacksmith","floor":10,"gold_loss":0,"cards_upgraded":["Flex"]},{"damage_healed":0,"gold_gain":0,"player_choice":"Inject Mutagens","damage_taken":0,"relics_obtained":["MutagenicStrength"],"max_hp_gain":0,"max_hp_loss":0,"event_name":"Drug Dealer","floor":20,"gold_loss":0}],"is_beta":false,"boss_relics":[{"not_picked":["Runic Cube","Runic Pyramid"],"picked":"Eternal Feather"}],"items_purged_floors":[2],"is_endless":false,"potions_floor_spawned":[7,11,14,19],"killed_by":"Snake Plant","ascension_level":10}