{"gold_per_floor":[119,119,69,15,15,15,32,59,59,92,17,37,37,55,55,127,127,147,147,77,77,2,2,35,35,35,35,67,67,80,90,90,167,167,184,184,196,123,223,223,249,249],"floor_reached":42,"playtime":1402,"items_purged":["Shame"],"score":769,"play_id":"d6e2d867-dd4a-4140-b214-29114b5401bf","local_time":"20181213132501","is_ascension_mode":true,"campfire_choices":[{"data":"Survivor","floor":6,"key":"SMITH"},{"floor":13,"key":"REST"},{"data":"Footwork","floor":15,"key":"SMITH"},{"data":"Glass Knife","floor":23,"key":"SMITH"},{"floor":25,"key":"REST"},{"data":"Phantasmal Killer","floor":27,"key":"SMITH"},{"floor":29,"key":"REST"},{"floor":32,"key":"REST"},{"floor":40,"key":"REST"}],"neow_cost":"PERCENT_DAMAGE","seed_source_timestamp":2915448654977,"circlet_count":0,"master_deck":["AscendersBane","Defend_G+1","Defend_G+1","Defend_G+1","Defend_G+1","Strike_G+1","Strike_G+1","Strike_G+1","Survivor+1","Neutralize+1","Slice","Slice","Infinite Blades","Phantasmal Killer+1","Calculated Gamble","Footwork+1","Backflip","Well Laid Plans","Glass Knife+1","Deflect","Flying Knee","Blur","Dodge and Roll","Blade Dance","Corpse Explosion","Accuracy+1","Footwork","Dodge and Roll"],"relics":["Ring of the Snake","Shuriken","Sundial","Dodecahedron","The Specimen","Odd Mushroom","WristBlade","Snake Skull","Bag of Preparation","Letter Opener","Ancient Tea Set","Cursed Key","StoneCalendar","Lantern"],"potions_floor_usage":[10,12,12,18,31,33,39],"damage_taken":[{"damage":1,"enemies":"Small Slimes","floor":1,"turns":4},{"damage":0,"enemies":"Jaw Worm","floor":7,"turns":3},{"damage":5,"enemies":"Lagavulin","floor":8,"turns":8},{"damage":15,"enemies":"Gremlin Nob","floor":10,"turns":4},{"damage":8,"enemies":"The Mushroom Lair","floor":12,"turns":5},{"damage":0,"enemies":"2 Louse","floor":14,"turns":3},{"damage":6,"enemies":"The Guardian","floor":16,"turns":10},{"damage":0,"enemies":"Spheric Guardian","floor":18,"turns":3},{"damage":31,"enemies":"Book of Stabbing","floor":24,"turns":5},{"damage":36,"enemies":"Slavers","floor":28,"turns":5},{"damage":0,"enemies":"Chosen","floor":30,"turns":3},{"damage":0,"enemies":"Sentry and Sphere","floor":31,"turns":5},{"damage":44,"enemies":"Collector","floor":33,"turns":8},{"damage":0,"enemies":"Orb Walker","floor":35,"turns":4},{"damage":11,"enemies":"3 Shapes","floor":37,"turns":7},{"damage":5,"enemies":"Mind Bloom Boss Battle","floor":39,"turns":6},{"damage":40,"enemies":"Nemesis","floor":41,"turns":9},{"damage":29,"enemies":"Spire Growth","floor":42,"turns":4}],"seed_played":"-6359834613429486564","potions_obtained":[{"floor":1,"key":"Energy Potion"},{"floor":8,"key":"SkillPotion"},{"floor":10,"key":"SpeedPotion"},{"floor":16,"key":"Swift Potion"},{"floor":28,"key":"Weak Potion"},{"floor":30,"key":"Explosive Potion"},{"floor":35,"key":"Weak Potion"},{"floor":36,"key":"SteroidPotion"},{"floor":39,"key":"Strength Potion"}],"is_trial":false,"path_per_floor":["M","?","?","$","T","R","M","E","T","E","$","?","R","M","R","B",null,"M","?","$","?","$","R","E","R","T","R","E","R","M","M","R","B",null,"M","?","M","$","?","R","E","M"],"character_chosen":"THE_SILENT","items_purchased":["Slice","Footwork","Deflect","Flying Knee","Footwork"],"campfire_rested":5,"item_purchase_floors":[4,11,20,20,38],"current_hp_per_floor":[44,44,44,44,44,44,44,39,39,24,24,16,37,37,37,31,60,60,60,60,60,60,60,29,50,50,50,14,35,35,35,56,12,56,56,56,45,45,40,61,21,0],"gold":249,"neow_bonus":"REMOVE_TWO","is_prod":false,"is_daily":false,"chose_seed":false,"campfire_upgraded":4,"win_rate":0,"timestamp":1544703901,"path_taken":["M","?","?","$","?","R","?","E","T","E","$","?","R","M","R","BOSS","M","?","$","?","$","R","E","R","T","R","E","R","M","M","R","BOSS","M","?","?","$","?","R","E","M"],"build_version":"2018-12-06","purchased_purges":1,"victory":false,"max_hp_per_floor":[70,70,70,70,70,70,70,70,70,70,70,70,70,70,70,70,70,70,70,70,70,70,70,70,70,70,70,70,70,70,70,70,70,70,70,70,70,70,70,70,70,70],"card_choices":[{"not_picked":["Riddle With Holes","Blade Dance"],"picked":"Slice","floor":1},{"not_picked":["Dodge and Roll","Poisoned Stab"],"picked":"Infinite Blades","floor":7},{"not_picked":["Tactician","Dagger Throw"],"picked":"Phantasmal Killer","floor":8},{"not_picked":["Wraith Form v2","Quick Slash"],"picked":"Calculated Gamble","floor":10},{"not_picked":["Dagger Throw","Dash"],"picked":"Backflip","floor":12},{"not_picked":["Prepared","Flechettes"],"picked":"Well Laid Plans","floor":14},{"not_picked":["Storm of Steel","Die Die Die"],"picked":"Glass Knife","floor":16},{"not_picked":["Outmaneuver","Concentrate","Calculated Gamble+1"],"picked":"SKIP","floor":18},{"not_picked":["Sucker Punch","Bane"],"picked":"Blur","floor":24},{"not_picked":["Dagger Throw","Grand Finale","Quick Slash"],"picked":"SKIP","floor":28},{"not_picked":["Setup","PiercingWail"],"picked":"Dodge and Roll","floor":30},{"not_picked":["Acrobatics","Accuracy"],"picked":"Blade Dance","floor":31},{"not_picked":["Phantasmal Killer","Grand Finale"],"picked":"Corpse Explosion","floor":33},{"not_picked":["Underhanded Strike","Dagger Throw+1","Outmaneuver"],"picked":"SKIP","floor":35},{"not_picked":["Skewer","Outmaneuver+1"],"picked":"Accuracy+1","floor":37},{"not_picked":["Eviscerate","All Out Attack"],"picked":"Dodge and Roll","floor":39},{"not_picked":["Underhanded Strike+1","PiercingWail","Phantasmal Killer"],"picked":"SKIP","floor":41}],"player_experience":745334,"relics_obtained":[{"floor":5,"key":"Shuriken"},{"floor":8,"key":"Sundial"},{"floor":9,"key":"Dodecahedron"},{"floor":10,"key":"The Specimen"},{"floor":12,"key":"Odd Mushroom"},{"floor":24,"key":"Bag of Preparation"},{"floor":26,"key":"Letter Opener"},{"floor":28,"key":"Ancient Tea Set"},{"floor":39,"key":"StoneCalendar"},{"floor":41,"key":"Lantern"}],"event_choices":[{"damage_healed":0,"gold_gain":0,"player_choice":"Grow","damage_taken":0,"max_hp_gain":0,"max_hp_loss":0,"event_name":"Living Wall","floor":2,"gold_loss":0,"cards_upgraded":["Neutralize"]},{"cards_removed":["Strike_G"],"damage_healed":0,"gold_gain":0,"player_choice":"Card Removal","damage_taken":0,"max_hp_gain":0,"max_hp_loss":0,"event_name":"The Cleric","floor":3,"gold_loss":50},{"damage_healed":0,"gold_gain":0,"player_choice":"Fought Mushrooms","damage_taken":0,"max_hp_gain":0,"max_hp_loss":0,"event_name":"Mushrooms","floor":12,"gold_loss":0},{"damage_healed":0,"gold_gain":0,"player_choice":"Simplicity","damage_taken":0,"max_hp_gain":0,"max_hp_loss":0,"event_name":"Back to Basics","floor":19,"gold_loss":0,"cards_upgraded":["Defend_G","Defend_G","Defend_G","Defend_G","Strike_G","Strike_G","Strike_G"]},{"damage_healed":0,"gold_gain":0,"player_choice":"Stole Relic","damage_taken":0,"relics_obtained":["Snake Skull"],"max_hp_gain":0,"max_hp_loss":0,"event_name":"Addict","floor":21,"gold_loss":0,"cards_obtained":["Shame"]},{"damage_healed":0,"gold_gain":0,"player_choice":"Got Potions","damage_taken":0,"max_hp_gain":0,"max_hp_loss":0,"event_name":"Lab","floor":36,"gold_loss":0},{"damage_healed":0,"gold_gain":0,"player_choice":"Fight","damage_taken":0,"max_hp_gain":0,"max_hp_loss":0,"event_name":"MindBloom","floor":39,"gold_loss":0}],"is_beta":false,"boss_relics":[{"not_picked":["Runic Pyramid","Orrery"],"picked":"WristBlade"},{"not_picked":["Astrolabe","Busted Crown"],"picked":"Cursed Key"}],"items_purged_floors":[22],"is_endless":false,"potions_floor_spawned":[1,8,10,16,28,30,35,39],"killed_by":"Spire Growth","ascension_level":13}