{"gold_per_floor":[109,184,109,109,39,39,66,66,66,93,109,109,144,162,162,258,258,258,258,258,158,158,158,158,158,158,158,9,9,9,9,9,9,9,9,9,9,9,9,9,9,9,9,9,9,9,9,9,9,9],"floor_reached":51,"playtime":4414,"items_purged":["Defend_R","Strike_R","Strike_R"],"score":1012,"play_id":"310f3066-bd76-41ff-b04c-4e588c211071","local_time":"20190206000248","is_ascension_mode":true,"campfire_choices":[{"data":"Spot Weakness","floor":6,"key":"SMITH"},{"data":"Bash","floor":8,"key":"SMITH"},{"data":"Bludgeon","floor":15,"key":"SMITH"},{"data":"True Grit","floor":23,"key":"SMITH"},{"data":"Immolate","floor":25,"key":"SMITH"},{"data":"Sword Boomerang","floor":30,"key":"SMITH"},{"data":"Shrug It Off","floor":32,"key":"SMITH"},{"data":"Madness","floor":40,"key":"SMITH"},{"data":"Madness","floor":42,"key":"SMITH"},{"floor":49,"key":"REST"}],"neow_cost":"NONE","seed_source_timestamp":351807532220232,"circlet_count":0,"master_deck":["Strike_R+1","Defend_R","Defend_R","Defend_R","Bash+1","Spot Weakness+1","Bludgeon+1","Flame Barrier+1","Immolate+1","Metallicize+1","Barricade+1","True Grit+1","Shrug It Off+1","Metallicize+1","Clothesline","Sword Boomerang+1","Headbutt","Offering","Madness+1","Madness+1","Shrug It Off","Secret Weapon","Demon Form+1","Pommel Strike+1","Body Slam+1","Shrug It Off","Flame Barrier","Armaments+1","Sentinel+1","Evolve+1"],"relics":["Burning Blood","NeowsBlessing","Nunchaku","Red Skull","Vajra","Frozen Egg 2","Bottled Flame","Ectoplasm","Magic Flower","Bottled Lightning","Empty Cage","Prayer Wheel","Bottled Tornado","Du-Vu Doll","Torii"],"potions_floor_usage":[13,29,45,46,48,50,50],"damage_taken":[{"damage":0,"enemies":"Jaw Worm","floor":1,"turns":1},{"damage":0,"enemies":"Lagavulin","floor":7,"turns":1},{"damage":0,"enemies":"Gremlin Nob","floor":10,"turns":1},{"damage":0,"enemies":"Cultist","floor":11,"turns":2},{"damage":8,"enemies":"3 Sentries","floor":13,"turns":7},{"damage":3,"enemies":"2 Louse","floor":14,"turns":2},{"damage":0,"enemies":"Slime Boss","floor":16,"turns":5},{"damage":3,"enemies":"Chosen","floor":18,"turns":3},{"damage":5,"enemies":"Shell Parasite","floor":20,"turns":5},{"damage":8,"enemies":"Snake Plant","floor":22,"turns":3},{"damage":4,"enemies":"Shelled Parasite and Fungi","floor":27,"turns":6},{"damage":15,"enemies":"Book of Stabbing","floor":29,"turns":7},{"damage":4,"enemies":"Chosen and Byrds","floor":31,"turns":5},{"damage":35,"enemies":"Automaton","floor":33,"turns":12},{"damage":0,"enemies":"3 Shapes","floor":35,"turns":3},{"damage":6,"enemies":"Orb Walker","floor":37,"turns":2},{"damage":6,"enemies":"Mind Bloom Boss Battle","floor":38,"turns":6},{"damage":6,"enemies":"Giant Head","floor":41,"turns":7},{"damage":8,"enemies":"Maw","floor":44,"turns":5},{"damage":12,"enemies":"Sphere and 2 Shapes","floor":45,"turns":5},{"damage":23,"enemies":"Reptomancer","floor":46,"turns":5},{"damage":34,"enemies":"Writhing Mass","floor":47,"turns":6},{"damage":15,"enemies":"Jaw Worm Horde","floor":48,"turns":3},{"damage":38,"enemies":"Awakened One","floor":50,"turns":13}],"seed_played":"2732009838309652021","potions_obtained":[{"floor":1,"key":"AttackPotion"},{"floor":7,"key":"Block Potion"},{"floor":13,"key":"Swift Potion"},{"floor":16,"key":"Weak Potion"},{"floor":20,"key":"Regen Potion"},{"floor":29,"key":"GamblersBrew"},{"floor":35,"key":"Block Potion"},{"floor":38,"key":"LiquidBronze"},{"floor":45,"key":"Swift Potion"},{"floor":48,"key":"Block Potion"}],"is_trial":false,"path_per_floor":["M","?","$","?","$","R","E","R","T","E","M","?","E","M","R","B",null,"M","?","M","$","M","R","?","R","T","M","$","E","R","M","R","B",null,"M","?","M","?","?","R","E","R","T","M","M","E","M","M","R","B",null],"character_chosen":"IRONCLAD","items_purchased":["Spot Weakness","Clothesline"],"campfire_rested":1,"item_purchase_floors":[5,28],"current_hp_per_floor":[80,72,72,72,72,72,78,78,78,80,80,64,62,65,65,71,80,80,80,80,80,78,78,78,78,78,80,80,74,74,79,79,53,80,80,70,73,76,76,76,79,79,79,80,77,63,38,32,56,27],"gold":9,"neow_bonus":"THREE_ENEMY_KILL","is_prod":false,"is_daily":false,"chose_seed":false,"campfire_upgraded":9,"win_rate":0,"timestamp":1549407768,"path_taken":["M","?","?","?","$","R","E","R","T","E","?","?","E","M","R","BOSS","M","?","M","?","?","R","?","R","T","M","$","E","R","M","R","BOSS","M","?","M","?","?","R","E","R","T","M","?","E","M","M","R","BOSS"],"build_version":"2019-01-23","purchased_purges":3,"victory":true,"max_hp_per_floor":[80,80,80,80,80,80,80,80,80,80,80,80,80,80,80,80,80,80,80,80,80,80,80,80,80,80,80,80,80,80,80,80,80,80,80,80,80,80,80,80,80,80,80,80,80,80,80,80,80,80],"card_choices":[{"not_picked":["Feel No Pain","Wild Strike","Sentinel"],"picked":"SKIP","floor":1},{"not_picked":["Heavy Blade","Blood for Blood"],"picked":"Bludgeon","floor":7},{"not_picked":["Twin Strike","Havoc","Power Through"],"picked":"SKIP","floor":10},{"not_picked":["Sever Soul","Combust+1"],"picked":"Flame Barrier","floor":11},{"not_picked":["Clash","Rampage"],"picked":"Immolate","floor":13},{"not_picked":["Pommel Strike","Rage"],"picked":"Metallicize+1","floor":14},{"not_picked":["Bludgeon","Reaper"],"picked":"Barricade+1","floor":16},{"not_picked":["Sever Soul+1","Anger","Seeing Red"],"picked":"SKIP","floor":18},{"not_picked":["Pummel","Warcry"],"picked":"True Grit","floor":20},{"not_picked":["Pommel Strike","Twin Strike"],"picked":"Shrug It Off","floor":22},{"not_picked":["Armaments","Sword Boomerang"],"picked":"Metallicize+1","floor":27},{"not_picked":["Double Tap","Twin Strike"],"picked":"Sword Boomerang","floor":29},{"not_picked":["Rage+1","Intimidate"],"picked":"Headbutt","floor":31},{"not_picked":["Limit Break","Feed"],"picked":"Offering","floor":33},{"not_picked":["Carnage+1","Rampage+1","Bloodletting"],"picked":"SKIP","floor":35},{"not_picked":["Heavy Blade+1","Perfected Strike+1"],"picked":"Shrug It Off","floor":37},{"not_picked":["Sadistic Nature+1","Magnetism+1"],"picked":"Secret Weapon","floor":39},{"not_picked":["Wild Strike","Warcry+1"],"picked":"Demon Form+1","floor":41},{"not_picked":["Cleave","Iron Wave+1"],"picked":"Pommel Strike+1","floor":44},{"not_picked":["Combust+1","Searing Blow+1"],"picked":"Body Slam+1","floor":44},{"not_picked":["Perfected Strike","Headbutt"],"picked":"Shrug It Off","floor":45},{"not_picked":["Pommel Strike","Bloodletting+1","Perfected Strike"],"picked":"SKIP","floor":45},{"not_picked":["Bloodletting+1","Shockwave"],"picked":"Flame Barrier","floor":46},{"not_picked":["Havoc+1","Headbutt+1"],"picked":"Armaments+1","floor":47},{"not_picked":["Double Tap","Headbutt+1","Reckless Charge"],"picked":"SKIP","floor":47},{"not_picked":["Flame Barrier","Headbutt+1"],"picked":"Sentinel+1","floor":48},{"not_picked":["Cleave+1","Heavy Blade"],"picked":"Evolve+1","floor":48}],"player_experience":344147,"relics_obtained":[{"floor":7,"key":"Red Skull"},{"floor":9,"key":"Vajra"},{"floor":10,"key":"Frozen Egg 2"},{"floor":13,"key":"Bottled Flame"},{"floor":26,"key":"Magic Flower"},{"floor":29,"key":"Bottled Lightning"},{"floor":38,"key":"Prayer Wheel"},{"floor":41,"key":"Bottled Tornado"},{"floor":43,"key":"Du-Vu Doll"},{"floor":46,"key":"Torii"}],"event_choices":[{"damage_healed":0,"gold_gain":75,"player_choice":"Touch","damage_taken":8,"max_hp_gain":0,"max_hp_loss":0,"event_name":"FaceTrader","floor":2,"gold_loss":0},{"damage_healed":0,"gold_gain":0,"player_choice":"Gave Potion","damage_taken":0,"relics_obtained":["Nunchaku"],"max_hp_gain":0,"max_hp_loss":0,"event_name":"WeMeetAgain","floor":4,"gold_loss":0},{"damage_healed":0,"gold_gain":0,"player_choice":"Entered Light","damage_taken":16,"max_hp_gain":0,"max_hp_loss":0,"event_name":"Shining Light","floor":12,"gold_loss":0,"cards_upgraded":["Strike_R","Flame Barrier"]},{"damage_healed":0,"gold_gain":0,"player_choice":"Bought 0 Potions","damage_taken":0,"max_hp_gain":0,"max_hp_loss":0,"event_name":"The Woman in Blue","floor":19,"gold_loss":0},{"damage_healed":0,"gold_gain":0,"player_choice":"Ignored","damage_taken":0,"max_hp_gain":0,"max_hp_loss":0,"event_name":"Vampires","floor":24,"gold_loss":0},{"damage_healed":0,"gold_gain":0,"player_choice":"Embrace Madness","damage_taken":10,"max_hp_gain":0,"max_hp_loss":0,"event_name":"Winding Halls","floor":36,"gold_loss":0,"cards_obtained":["Madness","Madness"]},{"damage_healed":0,"gold_gain":0,"player_choice":"Fight","damage_taken":0,"max_hp_gain":0,"max_hp_loss":0,"event_name":"MindBloom","floor":38,"gold_loss":0},{"damage_healed":0,"gold_gain":0,"player_choice":"Memory 1","damage_taken":0,"max_hp_gain":0,"max_hp_loss":0,"event_name":"SensoryStone","floor":39,"gold_loss":0}],"is_beta":false,"boss_relics":[{"not_picked":["Philosopher\u0027s Stone","Mark of Pain"],"picked":"Ectoplasm"},{"not_picked":["Cursed Key","Eternal Feather"],"picked":"Empty Cage"}],"items_purged_floors":[3,21,28],"is_endless":false,"potions_floor_spawned":[1,7,13,16,20,27,29,35,38,41,45,48],"ascension_level":4}