{"gold_per_floor":[13,29,29,29,49,84,98,98,174,207,222,222],"floor_reached":12,"playtime":529,"items_purged":[],"score":158,"play_id":"29037c27-c7e8-419a-8abd-068e3eb913c0","local_time":"20190124210348","is_ascension_mode":true,"campfire_choices":[],"neow_cost":"NO_GOLD","seed_source_timestamp":430294082239147,"circlet_count":0,"master_deck":["AscendersBane","Strike_R","Strike_R","Strike_R","Strike_R","Defend_R","Defend_R","Defend_R","Bash","Ghostly Armor","True Grit","Clash","Hemokinesis","Reaper","Pommel Strike","Body Slam","Power Through"],"relics":["Burning Blood","Unceasing Top","Centennial Puzzle","Letter Opener","Art of War"],"potions_floor_usage":[10,11,11],"damage_taken":[{"damage":0,"enemies":"2 Louse","floor":1,"turns":3},{"damage":2,"enemies":"Jaw Worm","floor":2,"turns":4},{"damage":0,"enemies":"Cultist","floor":5,"turns":3},{"damage":38,"enemies":"Gremlin Nob","floor":6,"turns":4},{"damage":5,"enemies":"Looter","floor":7,"turns":3},{"damage":54,"enemies":"Lagavulin","floor":10,"turns":8},{"damage":3,"enemies":"Exordium Thugs","floor":11,"turns":4},{"damage":58,"enemies":"Gremlin Nob","floor":12,"turns":5}],"seed_played":"-1446094403310090466","potions_obtained":[{"floor":5,"key":"Regen Potion"},{"floor":6,"key":"Fire Potion"},{"floor":10,"key":"SkillPotion"}],"is_trial":false,"path_per_floor":["M","M","?","$","M","E","M","?","T","E","M","E"],"character_chosen":"IRONCLAD","items_purchased":[],"campfire_rested":0,"item_purchase_floors":[],"current_hp_per_floor":[74,75,75,75,75,43,48,48,48,21,32,0],"gold":222,"neow_bonus":"TRANSFORM_TWO_CARDS","is_prod":false,"is_daily":false,"chose_seed":false,"campfire_upgraded":0,"win_rate":0,"timestamp":1548392628,"path_taken":["M","M","?","$","M","E","M","?","T","E","M","E"],"build_version":"2019-01-23","purchased_purges":0,"victory":false,"max_hp_per_floor":[75,75,75,75,75,75,75,75,75,75,75,75],"card_choices":[{"not_picked":["Headbutt","Rage"],"picked":"Pommel Strike","floor":1},{"not_picked":["Dropkick","Havoc"],"picked":"Clash","floor":2},{"not_picked":["Anger","Wild Strike"],"picked":"Hemokinesis","floor":5},{"not_picked":["Thunderclap","Seeing Red"],"picked":"Reaper","floor":6},{"not_picked":["Clothesline","True Grit"],"picked":"Pommel Strike","floor":7},{"not_picked":["Thunderclap","Blood for Blood"],"picked":"Body Slam","floor":10},{"not_picked":["Reckless Charge","Fiend Fire"],"picked":"Power Through","floor":11}],"player_experience":495635,"relics_obtained":[{"floor":6,"key":"Unceasing Top"},{"floor":9,"key":"Letter Opener"},{"floor":10,"key":"Art of War"}],"event_choices":[{"damage_healed":0,"gold_gain":0,"player_choice":"Leave","damage_taken":0,"max_hp_gain":0,"max_hp_loss":0,"event_name":"The Cleric","floor":3,"gold_loss":0},{"cards_removed":["Pommel Strike"],"damage_healed":0,"gold_gain":0,"player_choice":"Gave Card","damage_taken":0,"relics_obtained":["Centennial Puzzle"],"max_hp_gain":0,"max_hp_loss":0,"event_name":"WeMeetAgain","floor":8,"gold_loss":0}],"is_beta":false,"boss_relics":[],"items_purged_floors":[],"is_endless":false,"potions_floor_spawned":[5,6,10],"killed_by":"Gremlin Nob","ascension_level":15}