{"gold_per_floor":[117,72,83,94,104,104,137,137,164,180,180,197,228,32,32,108,108,126,126,108,33,0,0],"floor_reached":23,"playtime":1120,"items_purged":[],"score":342,"play_id":"c67e3c14-ad46-4872-9a2e-1dce5348f346","local_time":"20190130205407","is_ascension_mode":true,"campfire_choices":[{"data":"Bash","floor":6.0,"key":"SMITH"},{"data":"Searing Blow","floor":8.0,"key":"SMITH"},{"data":"Searing Blow+1","floor":15,"key":"SMITH"}],"neow_cost":"NONE","seed_source_timestamp":24389408108486,"circlet_count":0,"master_deck":["AscendersBane","Strike_R","Strike_R","Defend_R+1","Defend_R","Defend_R","Bash+1","Pommel Strike","Flex+1","Blood for Blood","Thunderclap","Clash","Searing Blow+2","Thunderclap","Clash","Flex","Fiend Fire","Thunderclap+1","Armaments+1","Pummel+1","Dropkick","Necronomicurse","Clash"],"special_seed":0,"relics":["Burning Blood","War Paint","Bag of Preparation","Ancient Tea Set","Oddly Smooth Stone","HandDrill","Astrolabe","Necronomicon"],"potions_floor_usage":[13,16,16,23,23],"damage_taken":[{"damage":16.0,"enemies":"Cultist","floor":1.0,"turns":4.0},{"damage":2.0,"enemies":"Jaw Worm","floor":3.0,"turns":3.0},{"damage":1.0,"enemies":"2 Louse","floor":4.0,"turns":2.0},{"damage":2.0,"enemies":"2 Fungi Beasts","floor":5.0,"turns":3.0},{"damage":32.0,"enemies":"Lagavulin","floor":7.0,"turns":8.0},{"damage":8.0,"enemies":"3 Louse","floor":10.0,"turns":2.0},{"damage":6.0,"enemies":"Red Slaver","floor":12.0,"turns":2.0},{"damage":15,"enemies":"Gremlin Nob","floor":13,"turns":4},{"damage":30,"enemies":"Hexaghost","floor":16,"turns":5},{"damage":18,"enemies":"3 Byrds","floor":18,"turns":5},{"damage":18,"enemies":"2 Thieves","floor":20,"turns":4},{"damage":30,"enemies":"Gremlin Leader","floor":23,"turns":10}],"seed_played":"8003394367748616723","potions_obtained":[{"floor":0.0,"key":"SneckoOil"},{"floor":0.0,"key":"SmokeBomb"},{"floor":1.0,"key":"SpeedPotion"},{"floor":5.0,"key":"FearPotion"},{"floor":13,"key":"SteroidPotion"},{"floor":16,"key":"GamblersBrew"},{"floor":20,"key":"EntropicBrew"}],"is_trial":false,"path_per_floor":["$","M","M","?","?","?","?"],"character_chosen":"IRONCLAD","items_purchased":["Flex","HandDrill"],"campfire_rested":0,"item_purchase_floors":[2,14],"current_hp_per_floor":[58,58,62,67,71,71,45,45,45,43,43,43,34,34,34,10,59,47,31,19,19,19,0],"gold":0,"neow_bonus":"THREE_SMALL_POTIONS","is_prod":false,"is_daily":false,"chose_seed":false,"campfire_upgraded":3,"win_rate":0,"timestamp":1548852847,"path_taken":["M","?","?","M","?","R","E","R","T","M","?","M","E","$","R","BOSS","M","?","M","?","?","E"],"build_version":"2019-01-23","purchased_purges":0,"victory":false,"max_hp_per_floor":[75,75,75,75,75,75,75,75,75,75,75,75,75,75,75,75,75,75,75,75,75,75,75],"card_choices":[{"not_picked":["Clash","Clothesline"],"picked":"Pommel Strike","floor":1.0},{"not_picked":["Pommel Strike","Heavy Blade"],"picked":"Blood for Blood","floor":3.0},{"not_picked":["Burning Pact","Body Slam"],"picked":"Thunderclap","floor":4.0},{"not_picked":["Heavy Blade","Feel No Pain"],"picked":"Clash","floor":5.0},{"not_picked":["Heavy Blade","Whirlwind"],"picked":"Searing Blow","floor":7.0},{"not_picked":["Infernal Blade","Spot Weakness"],"picked":"Thunderclap","floor":10.0},{"not_picked":["Havoc","Sword Boomerang"],"picked":"Clash","floor":12.0},{"not_picked":["True Grit","Spot Weakness"],"picked":"Flex","floor":13},{"not_picked":["Juggernaut","Demon Form"],"picked":"Fiend Fire","floor":16},{"not_picked":["Flame Barrier+1","Evolve"],"picked":"Dropkick","floor":18},{"not_picked":["Heavy Blade","Flex"],"picked":"Clash","floor":20}],"player_experience":158572,"relics_obtained":[{"floor":7.0,"key":"War Paint"},{"floor":9.0,"key":"Bag of Preparation"},{"floor":13,"key":"Oddly Smooth Stone"},{"floor":19,"key":"Necronomicon"}],"event_choices":[{"damage_healed":0.0,"max_hp_gain":0.0,"max_hp_loss":0.0,"gold_gain":0.0,"event_name":"Dead Adventurer","player_choice":"Searched \u00271\u0027 times","floor":11.0,"gold_loss":0.0,"damage_taken":0.0,"relics_obtained":["Ancient Tea Set"]},{"damage_healed":0,"gold_gain":0,"player_choice":"Obtained Book","damage_taken":16,"max_hp_gain":0,"max_hp_loss":0,"event_name":"Cursed Tome","floor":19,"gold_loss":0},{"cards_removed":["Defend_R"],"damage_healed":0,"gold_gain":0,"player_choice":"Gave Gold","damage_taken":0,"max_hp_gain":0,"max_hp_loss":0,"event_name":"Beggar","floor":21,"gold_loss":75},{"damage_healed":0,"gold_gain":0,"player_choice":"Paid Fearfully","damage_taken":0,"max_hp_gain":0,"max_hp_loss":0,"event_name":"Masked Bandits","floor":22,"gold_loss":33}],"is_beta":false,"boss_relics":[{"not_picked":["White Beast Statue","Philosopher\u0027s Stone"],"picked":"Astrolabe"}],"items_purged_floors":[],"is_endless":false,"potions_floor_spawned":[1,5,10,13,16,20],"killed_by":"Gremlin Leader","ascension_level":14}