{"gold_per_floor":[117,129,147,164,43,43,70,70,95,108,108,61,61,71,71,169],"floor_reached":16,"playtime":460,"items_purged":["Strike_B"],"score":242,"play_id":"9fe7e0a2-6c3c-4c75-9b48-e1b41b67a242","local_time":"20181014144243","is_ascension_mode":false,"campfire_choices":[{"data":"Creative AI","floor":6,"key":"SMITH"},{"data":"Zap","floor":8,"key":"SMITH"},{"data":"Loop","floor":11,"key":"SMITH"},{"floor":15,"key":"REST"}],"neow_cost":"","seed_source_timestamp":0,"circlet_count":0,"master_deck":["Strike_B","Strike_B","Strike_B","Defend_B","Defend_B","Defend_B","Defend_B","Zap+1","Dualcast","Loop+1","Creative AI+1","Ball Lightning","Coolheaded","Leap","Cold Snap"],"relics":["Cracked Core","Odd Mushroom","Boot"],"potions_floor_usage":[7,7,16],"damage_taken":[{"damage":0,"enemies":"Cultist","floor":1,"turns":2},{"damage":1,"enemies":"Jaw Worm","floor":2,"turns":4},{"damage":0,"enemies":"2 Louse","floor":3,"turns":1},{"damage":10,"enemies":"Red Slaver","floor":4,"turns":4},{"damage":29,"enemies":"The Mushroom Lair","floor":7,"turns":3},{"damage":3,"enemies":"Looter","floor":10,"turns":3},{"damage":7,"enemies":"Exordium Wildlife","floor":14,"turns":4},{"damage":26,"enemies":"Slime Boss","floor":16,"turns":7}],"seed_played":"-8628013796915687457","potions_obtained":[{"floor":2,"key":"Explosive Potion"},{"floor":4,"key":"Strength Potion"},{"floor":14,"key":"SteroidPotion"},{"floor":16,"key":"Weak Potion"}],"is_trial":true,"path_per_floor":["M","M","M","M","$","R","?","R","T","M","R","?","?","M","R"],"character_chosen":"DEFECT","items_purchased":["Coolheaded"],"campfire_rested":1,"item_purchase_floors":[5],"current_hp_per_floor":[75,74,74,64,64,64,35,35,35,32,32,32,32,25,47,21],"gold":169,"neow_bonus":"","is_prod":false,"is_daily":false,"chose_seed":false,"campfire_upgraded":3,"win_rate":0,"timestamp":1539520963,"path_taken":["M","M","M","M","$","R","?","R","T","M","R","?","?","M","R","BOSS"],"build_version":"2018-10-11","purchased_purges":1,"victory":false,"max_hp_per_floor":[75,75,75,75,75,75,75,75,75,75,75,75,75,75,75,75],"card_choices":[{"not_picked":["Beam Cell","Ball Lightning"],"picked":"Loop","floor":1},{"not_picked":["Loop","Redo"],"picked":"Creative AI","floor":2},{"not_picked":["Undo","Rip and Tear","Rebound"],"picked":"SKIP","floor":3},{"not_picked":["Gash","Hologram"],"picked":"Ball Lightning","floor":4},{"not_picked":["Go for the Eyes","Lockon"],"picked":"Leap","floor":10},{"not_picked":["Conserve Battery","FTL"],"picked":"Cold Snap","floor":14}],"player_experience":512940,"relics_obtained":[{"floor":7,"key":"Odd Mushroom"},{"floor":9,"key":"Boot"}],"event_choices":[{"event_name":"Mushrooms","player_choice":"Fought Mushrooms","floor":7,"damage_taken":0},{"event_name":"World of Goop","player_choice":"Left","floor":12,"damage_taken":0},{"event_name":"Liars Game","player_choice":"disagreed","floor":13,"damage_taken":0}],"is_beta":false,"boss_relics":[],"items_purged_floors":[5],"is_endless":true,"potions_floor_spawned":[2,4,14,16],"killed_by":"Slime Boss","ascension_level":0}