{"gold_per_floor":[111,186,204,154,171,171,187,199,199,199,233,247,273,284,284,389,389,406,406,406,406,406,406,434,447,447,447,460,460,484,503,503,601,601,621,621,136,147,147],"floor_reached":39,"playtime":1729,"items_purged":["Defend_R"],"score":627,"play_id":"5a099a38-def7-4c5e-b867-f52802095144","local_time":"20190129203243","is_ascension_mode":true,"campfire_choices":[{"data":"Perfected Strike","floor":6.0,"key":"SMITH"},{"data":"Perfected Strike","floor":10.0,"key":"SMITH"},{"data":"Seeing Red","floor":15.0,"key":"SMITH"},{"data":"Perfected Strike","floor":23.0,"key":"SMITH"},{"floor":27.0,"key":"REST"},{"floor":29.0,"key":"REST"},{"floor":32.0,"key":"REST"}],"neow_cost":"NONE","seed_source_timestamp":7568660179048,"circlet_count":0,"master_deck":["AscendersBane","Strike_R","Strike_R","Strike_R","Strike_R","Strike_R","Defend_R","Defend_R","Bash","Infernal Blade","Perfected Strike+1","Shrug It Off","Seeing Red+1","Perfected Strike+1","Flex","Double Tap","Cleave","Perfected Strike+1","Pommel Strike","Writhe","Armaments+1","Cleave+1","Impervious","Perfected Strike"],"special_seed":0,"relics":["Black Blood","Pantograph","Blue Candle","Odd Mushroom","Sozu","Question Card","PreservedInsect","WingedGreaves","Bronze Scales","Sundial"],"potions_floor_usage":[33],"damage_taken":[{"damage":5.0,"enemies":"2 Louse","floor":1.0,"turns":4.0},{"damage":6.0,"enemies":"Jaw Worm","floor":3.0,"turns":4.0},{"damage":7.0,"enemies":"Small Slimes","floor":5.0,"turns":3.0},{"damage":3.0,"enemies":"Blue Slaver","floor":7.0,"turns":3.0},{"damage":5.0,"enemies":"3 Louse","floor":8.0,"turns":3.0},{"damage":8.0,"enemies":"Gremlin Nob","floor":11.0,"turns":3.0},{"damage":9.0,"enemies":"Looter","floor":12.0,"turns":3.0},{"damage":18.0,"enemies":"The Mushroom Lair","floor":13.0,"turns":3.0},{"damage":11.0,"enemies":"Blue Slaver","floor":14.0,"turns":4.0},{"damage":6.0,"enemies":"Slime Boss","floor":16.0,"turns":8.0},{"damage":10.0,"enemies":"Shell Parasite","floor":18.0,"turns":3.0},{"damage":40.0,"enemies":"Slavers","floor":24.0,"turns":5.0},{"damage":15.0,"enemies":"2 Thieves","floor":25.0,"turns":4.0},{"damage":18.0,"enemies":"Snake Plant","floor":28.0,"turns":2.0},{"damage":35.0,"enemies":"Shelled Parasite and Fungi","floor":31.0,"turns":4.0},{"damage":74,"enemies":"Collector","floor":33,"turns":9},{"damage":11,"enemies":"Orb Walker","floor":35,"turns":2},{"damage":40,"enemies":"3 Shapes","floor":38,"turns":3},{"damage":41,"enemies":"Transient","floor":39,"turns":4}],"seed_played":"2997017510017979100","potions_obtained":[{"floor":0.0,"key":"Fire Potion"},{"floor":0.0,"key":"Ancient Potion"},{"floor":0.0,"key":"EssenceOfSteel"},{"floor":1.0,"key":"SteroidPotion"},{"floor":5.0,"key":"Regen Potion"},{"floor":11.0,"key":"Weak Potion"},{"floor":14.0,"key":"FearPotion"}],"is_trial":false,"path_per_floor":["?","?","?","?","?","?","?","M","T","?"],"character_chosen":"IRONCLAD","items_purchased":["Impervious","Sundial"],"campfire_rested":3,"item_purchase_floors":[37,37],"current_hp_per_floor":[73,62,62,62,61,61,64,65,65,65,63,60,57,52,52,77,79,75,60,60,60,60,60,26,17,17,42,30,55,55,26,51,8,66,65,65,65,35,0],"gold":147,"neow_bonus":"THREE_SMALL_POTIONS","is_prod":false,"is_daily":false,"chose_seed":false,"campfire_upgraded":4,"win_rate":0,"timestamp":1548765163,"path_taken":["M","?","M","?","M","R","M","M","T","R","E","M","?","M","R","BOSS","M","?","?","?","?","R","E","M","T","R","?","R","?","M","R","BOSS","M","?","$","M","M"],"build_version":"2019-01-23","purchased_purges":1,"victory":false,"max_hp_per_floor":[80,80,80,80,80,80,80,80,80,80,80,80,80,80,80,80,80,80,85,85,85,85,85,85,85,85,85,85,85,85,85,85,85,85,85,85,85,85,85],"card_choices":[{"not_picked":["Clothesline","Headbutt"],"picked":"Infernal Blade","floor":1.0},{"not_picked":["Twin Strike","Pummel"],"picked":"Perfected Strike","floor":3.0},{"not_picked":["True Grit","Thunderclap"],"picked":"Shrug It Off","floor":5.0},{"not_picked":["Flame Barrier","Reckless Charge"],"picked":"Seeing Red","floor":7.0},{"not_picked":["Twin Strike","Clothesline"],"picked":"Perfected Strike","floor":8.0},{"not_picked":["Evolve","Heavy Blade"],"picked":"Flex","floor":11.0},{"not_picked":["Hemokinesis","Inflame","Armaments"],"picked":"SKIP","floor":12.0},{"not_picked":["True Grit","Flex"],"picked":"Double Tap","floor":13.0},{"not_picked":["Clash","Metallicize"],"picked":"Cleave","floor":14.0},{"not_picked":["Clash","Blood for Blood"],"picked":"Perfected Strike","floor":18.0},{"not_picked":["Dropkick+1","Inflame","Anger","Rage"],"picked":"SKIP","floor":24.0},{"not_picked":["Limit Break","Evolve","Clothesline","Rampage+1"],"picked":"SKIP","floor":25.0},{"not_picked":["Combust+1","Anger","Entrench+1","Sword Boomerang"],"picked":"SKIP","floor":28.0},{"not_picked":["Bloodletting","Sword Boomerang+1","Wild Strike+1"],"picked":"Armaments+1","floor":31.0},{"not_picked":["Power Through+1","Armaments","Headbutt"],"picked":"Cleave+1","floor":35},{"not_picked":["Havoc","Rage","Headbutt"],"picked":"Perfected Strike","floor":38}],"player_experience":130089,"relics_obtained":[{"floor":9.0,"key":"Pantograph"},{"floor":11.0,"key":"Blue Candle"},{"floor":13.0,"key":"Odd Mushroom"},{"floor":24.0,"key":"PreservedInsect"},{"floor":26.0,"key":"WingedGreaves"},{"floor":30.0,"key":"Bronze Scales"}],"event_choices":[{"damage_healed":0.0,"max_hp_gain":0.0,"max_hp_loss":0.0,"gold_gain":75.0,"event_name":"World of Goop","player_choice":"Gather Gold","floor":2.0,"gold_loss":0.0,"damage_taken":11.0},{"cards_removed":["Defend_R"],"damage_healed":0.0,"max_hp_gain":0.0,"max_hp_loss":0.0,"gold_gain":0.0,"event_name":"The Cleric","player_choice":"Card Removal","floor":4.0,"gold_loss":50.0,"damage_taken":0.0},{"damage_healed":0.0,"max_hp_gain":0.0,"max_hp_loss":0.0,"gold_gain":0.0,"event_name":"Mushrooms","player_choice":"Fought Mushrooms","floor":13.0,"gold_loss":0.0,"damage_taken":0.0},{"damage_healed":0.0,"max_hp_gain":5.0,"max_hp_loss":0.0,"gold_gain":0.0,"event_name":"Forgotten Altar","player_choice":"Shed Blood","floor":19.0,"gold_loss":0.0,"damage_taken":20.0},{"damage_healed":0.0,"max_hp_gain":0.0,"max_hp_loss":0.0,"gold_gain":0.0,"event_name":"The Library","player_choice":"Read","floor":20.0,"gold_loss":0.0,"damage_taken":0.0,"cards_obtained":["Pommel Strike"]},{"damage_healed":0.0,"max_hp_gain":0.0,"max_hp_loss":0.0,"gold_gain":0.0,"event_name":"The Mausoleum","player_choice":"Opened","floor":21.0,"gold_loss":0.0,"damage_taken":0.0,"relics_obtained":["Question Card"],"cards_obtained":["Writhe"]},{"damage_healed":0.0,"max_hp_gain":0.0,"max_hp_loss":0.0,"gold_gain":0.0,"event_name":"Vampires","player_choice":"Ignored","floor":22.0,"gold_loss":0.0,"damage_taken":0.0},{"damage_healed":0,"gold_gain":0,"player_choice":"Ignored","damage_taken":0,"max_hp_gain":0,"max_hp_loss":0,"event_name":"Tomb of Lord Red Mask","floor":36,"gold_loss":0}],"is_beta":false,"boss_relics":[{"not_picked":["Astrolabe","Philosopher\u0027s Stone"],"picked":"Sozu"},{"not_picked":["White Beast Statue","Busted Crown"],"picked":"Black Blood"}],"items_purged_floors":[37],"is_endless":false,"potions_floor_spawned":[1,5,11,14,31,33],"killed_by":"Transient","ascension_level":10}