{"gold_per_floor":[117,127,137,137,102,127,127,141,141,151,151,161,161,161,161,235,235,247,247,247,262,272,272,7,7,7,41,58,58,70,88,88,88],"floor_reached":33,"playtime":1678,"items_purged":[],"score":471,"play_id":"14d5b31a-0d58-463e-bf85-39171fa29204","local_time":"20190110233743","is_ascension_mode":true,"campfire_choices":[{"floor":7,"key":"REST"},{"data":"Seeing Red","floor":11,"key":"SMITH"},{"data":"Searing Blow","floor":13,"key":"SMITH"},{"floor":15,"key":"REST"},{"floor":23,"key":"REST"},{"floor":25,"key":"REST"},{"floor":29,"key":"REST"},{"floor":32,"key":"REST"}],"neow_cost":"NONE","seed_source_timestamp":94219799936842,"circlet_count":0,"master_deck":["AscendersBane","Strike_R","Strike_R","Strike_R","Strike_R","Strike_R","Defend_R","Defend_R","Defend_R","Defend_R","Bash","Uppercut","Pommel Strike","Heavy Blade","Seeing Red+1","Metallicize+1","Searing Blow+1","Barricade+1","Combust+1","Necronomicurse","Ghostly","Ghostly","Ghostly","Disarm","True Grit","Transmutation","Immolate+1","Carnage+1","Pummel+1","Double Tap"],"relics":["Snecko Eye","Strawberry","Frozen Egg 2","Mark of Pain","Necronomicon","Charon\u0027s Ashes","Molten Egg 2"],"potions_floor_usage":[6,6,16,18,22,27,28,33,33],"damage_taken":[{"damage":11,"enemies":"Cultist","floor":1,"turns":4},{"damage":7,"enemies":"2 Louse","floor":2,"turns":2},{"damage":21,"enemies":"Small Slimes","floor":3,"turns":4},{"damage":32,"enemies":"3 Sentries","floor":6,"turns":8},{"damage":2,"enemies":"3 Louse","floor":8,"turns":2},{"damage":7,"enemies":"Large Slime","floor":10,"turns":4},{"damage":19,"enemies":"Exordium Wildlife","floor":12,"turns":5},{"damage":32,"enemies":"Slime Boss","floor":16,"turns":7},{"damage":14,"enemies":"3 Byrds","floor":18,"turns":4},{"damage":13,"enemies":"Shell Parasite","floor":21,"turns":2},{"damage":2,"enemies":"3 Cultists","floor":22,"turns":6},{"damage":26,"enemies":"Slavers","floor":27,"turns":4},{"damage":2,"enemies":"Snecko","floor":28,"turns":4},{"damage":3,"enemies":"Centurion and Healer","floor":30,"turns":4},{"damage":5,"enemies":"Chosen and Byrds","floor":31,"turns":3},{"damage":41,"enemies":"Champ","floor":33,"turns":7}],"seed_played":"-7717341178643978250","potions_obtained":[{"floor":1,"key":"Fire Potion"},{"floor":3,"key":"BloodPotion"},{"floor":8,"key":"LiquidBronze"},{"floor":12,"key":"SkillPotion"},{"floor":16,"key":"Strength Potion"},{"floor":21,"key":"SkillPotion"},{"floor":28,"key":"SteroidPotion"},{"floor":30,"key":"FearPotion"}],"is_trial":false,"path_per_floor":["M","M","M","?","?","E","R","M","T","M","R","M","R","$","R","B",null,"M","?","?","M","M","R","$","R","T","E","M","R","M","M","R","B"],"character_chosen":"IRONCLAD","items_purchased":["Transmutation","BloodPotion"],"campfire_rested":6,"item_purchase_floors":[24,24],"current_hp_per_floor":[57,50,29,29,47,29,53,51,51,44,44,25,25,25,49,17,66,52,31,31,18,16,28,28,40,40,14,16,28,25,20,32,0],"gold":88,"neow_bonus":"BOSS_RELIC","is_prod":false,"is_daily":false,"chose_seed":false,"campfire_upgraded":2,"win_rate":0,"timestamp":1547192263,"path_taken":["M","?","M","?","?","E","R","M","T","M","R","M","R","$","R","BOSS","M","?","?","M","M","R","$","R","T","E","M","R","?","M","R","BOSS"],"build_version":"2019-01-10","purchased_purges":0,"victory":false,"max_hp_per_floor":[75,75,75,75,75,82,82,82,82,82,82,82,82,82,82,82,82,82,82,41,41,41,41,41,41,41,41,41,41,41,41,41,41],"card_choices":[{"not_picked":["Burning Pact","Reckless Charge"],"picked":"Uppercut","floor":1},{"not_picked":["Warcry","Clash","Havoc"],"picked":"SKIP","floor":2},{"not_picked":["Entrench","Perfected Strike"],"picked":"Pommel Strike","floor":3},{"not_picked":["Dropkick","Warcry"],"picked":"Heavy Blade","floor":6},{"not_picked":["Anger","Sword Boomerang"],"picked":"Seeing Red","floor":8},{"not_picked":["Wild Strike","Havoc"],"picked":"Metallicize+1","floor":10},{"not_picked":["Impervious","Sentinel"],"picked":"Searing Blow","floor":12},{"not_picked":["Double Tap","Brutality+1"],"picked":"Barricade+1","floor":16},{"not_picked":["Thunderclap","Sword Boomerang"],"picked":"Combust+1","floor":18},{"not_picked":["Armaments","Thunderclap"],"picked":"Disarm","floor":21},{"not_picked":["Sentinel+1","Feel No Pain+1"],"picked":"True Grit","floor":22},{"not_picked":["Rage","Warcry"],"picked":"Immolate","floor":27},{"not_picked":["True Grit","Flex+1"],"picked":"Carnage+1","floor":28},{"not_picked":["Corruption+1","Havoc"],"picked":"Pummel+1","floor":30},{"not_picked":["Twin Strike+1","Pommel Strike+1"],"picked":"Double Tap","floor":31}],"player_experience":463101,"relics_obtained":[{"floor":6,"key":"Strawberry"},{"floor":9,"key":"Frozen Egg 2"},{"floor":19,"key":"Necronomicon"},{"floor":26,"key":"Charon\u0027s Ashes"},{"floor":27,"key":"Molten Egg 2"}],"event_choices":[{"damage_healed":0,"gold_gain":0,"player_choice":"Ignored","damage_taken":0,"max_hp_gain":0,"max_hp_loss":0,"event_name":"Golden Idol","floor":4,"gold_loss":0},{"damage_healed":18,"gold_gain":0,"player_choice":"Healed","damage_taken":0,"max_hp_gain":0,"max_hp_loss":0,"event_name":"The Cleric","floor":5,"gold_loss":35},{"damage_healed":0,"gold_gain":0,"player_choice":"Obtained Book","damage_taken":21,"max_hp_gain":0,"max_hp_loss":0,"event_name":"Cursed Tome","floor":19,"gold_loss":0},{"damage_healed":0,"gold_gain":0,"player_choice":"Became a Ghost","damage_taken":0,"max_hp_gain":0,"max_hp_loss":41,"event_name":"Ghosts","floor":20,"gold_loss":0,"cards_obtained":["Ghostly","Ghostly","Ghostly"]}],"is_beta":false,"boss_relics":[{"not_picked":["Runic Cube","Velvet Choker"],"picked":"Mark of Pain"}],"items_purged_floors":[],"is_endless":false,"potions_floor_spawned":[1,3,8,12,16,21,28,30],"killed_by":"Champ","ascension_level":15}