{"gold_per_floor":[369,382,352,370,64,64,96,110,159,176,176,189,4,36,36,110,110,128,178,103,103,122,122,151,165,165,165,165,165,78,105,117,207,219,250,317,342,372,171,171,204,216,264,264,278,278,297,326,326,326],"floor_reached":51,"playtime":2094,"items_purged":["Strike_R","Strike_R"],"score":1582,"play_id":"81bd76e0-9aee-4b32-9271-cbd9a565f7aa","local_time":"20190111011711","is_ascension_mode":true,"campfire_choices":[{"data":"Armaments","floor":6,"key":"SMITH"},{"floor":11,"key":"REST"},{"data":"Metallicize","floor":15,"key":"SMITH"},{"data":"Demon Form","floor":23,"key":"SMITH"},{"data":"Shockwave","floor":27,"key":"SMITH"},{"data":"Feel No Pain","floor":32,"key":"SMITH"},{"data":"Iron Wave","floor":40,"key":"PURGE"},{"data":"Rampage","floor":46,"key":"PURGE"},{"floor":49,"key":"REST"}],"neow_cost":"PERCENT_DAMAGE","seed_source_timestamp":1772193959681454,"circlet_count":0,"master_deck":["AscendersBane","Defend_R+1","Defend_R+1","Defend_R+1","Defend_R+1","Bash","Cleave","Armaments+1","Double Tap","Shockwave+1","Pommel Strike","Shrug It Off","Corruption","Metallicize+1","Seeing Red","Demon Form+1","Warcry","Infernal Blade","Body Slam","Metallicize+1","Heavy Blade","Feel No Pain+1","Offering","Sword Boomerang","Shrug It Off+1","Shrug It Off","Master of Strategy+1","Whirlwind+1","Metallicize","Corruption+1","Shrug It Off+1","Body Slam+1"],"relics":["Burning Blood","Mummified Hand","Anchor","Pen Nib","Snecko Eye","Thread and Needle","Letter Opener","MawBank","Fusion Hammer","Peace Pipe","Dodecahedron","Oddly Smooth Stone","Paper Frog"],"potions_floor_usage":[7,8,16,18,31,48,50],"damage_taken":[{"damage":6,"enemies":"Cultist","floor":1,"turns":3},{"damage":7,"enemies":"Small Slimes","floor":2,"turns":4},{"damage":3,"enemies":"2 Louse","floor":4,"turns":2},{"damage":34,"enemies":"Gremlin Nob","floor":7,"turns":4},{"damage":0,"enemies":"2 Fungi Beasts","floor":8,"turns":2},{"damage":4,"enemies":"Blue Slaver","floor":10,"turns":4},{"damage":11,"enemies":"Large Slime","floor":12,"turns":5},{"damage":12,"enemies":"Lagavulin","floor":14,"turns":6},{"damage":30,"enemies":"The Guardian","floor":16,"turns":9},{"damage":0,"enemies":"Shell Parasite","floor":18,"turns":4},{"damage":0,"enemies":"2 Thieves","floor":22,"turns":2},{"damage":13,"enemies":"Book of Stabbing","floor":24,"turns":4},{"damage":3,"enemies":"Snecko","floor":25,"turns":4},{"damage":17,"enemies":"Gremlin Leader","floor":31,"turns":4},{"damage":0,"enemies":"Collector","floor":33,"turns":6},{"damage":1,"enemies":"3 Shapes","floor":35,"turns":5},{"damage":8,"enemies":"2 Orb Walkers","floor":36,"turns":4},{"damage":9,"enemies":"3 Darklings","floor":37,"turns":3},{"damage":0,"enemies":"Transient","floor":38,"turns":6},{"damage":17,"enemies":"Nemesis","floor":41,"turns":5},{"damage":0,"enemies":"Writhing Mass","floor":42,"turns":5},{"damage":6,"enemies":"Jaw Worm Horde","floor":45,"turns":2},{"damage":0,"enemies":"Spire Growth","floor":47,"turns":3},{"damage":19,"enemies":"Giant Head","floor":48,"turns":6},{"damage":36,"enemies":"Awakened One","floor":50,"turns":6}],"seed_played":"-3508845765114584887","potions_obtained":[{"floor":3,"key":"Fruit Juice"},{"floor":3,"key":"SneckoOil"},{"floor":4,"key":"SkillPotion"},{"floor":7,"key":"AttackPotion"},{"floor":12,"key":"Fire Potion"},{"floor":16,"key":"Swift Potion"},{"floor":24,"key":"Regen Potion"},{"floor":36,"key":"AttackPotion"},{"floor":48,"key":"Fire Potion"}],"is_trial":false,"path_per_floor":["M","M","?","M","$","R","E","M","T","M","R","M","$","E","R","B",null,"M","?","?","?","M","R","E","M","T","R","$","?","$","E","R","B",null,"M","?","M","M","$","R","E","M","T","?","M","R","M","E","R","B",null],"character_chosen":"IRONCLAD","items_purchased":["Armaments","Double Tap","Metallicize","Feel No Pain","Master of Strategy"],"campfire_rested":2,"item_purchase_floors":[5,5,13,30,39],"current_hp_per_floor":[50,49,49,52,52,52,24,30,30,32,54,49,49,43,43,24,66,72,72,72,72,78,78,71,74,74,74,74,74,74,63,63,69,77,80,78,75,80,80,80,69,75,75,75,75,75,80,67,80,64],"gold":326,"neow_bonus":"TWO_FIFTY_GOLD","is_prod":false,"is_daily":false,"chose_seed":false,"campfire_upgraded":5,"win_rate":0,"timestamp":1547165831,"path_taken":["M","M","?","M","$","R","E","M","T","M","R","?","$","E","R","BOSS","M","?","?","?","M","R","E","M","T","R","?","?","$","E","R","BOSS","M","?","M","M","$","R","E","M","T","?","M","R","M","E","R","BOSS"],"build_version":"2019-01-03v4","purchased_purges":2,"victory":true,"max_hp_per_floor":[75,75,75,75,75,75,75,75,75,75,75,75,75,75,75,80,80,80,80,80,80,80,80,80,80,80,80,80,80,80,80,80,80,80,80,80,80,80,80,80,80,80,80,80,80,80,80,80,80,80],"card_choices":[{"not_picked":["Wild Strike","Pummel"],"picked":"Rampage","floor":1},{"not_picked":["Twin Strike","Perfected Strike"],"picked":"Cleave","floor":2},{"not_picked":["Warcry","Pummel"],"picked":"Iron Wave","floor":4},{"not_picked":["Rage","Thunderclap"],"picked":"Shockwave","floor":7},{"not_picked":["Body Slam","Sword Boomerang"],"picked":"Pommel Strike","floor":8},{"not_picked":["Limit Break","Twin Strike"],"picked":"Shrug It Off","floor":10},{"not_picked":["Feel No Pain","Clothesline"],"picked":"Corruption","floor":12},{"not_picked":["Dual Wield","Perfected Strike"],"picked":"Seeing Red","floor":14},{"not_picked":["Immolate","Dark Embrace"],"picked":"Demon Form","floor":16},{"not_picked":["Pommel Strike+1","Rampage","Thunderclap"],"picked":"SKIP","floor":18},{"not_picked":["Second Wind","Corruption+1"],"picked":"Body Slam","floor":22},{"not_picked":["Heavy Blade","Bloodletting"],"picked":"Metallicize+1","floor":24},{"not_picked":["Clothesline","Pommel Strike"],"picked":"Heavy Blade","floor":25},{"not_picked":["Thunderclap","Searing Blow+1","Headbutt"],"picked":"SKIP","floor":31},{"not_picked":["Reaper","Berserk"],"picked":"Offering","floor":33},{"not_picked":["Pommel Strike","Warcry","Iron Wave"],"picked":"SKIP","floor":35},{"not_picked":["Clothesline","Headbutt"],"picked":"Sword Boomerang","floor":36},{"not_picked":["Headbutt+1","Wild Strike"],"picked":"Shrug It Off+1","floor":37},{"not_picked":["Infernal Blade+1","Bloodletting"],"picked":"Shrug It Off","floor":38},{"not_picked":["Rupture","Shrug It Off"],"picked":"Whirlwind+1","floor":41},{"not_picked":["Dual Wield","Sword Boomerang"],"picked":"Metallicize","floor":42},{"not_picked":["Intimidate+1","Anger"],"picked":"Corruption+1","floor":45},{"not_picked":["Brutality","Searing Blow"],"picked":"Shrug It Off+1","floor":47},{"not_picked":["Shrug It Off","Rampage"],"picked":"Body Slam+1","floor":48}],"player_experience":850957,"relics_obtained":[{"floor":7,"key":"Mummified Hand"},{"floor":9,"key":"Anchor"},{"floor":14,"key":"Pen Nib"},{"floor":24,"key":"Thread and Needle"},{"floor":26,"key":"Letter Opener"},{"floor":31,"key":"MawBank"},{"floor":36,"key":"Peace Pipe"},{"floor":41,"key":"Dodecahedron"},{"floor":43,"key":"Oddly Smooth Stone"},{"floor":48,"key":"Paper Frog"}],"event_choices":[{"damage_healed":0,"gold_gain":0,"player_choice":"Bought 2 Potions","damage_taken":0,"max_hp_gain":0,"max_hp_loss":0,"event_name":"The Woman in Blue","floor":3,"gold_loss":0},{"damage_healed":0,"gold_gain":50,"player_choice":"Stole From Cult","damage_taken":0,"max_hp_gain":0,"max_hp_loss":0,"event_name":"Nest","floor":19,"gold_loss":0},{"cards_removed":["Strike_R"],"damage_healed":0,"gold_gain":0,"player_choice":"Gave Gold","damage_taken":0,"max_hp_gain":0,"max_hp_loss":0,"event_name":"Beggar","floor":20,"gold_loss":75},{"damage_healed":0,"gold_gain":0,"cards_transformed":["Strike_R","Strike_R"],"player_choice":"Became Test Subject","damage_taken":0,"max_hp_gain":0,"max_hp_loss":0,"event_name":"Drug Dealer","floor":21,"gold_loss":0,"cards_obtained":["Warcry","Infernal Blade"]},{"damage_healed":0,"gold_gain":0,"player_choice":"Simplicity","damage_taken":0,"max_hp_gain":0,"max_hp_loss":0,"event_name":"Back to Basics","floor":29,"gold_loss":0,"cards_upgraded":["Defend_R","Defend_R","Defend_R","Defend_R"]},{"damage_healed":0,"gold_gain":0,"player_choice":"Fight","damage_taken":0,"max_hp_gain":0,"max_hp_loss":0,"event_name":"Mysterious Sphere","floor":36,"gold_loss":0},{"damage_healed":0,"gold_gain":0,"player_choice":"Upgraded","damage_taken":0,"max_hp_gain":0,"max_hp_loss":0,"event_name":"Upgrade Shrine","floor":44,"gold_loss":0,"cards_upgraded":["Master of Strategy"]}],"is_beta":false,"boss_relics":[{"not_picked":["Pandora\u0027s Box","Lizard Tail"],"picked":"Snecko Eye"},{"not_picked":["Cursed Key","Empty Cage"],"picked":"Fusion Hammer"}],"items_purged_floors":[5,13],"is_endless":false,"potions_floor_spawned":[4,7,12,16,24,25,36,37,41,42,47,48],"ascension_level":18}