{"gold_per_floor":[114,129,16,26,176,176,187,201,227,246,16,45,45,45,45,121,121,141,141,101,101,112,112,145,145,192,205,225,225,152,182,194,283,295,319,381,406,434,462,474,501,2,2,2,16,16,16,16,16,16],"floor_reached":51,"playtime":2558,"items_purged":["Doubt","Parasite"],"score":1216,"play_id":"bbfe26d3-e379-4d74-872c-dc60f00c1bc5","local_time":"20190226120434","is_ascension_mode":true,"campfire_choices":[{"data":"Armaments","floor":6,"key":"SMITH"},{"data":"Body Slam","floor":13,"key":"SMITH"},{"floor":15,"key":"REST"},{"data":"Infernal Blade","floor":23,"key":"SMITH"},{"floor":25,"key":"REST"},{"floor":32,"key":"REST"},{"floor":40,"key":"REST"},{"floor":49,"key":"REST"}],"neow_cost":"NONE","seed_source_timestamp":35944346820200,"circlet_count":0,"master_deck":["AscendersBane","Strike_R","Strike_R+1","Strike_R+1","Defend_R","Defend_R","Defend_R+1","Defend_R","Bash","Exhume+1","Iron Wave","Disarm+1","Jack Of All Trades","Armaments+1","Body Slam+1","Shrug It Off","Battle Trance+1","Double Tap","Infernal Blade+1","Clothesline+1","Ghostly Armor+1","Feed","Havoc+1","Thunderclap","Injury"],"relics":["Burning Blood","War Paint","Whetstone","Odd Mushroom","Cursed Key","Enchiridion","MutagenicStrength","Omamori","Art of War","MawBank","Ancient Tea Set","Empty Cage","Juzu Bracelet","Toy Ornithopter","Kunai"],"potions_floor_usage":[12,16,16,31,33,33,50],"damage_taken":[{"damage":1,"enemies":"Cultist","floor":1,"turns":4},{"damage":3,"enemies":"Jaw Worm","floor":2,"turns":4},{"damage":1,"enemies":"2 Louse","floor":4,"turns":3},{"damage":15,"enemies":"Large Slime","floor":7,"turns":4},{"damage":6,"enemies":"Blue Slaver","floor":8,"turns":4},{"damage":4,"enemies":"Red Slaver","floor":10,"turns":5},{"damage":7,"enemies":"The Mushroom Lair","floor":12,"turns":6},{"damage":45,"enemies":"Slime Boss","floor":16,"turns":6},{"damage":0,"enemies":"Chosen","floor":18,"turns":3},{"damage":2,"enemies":"3 Byrds","floor":22,"turns":7},{"damage":40,"enemies":"Gremlin Leader","floor":24,"turns":7},{"damage":23,"enemies":"Snecko","floor":27,"turns":5},{"damage":17,"enemies":"Sentry and Sphere","floor":28,"turns":8},{"damage":0,"enemies":"Centurion and Healer","floor":31,"turns":5},{"damage":38,"enemies":"Automaton","floor":33,"turns":9},{"damage":16,"enemies":"3 Shapes","floor":35,"turns":4},{"damage":8,"enemies":"Orb Walker","floor":37,"turns":4},{"damage":18,"enemies":"Writhing Mass","floor":38,"turns":8},{"damage":12,"enemies":"4 Shapes","floor":39,"turns":6},{"damage":16,"enemies":"Sphere and 2 Shapes","floor":41,"turns":5},{"damage":13,"enemies":"3 Darklings","floor":45,"turns":5},{"damage":57,"enemies":"Time Eater","floor":50,"turns":14}],"seed_played":"-4191180156310732855","potions_obtained":[{"floor":2,"key":"FearPotion"},{"floor":4,"key":"Strength Potion"},{"floor":12,"key":"Energy Potion"},{"floor":27,"key":"Strength Potion"},{"floor":28,"key":"SkillPotion"},{"floor":31,"key":"Weak Potion"},{"floor":35,"key":"Fire Potion"},{"floor":41,"key":"Energy Potion"}],"is_trial":false,"path_per_floor":["M","M","$","M","?","R","M","M","T","M","$","?","R","?","R","B",null,"M","?","$","?","M","R","E","R","T","M","M","?","?","M","R","B",null,"M","?","M","M","M","R","M","$","T","$","M","?","?","?","R","B",null],"character_chosen":"IRONCLAD","items_purchased":["Jack Of All Trades","Armaments","Whetstone","Infernal Blade","Juzu Bracelet","Toy Ornithopter","SkillPotion"],"campfire_rested":5,"item_purchase_floors":[3,3,11,20,42,42,42],"current_hp_per_floor":[73,75,75,75,75,75,66,66,66,68,68,67,67,44,66,27,63,69,48,48,48,52,52,18,40,40,23,12,12,12,18,40,8,58,51,51,49,37,34,58,51,51,51,51,47,47,47,47,72,26],"gold":16,"neow_bonus":"ONE_RANDOM_RARE_CARD","is_prod":false,"is_daily":false,"chose_seed":false,"campfire_upgraded":3,"win_rate":0,"timestamp":1551200674,"path_taken":["M","M","?","M","?","R","M","M","T","M","$","?","R","?","R","BOSS","M","?","$","?","M","R","E","R","T","M","M","?","?","M","R","BOSS","M","?","?","M","M","R","M","$","T","?","M","?","?","?","R","BOSS"],"build_version":"2019-02-06","purchased_purges":2,"victory":true,"max_hp_per_floor":[75,75,75,75,75,75,75,75,75,75,75,75,75,75,75,75,75,75,75,75,75,75,75,75,75,75,75,75,75,75,75,75,75,75,78,78,78,78,81,81,84,81,81,81,84,84,84,84,84,84],"card_choices":[{"not_picked":["Rampage","Warcry"],"picked":"Iron Wave","floor":1},{"not_picked":["Evolve","Reckless Charge"],"picked":"Disarm","floor":2},{"not_picked":["Iron Wave","Perfected Strike"],"picked":"Body Slam","floor":4},{"not_picked":["Clash","Armaments"],"picked":"Shrug It Off","floor":7},{"not_picked":["Combust","Pommel Strike"],"picked":"Battle Trance","floor":8},{"not_picked":["Clash","Whirlwind","Heavy Blade"],"picked":"SKIP","floor":10},{"not_picked":["Body Slam","Rampage"],"picked":"Double Tap","floor":12},{"not_picked":["Headbutt","Clash"],"picked":"Cleave+1","floor":18},{"not_picked":["Disarm","Fire Breathing"],"picked":"Clothesline+1","floor":22},{"not_picked":["Entrench","Second Wind"],"picked":"Ghostly Armor+1","floor":24},{"not_picked":["Pommel Strike","Havoc","Armaments"],"picked":"SKIP","floor":27},{"not_picked":["Anger","Power Through+1","Warcry"],"picked":"SKIP","floor":28},{"not_picked":["Rupture","Iron Wave","Wild Strike"],"picked":"SKIP","floor":31},{"not_picked":["Bludgeon","Fiend Fire"],"picked":"Feed","floor":33},{"not_picked":["Dual Wield+1","Pommel Strike+1","Body Slam"],"picked":"SKIP","floor":35},{"not_picked":["Inflame","Battle Trance"],"picked":"Havoc+1","floor":37},{"not_picked":["Clothesline+1","Combust","Entrench"],"picked":"SKIP","floor":38},{"not_picked":["Anger","Spot Weakness","Rage"],"picked":"SKIP","floor":39},{"not_picked":["Iron Wave","Clothesline"],"picked":"Thunderclap","floor":41},{"not_picked":["Iron Wave","Thunderclap+1","Uppercut"],"picked":"SKIP","floor":45}],"player_experience":610217,"relics_obtained":[{"floor":9,"key":"War Paint"},{"floor":12,"key":"Odd Mushroom"},{"floor":19,"key":"Enchiridion"},{"floor":24,"key":"Omamori"},{"floor":26,"key":"Art of War"},{"floor":43,"key":"Kunai"}],"event_choices":[{"damage_healed":0,"gold_gain":150,"player_choice":"AGREE","damage_taken":0,"max_hp_gain":0,"max_hp_loss":0,"event_name":"Liars Game","floor":5,"gold_loss":0,"cards_obtained":["Doubt"]},{"damage_healed":0,"gold_gain":0,"player_choice":"Fought Mushrooms","damage_taken":0,"max_hp_gain":0,"max_hp_loss":0,"event_name":"Mushrooms","floor":12,"gold_loss":0},{"damage_healed":0,"gold_gain":0,"player_choice":"Entered Light","damage_taken":23,"max_hp_gain":0,"max_hp_loss":0,"event_name":"Shining Light","floor":14,"gold_loss":0,"cards_upgraded":["Battle Trance","Exhume"]},{"damage_healed":0,"gold_gain":0,"player_choice":"Obtained Book","damage_taken":21,"max_hp_gain":0,"max_hp_loss":0,"event_name":"Cursed Tome","floor":19,"gold_loss":0},{"damage_healed":0,"gold_gain":0,"player_choice":"Inject Mutagens","damage_taken":0,"relics_obtained":["MutagenicStrength"],"max_hp_gain":0,"max_hp_loss":0,"event_name":"Drug Dealer","floor":21,"gold_loss":0},{"damage_healed":0,"gold_gain":0,"player_choice":"Opened","damage_taken":0,"relics_obtained":["MawBank"],"max_hp_gain":0,"max_hp_loss":0,"event_name":"The Mausoleum","floor":29,"gold_loss":0,"cards_obtained":["Writhe"]},{"damage_healed":0,"gold_gain":0,"player_choice":"Obtained Relic","damage_taken":0,"relics_obtained":["Ancient Tea Set"],"max_hp_gain":0,"max_hp_loss":0,"event_name":"Addict","floor":30,"gold_loss":85},{"damage_healed":0,"gold_gain":50,"player_choice":"Pray","damage_taken":0,"max_hp_gain":0,"max_hp_loss":0,"event_name":"Golden Shrine","floor":36,"gold_loss":0},{"cards_removed":["Cleave"],"damage_healed":0,"gold_gain":0,"player_choice":"Removed Attack","damage_taken":0,"max_hp_gain":0,"max_hp_loss":0,"event_name":"Falling","floor":46,"gold_loss":0},{"damage_healed":0,"gold_gain":0,"player_choice":"Ignored","damage_taken":0,"max_hp_gain":0,"max_hp_loss":0,"event_name":"Mysterious Sphere","floor":47,"gold_loss":0},{"damage_healed":0,"gold_gain":0,"player_choice":"Leave","damage_taken":0,"max_hp_gain":0,"max_hp_loss":0,"event_name":"FaceTrader","floor":48,"gold_loss":0}],"is_beta":true,"boss_relics":[{"not_picked":["Coffee Dripper","Sozu"],"picked":"Cursed Key"},{"not_picked":["Runic Dome","Velvet Choker"],"picked":"Empty Cage"}],"items_purged_floors":[11,42],"is_endless":false,"potions_floor_spawned":[2,4,8,12,27,28,31,35,41,45],"ascension_level":15}