{"gold_per_floor":[113,123,143,143,158,158,1,1,1,16,74,74,74,94,94,94],"floor_reached":16,"playtime":1300,"items_purged":["Strike_R"],"score":101,"play_id":"fe59ef6a-32c5-4186-a3cd-476a8a3d2f85","local_time":"20190127182439","is_ascension_mode":true,"campfire_choices":[{"data":"Corruption","floor":6,"key":"SMITH"},{"data":"Limit Break","floor":8,"key":"SMITH"},{"floor":15,"key":"REST"}],"neow_cost":"CURSE","seed_source_timestamp":8211121579163,"circlet_count":0,"master_deck":["Strike_R","Strike_R","Strike_R","Strike_R","Defend_R","Defend_R","Defend_R","Defend_R","Bash","Injury","Flex","Corruption+1","True Grit","Limit Break+1","Infernal Blade"],"relics":["Burning Blood","Champion Belt","Shuriken","Strawberry","Centennial Puzzle","Paper Frog"],"potions_floor_usage":[10,11,14],"damage_taken":[{"damage":13,"enemies":"Cultist","floor":1,"turns":6},{"damage":5,"enemies":"Small Slimes","floor":2,"turns":5},{"damage":6,"enemies":"2 Louse","floor":3,"turns":3},{"damage":11,"enemies":"Looter","floor":5,"turns":4},{"damage":19,"enemies":"Large Slime","floor":10,"turns":7},{"damage":37,"enemies":"3 Sentries","floor":11,"turns":8},{"damage":10,"enemies":"Exordium Thugs","floor":14,"turns":5},{"damage":49,"enemies":"Hexaghost","floor":16,"turns":9}],"seed_played":"8874755002536637153","potions_obtained":[{"floor":5,"key":"Explosive Potion"},{"floor":10,"key":"SteroidPotion"},{"floor":11,"key":"Fire Potion"}],"is_trial":false,"path_per_floor":["M","M","?","?","?","T"],"character_chosen":"IRONCLAD","items_purchased":["Limit Break"],"campfire_rested":1,"item_purchase_floors":[7],"current_hp_per_floor":[73,74,74,67,62,62,62,62,69,56,25,25,25,21,47,0],"gold":94,"neow_bonus":"ONE_RARE_RELIC","is_prod":false,"is_daily":false,"chose_seed":false,"campfire_upgraded":2,"win_rate":0,"timestamp":1548584679,"path_taken":["M","?","?","?","M","R","$","R","T","M","?","?","?","M","R","BOSS"],"build_version":"2019-01-23","purchased_purges":1,"victory":false,"max_hp_per_floor":[80,80,80,80,80,80,80,80,87,87,87,87,87,87,87,87],"card_choices":[{"not_picked":["Warcry","Shrug It Off"],"picked":"Flex","floor":1},{"not_picked":["Flex","Power Through"],"picked":"Corruption","floor":2},{"not_picked":["Body Slam","Armaments"],"picked":"True Grit","floor":3},{"not_picked":["Twin Strike","Corruption","Warcry"],"picked":"SKIP","floor":5},{"not_picked":["Wild Strike","Perfected Strike","Iron Wave"],"picked":"SKIP","floor":10},{"not_picked":["Disarm","Offering"],"picked":"Infernal Blade","floor":14}],"player_experience":50824,"relics_obtained":[{"floor":9,"key":"Strawberry"},{"floor":13,"key":"Paper Frog"}],"event_choices":[{"damage_healed":0,"gold_gain":0,"player_choice":"Success","damage_taken":7,"relics_obtained":["Shuriken"],"max_hp_gain":0,"max_hp_loss":0,"event_name":"Scrap Ooze","floor":4,"gold_loss":0},{"damage_healed":0,"gold_gain":0,"player_choice":"Searched \u00272\u0027 times","damage_taken":0,"relics_obtained":["Centennial Puzzle"],"max_hp_gain":0,"max_hp_loss":0,"event_name":"Dead Adventurer","floor":11,"gold_loss":0},{"damage_healed":0,"gold_gain":0,"player_choice":"Ignored","damage_taken":0,"max_hp_gain":0,"max_hp_loss":0,"event_name":"Liars Game","floor":12,"gold_loss":0}],"is_beta":false,"boss_relics":[],"items_purged_floors":[7],"is_endless":false,"potions_floor_spawned":[5,10,11],"killed_by":"Hexaghost","ascension_level":2}