{"gold_per_floor":[115,215,51,64,79,79,106,120,120,120,19,39,49,49,49,154,154,169,186,285,300,200,200,233,233,287,287,287,212,212,232,232,329,329,339,358,371,371,381,381,381,176,176,26,26,26,26,45,45,45],"floor_reached":51,"playtime":1764,"items_purged":["Defend_B","Strike_B","Strike_B","Doubt"],"score":1078,"play_id":"3b257cd3-72f7-4de1-8131-e1417a220fc6","local_time":"20180920222539","is_ascension_mode":true,"campfire_choices":[{"data":"Zap","floor":6,"key":"SMITH"},{"floor":10,"key":"REST"},{"data":"Capacitor","floor":15,"key":"SMITH"},{"floor":23,"key":"REST"},{"floor":27,"key":"REST"},{"floor":30,"key":"REST"},{"floor":32,"key":"REST"},{"data":"Fission","floor":40,"key":"SMITH"},{"data":"Darkness","floor":45,"key":"SMITH"},{"data":"Consume","floor":47,"key":"SMITH"},{"floor":49,"key":"REST"}],"neow_cost":"","seed_source_timestamp":453881319199097,"circlet_count":0,"master_deck":["Strike_B","Defend_B","Defend_B","Zap+1","Dualcast","Consume+1","Capacitor+1","Doom and Gloom","Leap","Defragment","Chill","Compile Driver","Cold Snap","Coolheaded","Loop","Electrodynamics","Redo","Glacier","Barrage+1","Fission+1","Fusion+1","Darkness+1"],"relics":["Cracked Core","Gremlin Horn","Question Card","Inserter","Blood Vial","Lantern","Cursed Key","Vajra"],"potions_floor_usage":[7,16,16,24,37,37,50,50],"damage_taken":[{"damage":1,"enemies":"2 Louse","floor":1,"turns":2},{"damage":1,"enemies":"Cultist","floor":4,"turns":5},{"damage":1,"enemies":"Jaw Worm","floor":5,"turns":4},{"damage":43,"enemies":"Gremlin Nob","floor":7,"turns":5},{"damage":9,"enemies":"Red Slaver","floor":8,"turns":4},{"damage":3,"enemies":"Blue Slaver","floor":12,"turns":4},{"damage":0,"enemies":"3 Louse","floor":13,"turns":3},{"damage":5,"enemies":"Hexaghost","floor":16,"turns":10},{"damage":36,"enemies":"2 Thieves","floor":18,"turns":4},{"damage":12,"enemies":"Spheric Guardian","floor":19,"turns":4},{"damage":11,"enemies":"Snecko","floor":21,"turns":6},{"damage":23,"enemies":"Book of Stabbing","floor":24,"turns":9},{"damage":16,"enemies":"Shelled Parasite and Fungi","floor":31,"turns":8},{"damage":3,"enemies":"Champ","floor":33,"turns":12},{"damage":16,"enemies":"3 Shapes","floor":35,"turns":5},{"damage":17,"enemies":"Orb Walker","floor":36,"turns":4},{"damage":23,"enemies":"4 Shapes","floor":37,"turns":8},{"damage":4,"enemies":"Maw","floor":39,"turns":9},{"damage":18,"enemies":"Reptomancer","floor":48,"turns":4},{"damage":32,"enemies":"Time Eater","floor":50,"turns":9}],"seed_played":"-3982012666507196422","potions_obtained":[{"floor":1,"key":"PowerPotion"},{"floor":7,"key":"AttackPotion"},{"floor":13,"key":"Regen Potion"},{"floor":18,"key":"FearPotion"},{"floor":19,"key":"Strength Potion"},{"floor":21,"key":"Energy Potion"},{"floor":37,"key":"Weak Potion"},{"floor":48,"key":"Dexterity Potion"}],"is_trial":false,"path_per_floor":["M","?","$","M","M","R","E","M","T","R","$","M","M","?","R","B",null,"M","M","?","M","$","R","E","?","T","R","?","?","R","M","R","B",null,"M","M","M","?","M","R","?","$","T","$","R","?","R","M","R","B"],"character_chosen":"DEFECT","items_purchased":["Capacitor","Doom and Gloom","Leap","Cold Snap","Darkness"],"campfire_rested":6,"item_purchase_floors":[3,3,3,11,42],"current_hp_per_floor":[67,67,67,66,65,65,22,13,13,35,35,32,32,32,32,42,67,31,19,19,8,8,30,7,7,7,29,29,29,51,37,59,58,71,57,42,21,66,62,62,62,62,62,62,62,62,62,45,63,31],"gold":45,"neow_bonus":"","is_prod":false,"is_daily":false,"chose_seed":false,"campfire_upgraded":5,"win_rate":0,"timestamp":1537475139,"path_taken":["M","?","$","M","M","R","E","M","T","R","$","M","?","?","R","BOSS","M","M","?","?","$","R","E","?","T","R","?","?","R","M","R","BOSS","M","M","?","?","M","R","?","?","T","$","R","?","R","M","R","BOSS"],"build_version":"2018-09-06","purchased_purges":4,"victory":true,"max_hp_per_floor":[75,75,75,75,75,75,75,75,75,75,75,75,75,75,75,75,75,75,75,75,75,75,75,75,75,75,75,75,75,75,75,75,75,75,75,75,75,66,66,66,66,66,66,66,66,63,63,63,63,63],"card_choices":[{"not_picked":["Scrape","Redo"],"picked":"Consume","floor":1},{"not_picked":["Rip and Tear","Cold Snap","Chaos"],"picked":"SKIP","floor":4},{"not_picked":["Coolheaded","Aggregate"],"picked":"Defragment","floor":5},{"not_picked":["Steam","Gash"],"picked":"Chill","floor":7},{"not_picked":["Steam","All For One"],"picked":"Compile Driver","floor":8},{"not_picked":["Hologram","Ball Lightning","Turbo"],"picked":"Coolheaded","floor":12},{"not_picked":["Undo","Rebound","Reprogram"],"picked":"Loop","floor":13},{"not_picked":["Multi-Cast","Creative AI","Hyperbeam"],"picked":"Electrodynamics","floor":16},{"not_picked":["Fusion","Streamline","Leap"],"picked":"Redo","floor":18},{"not_picked":["Rebound","Cold Snap","Stack","Steam"],"picked":"SKIP","floor":19},{"not_picked":["Stack+1","Consume","Turbo"],"picked":"Glacier","floor":21},{"not_picked":["Hello World","Scrape","Cold Snap+1"],"picked":"Barrage+1","floor":24},{"not_picked":["Sweeping Beam","Melter+1","Force Field","Redo"],"picked":"SKIP","floor":31},{"not_picked":["Rainbow","Biased Cognition","Thunder Strike"],"picked":"Fission","floor":33},{"not_picked":["Go for the Eyes","Hologram","FTL"],"picked":"Fusion+1","floor":35},{"not_picked":["Streamline+1","Go for the Eyes","Conserve Battery+1","Scrape"],"picked":"SKIP","floor":36},{"not_picked":["Hello World","Barrage","Hologram+1","Streamline"],"picked":"SKIP","floor":37},{"not_picked":["Streamline","Doom and Gloom","Melter","BootSequence"],"picked":"SKIP","floor":39},{"not_picked":["Leap","Streamline+1","Conserve Battery","Buffer"],"picked":"SKIP","floor":48}],"player_experience":433114,"relics_obtained":[{"floor":7,"key":"Gremlin Horn"},{"floor":9,"key":"Question Card"},{"floor":24,"key":"Blood Vial"},{"floor":26,"key":"Lantern"},{"floor":43,"key":"Vajra"}],"event_choices":[{"event_name":"Golden Shrine","player_choice":"Pray","floor":2,"damage_taken":0},{"event_name":"Liars Game","player_choice":"disagreed","floor":14,"damage_taken":0},{"event_name":"Nest","player_choice":"Stole From Cult","floor":20,"damage_taken":0},{"event_name":"Back to Basics","player_choice":"Elegance","floor":25,"damage_taken":0},{"event_name":"Vampires","player_choice":"Ignored","floor":28,"damage_taken":0},{"event_name":"Beggar","player_choice":"Gave Gold","floor":29,"damage_taken":0},{"event_name":"The Moai Head","player_choice":"Heal","floor":38,"damage_taken":0},{"event_name":"Tomb of Lord Red Mask","player_choice":"Ignored","floor":41,"damage_taken":0},{"event_name":"Winding Halls","player_choice":"Max HP","floor":46,"damage_taken":0}],"is_beta":false,"boss_relics":[{"not_picked":["Orrery","FrozenCore"],"picked":"Inserter"},{"not_picked":["Busted Crown","Runic Pyramid"],"picked":"Cursed Key"}],"items_purged_floors":[11,22,42,44],"is_endless":false,"potions_floor_spawned":[1,7,13,18,19,21,37,48],"ascension_level":9}