{"gold_per_floor":[368,378,128,148,223,223,253,270,570,582,532,558,570,5,5,100,150,166,183,193,68,268,293,293],"floor_reached":24,"playtime":1164,"items_purged":["Strike_B","Strike_B","Strike_B"],"score":321,"play_id":"e21e3d2e-0f22-44e8-a99f-60192b3c74ec","local_time":"20180907004337","is_ascension_mode":true,"campfire_choices":[{"data":"Zap","floor":6.0,"key":"SMITH"},{"data":"Discovery","floor":15.0,"key":"SMITH"}],"neow_cost":"TEN_PERCENT_HP_LOSS","seed_source_timestamp":0,"circlet_count":0,"master_deck":["Strike_B","Defend_B","Defend_B","Defend_B","Zap+1","Dualcast","Steam","Coolheaded","Discovery+1","Self Repair","Go for the Eyes+1","Reboot","Auto Shields","Ball Lightning+1","Beam Cell+1","Gash+1","Gash+1","Melter+1","Conserve Battery+1","Echo Form","Ball Lightning+1","Scrape+1","Gash+1"],"special_seed":0,"relics":["Cracked Core","Molten Egg 2","Old Coin","Prayer Wheel","Gambling Chip","Tiny House","Turnip"],"potions_floor_usage":[23,23],"damage_taken":[{"damage":2.0,"enemies":"Jaw Worm","floor":1.0,"turns":4.0},{"damage":6.0,"enemies":"Small Slimes","floor":2.0,"turns":3.0},{"damage":1.0,"enemies":"2 Louse","floor":4.0,"turns":2.0},{"damage":1.0,"enemies":"Lagavulin","floor":7.0,"turns":7.0},{"damage":3.0,"enemies":"Looter","floor":8.0,"turns":2.0},{"damage":10.0,"enemies":"Large Slime","floor":10.0,"turns":6.0},{"damage":7.0,"enemies":"3 Sentries","floor":12.0,"turns":8.0},{"damage":0.0,"enemies":"2 Fungi Beasts","floor":13.0,"turns":2.0},{"damage":21.0,"enemies":"Slime Boss","floor":16.0,"turns":9.0},{"damage":4,"enemies":"Spheric Guardian","floor":18,"turns":3},{"damage":6,"enemies":"2 Thieves","floor":19,"turns":2},{"damage":15,"enemies":"Centurion and Healer","floor":20,"turns":5},{"damage":53,"enemies":"Slavers","floor":23,"turns":5},{"damage":30,"enemies":"Shelled Parasite and Fungi","floor":24,"turns":3}],"seed_played":"8005839615975073879","potions_obtained":[{"floor":2.0,"key":"FocusPotion"},{"floor":4.0,"key":"Fire Potion"},{"floor":7.0,"key":"Regen Potion"},{"floor":8.0,"key":"Dexterity Potion"},{"floor":10.0,"key":"Energy Potion"},{"floor":17,"key":"FearPotion"},{"floor":19,"key":"Regen Potion"}],"is_trial":false,"path_per_floor":["M","M","$","M","?","R","E","M","T","M","?","E","M","$","R","B",null,"M","M","M","$","?","E"],"character_chosen":"DEFECT","items_purchased":["Discovery","Self Repair","Gash+1","Melter+1","Gambling Chip","Conserve Battery"],"campfire_rested":0,"item_purchase_floors":[3,3,14,14,14,14],"current_hp_per_floor":[66,60,60,59,48,48,54,58,58,55,55,55,62,62,62,41,66,69,63,55,55,55,28,0],"gold":293,"neow_bonus":"TWO_FIFTY_GOLD","is_prod":false,"is_daily":false,"chose_seed":false,"campfire_upgraded":2,"win_rate":0,"timestamp":1536273817,"path_taken":["M","M","$","M","?","R","E","M","T","M","?","E","M","$","R","BOSS","M","M","M","$","?","E","M"],"build_version":"2018-09-06","purchased_purges":3,"victory":false,"max_hp_per_floor":[68,68,68,68,68,68,68,68,68,68,68,68,68,68,68,68,73,73,73,73,73,73,73,73],"card_choices":[{"not_picked":["Rebound","Reprogram"],"picked":"Steam","floor":1.0},{"not_picked":["Aggregate","Compile Driver"],"picked":"Coolheaded","floor":2.0},{"not_picked":["Fusion","Rebound","Heatsinks"],"picked":"SKIP","floor":4.0},{"not_picked":["Streamline","Fusion"],"picked":"Go for the Eyes","floor":7.0},{"not_picked":["Conserve Battery","Gash+1"],"picked":"Reboot","floor":8.0},{"not_picked":["Cold Snap+1","Genetic Algorithm"],"picked":"Auto Shields","floor":10.0},{"not_picked":["Reinforced Body","Steam Power"],"picked":"Ball Lightning+1","floor":12.0},{"not_picked":["Rebound+1","Leap"],"picked":"Beam Cell+1","floor":13.0},{"not_picked":["Aggregate","Hello World"],"picked":"Gash+1","floor":13.0},{"not_picked":["Thunder Strike+1","Creative AI"],"picked":"Echo Form","floor":16.0},{"not_picked":["Beam Cell+1","Go for the Eyes+1"],"picked":"Ball Lightning+1","floor":17},{"not_picked":["Recycle","Reprogram+1","Loop"],"picked":"SKIP","floor":18},{"not_picked":["Lockon+1","Go for the Eyes+1","Cold Snap+1"],"picked":"SKIP","floor":18},{"not_picked":["Rebound+1","Turbo","Fusion"],"picked":"SKIP","floor":19},{"not_picked":["Rebound+1","Sunder+1","Go for the Eyes+1"],"picked":"SKIP","floor":19},{"not_picked":["Redo","Coolheaded+1"],"picked":"Scrape+1","floor":20},{"not_picked":["Go for the Eyes+1","Turbo","Coolheaded+1"],"picked":"SKIP","floor":20},{"not_picked":["Rebound+1","Redo"],"picked":"Gash+1","floor":23}],"player_experience":389335,"relics_obtained":[{"floor":7.0,"key":"Molten Egg 2"},{"floor":9.0,"key":"Old Coin"},{"floor":12.0,"key":"Prayer Wheel"},{"floor":23,"key":"Turnip"}],"event_choices":[{"event_name":"World of Goop","player_choice":"Gather Gold","floor":5.0,"damage_taken":0.0},{"event_name":"The Cleric","player_choice":"Card Removal","floor":11.0,"damage_taken":0.0},{"event_name":"The Joust","player_choice":"Bet on Owner","floor":22,"damage_taken":0}],"is_beta":false,"boss_relics":[{"not_picked":["Eternal Feather","Coffee Dripper"],"picked":"Tiny House"}],"items_purged_floors":[3,14,21],"is_endless":false,"potions_floor_spawned":[2,4,7,8,10,18,19,20],"killed_by":"Shelled Parasite and Fungi","ascension_level":6}