{"gold_per_floor":[112,124,140,140,140,140,152,186,225,237,284,371,383],"floor_reached":13,"playtime":1472,"items_purged":[],"score":112,"play_id":"13e9a864-f840-4575-8972-9d41c62be6ce","local_time":"20190221000118","is_ascension_mode":true,"campfire_choices":[{"data":"Bash","floor":6.0,"key":"SMITH"},{"data":"Armaments","floor":10.0,"key":"SMITH"}],"neow_cost":"NONE","seed_source_timestamp":0,"circlet_count":0,"master_deck":["Strike_R","Strike_R","Strike_R","Strike_R","Strike_R","Defend_R","Defend_R","Defend_R","Defend_R","Bash+1","Body Slam","Twin Strike","True Grit","Armaments+1","Battle Trance","Limit Break"],"special_seed":0,"relics":["Burning Blood","Potion Belt","MawBank","Ancient Tea Set","Thread and Needle"],"potions_floor_usage":[13],"damage_taken":[{"damage":6.0,"enemies":"Cultist","floor":1.0,"turns":3.0},{"damage":7.0,"enemies":"Small Slimes","floor":2.0,"turns":5.0},{"damage":2.0,"enemies":"Jaw Worm","floor":3.0,"turns":3.0},{"damage":18.0,"enemies":"3 Louse","floor":7.0,"turns":4.0},{"damage":37.0,"enemies":"Lagavulin","floor":8.0,"turns":7.0},{"damage":28.0,"enemies":"3 Sentries","floor":11.0,"turns":10.0},{"damage":13,"enemies":"Gremlin Nob","floor":13,"turns":3}],"seed_played":"-3622254057128066903","potions_obtained":[{"floor":1.0,"key":"Ancient Potion"},{"floor":8.0,"key":"SteroidPotion"}],"is_trial":false,"path_per_floor":["M","M","M","T","?","R","M","E","T","R","E","?","E"],"character_chosen":"IRONCLAD","items_purchased":[],"campfire_rested":0,"item_purchase_floors":[],"current_hp_per_floor":[88,87,88,88,88,88,76,45,45,45,23,12,0],"gold":383,"neow_bonus":"TEN_PERCENT_HP_BONUS","is_prod":false,"is_daily":false,"chose_seed":false,"campfire_upgraded":2,"win_rate":0,"timestamp":1550703678,"path_taken":["M","?","M","?","?","R","M","E","T","R","E","?","E"],"build_version":"2019-02-06","purchased_purges":0,"victory":false,"max_hp_per_floor":[88,88,88,88,88,88,88,88,88,88,88,88,88],"card_choices":[{"not_picked":["Havoc","Cleave"],"picked":"Body Slam","floor":1.0},{"not_picked":["Burning Pact","Blood for Blood"],"picked":"Twin Strike","floor":2.0},{"not_picked":["Anger","Reckless Charge"],"picked":"True Grit","floor":3.0},{"not_picked":["Flex","Warcry"],"picked":"Armaments","floor":7.0},{"not_picked":["Rupture","Searing Blow"],"picked":"Battle Trance","floor":8.0},{"not_picked":["Seeing Red","Anger"],"picked":"Limit Break","floor":11.0}],"player_experience":52302,"relics_obtained":[{"floor":4.0,"key":"Potion Belt"},{"floor":8.0,"key":"MawBank"},{"floor":9.0,"key":"Ancient Tea Set"},{"floor":11.0,"key":"Thread and Needle"}],"event_choices":[{"damage_healed":0.0,"max_hp_gain":0.0,"max_hp_loss":0.0,"gold_gain":0.0,"event_name":"Liars Game","player_choice":"Ignored","floor":5.0,"gold_loss":0.0,"damage_taken":0.0},{"damage_healed":0.0,"max_hp_gain":0.0,"max_hp_loss":0.0,"gold_gain":75.0,"event_name":"World of Goop","player_choice":"Gather Gold","floor":12.0,"gold_loss":0.0,"damage_taken":11.0}],"is_beta":true,"boss_relics":[],"items_purged_floors":[],"is_endless":false,"potions_floor_spawned":[1,8],"killed_by":"Gremlin Nob","ascension_level":4}