{"gold_per_floor":[364,375,550,26,44,44,76,76,128,128,140,152,178,253,253,325,325,337,337,337,252,269,269,269,269,293,293,311,311,323,358,358,437,437,455,555,555,570,570,598,618,646,646,10,43,58,128,162,162,162],"floor_reached":50,"playtime":2145,"items_purged":["Doubt","Strike_R"],"score":1131,"play_id":"d5ac79e7-a100-4283-b95c-5c7396dec034","local_time":"20190130222814","is_ascension_mode":true,"campfire_choices":[{"data":"Bash","floor":6.0,"key":"SMITH"},{"data":"Heavy Blade","floor":8.0,"key":"SMITH"},{"data":"Flex","floor":10.0,"key":"SMITH"},{"data":"Sword Boomerang","floor":15.0,"key":"SMITH"},{"data":"Flex","floor":23.0,"key":"SMITH"},{"data":"Battle Trance","floor":25.0,"key":"SMITH"},{"data":"Sword Boomerang","floor":29.0,"key":"SMITH"},{"floor":32.0,"key":"REST"},{"floor":49.0,"key":"REST"}],"neow_cost":"CURSE","seed_source_timestamp":28944435327816,"circlet_count":0,"master_deck":["AscendersBane","Strike_R","Strike_R","Defend_R","Defend_R","Defend_R","Defend_R","Bash+1","Cleave","Battle Trance+1","Heavy Blade+1","Hemokinesis","Twin Strike","Flex+1","Anger","Sword Boomerang+1","Sword Boomerang+1","Flex+1","Carnage","Rage","Impervious","Infernal Blade+1","Headbutt+1","Sword Boomerang+1","Flex","Flex+1","Battle Trance+1"],"special_seed":0,"relics":["Black Blood","Anchor","Brimstone","Happy Flower","Ancient Tea Set","Oddly Smooth Stone","Enchiridion","Red Skull","Blood Vial","Bottled Lightning","Fusion Hammer","WingedGreaves","Pen Nib","Toxic Egg 2","PreservedInsect","Mango","Singing Bowl","Dodecahedron","Smiling Mask"],"potions_floor_usage":[50,50],"damage_taken":[{"damage":4.0,"enemies":"Small Slimes","floor":1.0,"turns":4.0},{"damage":14.0,"enemies":"2 Louse","floor":2.0,"turns":3.0},{"damage":0.0,"enemies":"Cultist","floor":5.0,"turns":2.0},{"damage":16.0,"enemies":"3 Sentries","floor":7.0,"turns":5.0},{"damage":5.0,"enemies":"Exordium Wildlife","floor":11.0,"turns":3.0},{"damage":0.0,"enemies":"Large Slime","floor":12.0,"turns":2.0},{"damage":0.0,"enemies":"Gremlin Nob","floor":13.0,"turns":2.0},{"damage":30.0,"enemies":"Hexaghost","floor":16.0,"turns":4.0},{"damage":0.0,"enemies":"Chosen","floor":18.0,"turns":3.0},{"damage":17.0,"enemies":"Shell Parasite","floor":22.0,"turns":3.0},{"damage":24.0,"enemies":"Snake Plant","floor":28.0,"turns":3.0},{"damage":0.0,"enemies":"Centurion and Healer","floor":30.0,"turns":3.0},{"damage":24.0,"enemies":"Gremlin Leader","floor":31.0,"turns":3.0},{"damage":52.0,"enemies":"Champ","floor":33.0,"turns":4.0},{"damage":1.0,"enemies":"Orb Walker","floor":35.0,"turns":2.0},{"damage":3.0,"enemies":"Mind Bloom Boss Battle","floor":36.0,"turns":3.0},{"damage":2.0,"enemies":"3 Shapes","floor":38.0,"turns":3.0},{"damage":33.0,"enemies":"Reptomancer","floor":40.0,"turns":4.0},{"damage":5.0,"enemies":"3 Darklings","floor":41.0,"turns":4.0},{"damage":11.0,"enemies":"Giant Head","floor":42.0,"turns":5.0},{"damage":18.0,"enemies":"Nemesis","floor":45.0,"turns":3.0},{"damage":32.0,"enemies":"4 Shapes","floor":46.0,"turns":3.0},{"damage":5.0,"enemies":"Giant Head","floor":48.0,"turns":3.0},{"damage":97,"enemies":"Time Eater","floor":50,"turns":5}],"seed_played":"-2825592075664704675","potions_obtained":[{"floor":5.0,"key":"Swift Potion"},{"floor":11.0,"key":"Fire Potion"},{"floor":13.0,"key":"Block Potion"},{"floor":16.0,"key":"PowerPotion"},{"floor":22.0,"key":"GamblersBrew"},{"floor":30.0,"key":"Energy Potion"},{"floor":36.0,"key":"Fire Potion"}],"is_trial":false,"path_per_floor":["?","?","?","?","?","?","?","?","?","?","T"],"character_chosen":"IRONCLAD","items_purchased":["Anchor","Brimstone","Heavy Blade","Hemokinesis","Mango","Flex+1","Battle Trance+1","PowerPotion","PowerPotion"],"campfire_rested":2,"item_purchase_floors":[4,4,4,4,44,44,44,44,44],"current_hp_per_floor":[70,62,62,62,68,68,58,58,58,58,59,65,71,60,60,36,65,75,59,59,59,52,52,52,52,52,52,40,40,52,40,61,21,59,70,72,72,72,72,49,56,57,57,71,67,49,49,58,85,0],"gold":162,"neow_bonus":"TWO_FIFTY_GOLD","is_prod":false,"is_daily":false,"chose_seed":false,"campfire_upgraded":7,"win_rate":0,"timestamp":1548858494,"path_taken":["M","M","?","$","M","R","E","R","T","R","M","M","E","?","R","BOSS","M","?","?","?","M","R","?","R","T","?","M","R","M","E","R","BOSS","M","?","?","M","?","E","M","E","T","$","E","M","?","E","R","BOSS"],"build_version":"2019-01-23","purchased_purges":2,"victory":false,"max_hp_per_floor":[75,75,75,75,75,75,75,75,75,75,75,75,75,75,75,75,75,75,75,75,75,75,75,72,72,72,72,72,72,72,72,72,72,72,72,72,72,72,72,72,72,72,72,86,88,90,90,92,92,92],"card_choices":[{"not_picked":["Havoc","Entrench"],"picked":"Cleave","floor":1.0},{"not_picked":["Perfected Strike","Seeing Red"],"picked":"Battle Trance","floor":2.0},{"not_picked":["Headbutt","Bloodletting"],"picked":"Twin Strike","floor":5.0},{"not_picked":["Body Slam","Battle Trance"],"picked":"Flex","floor":7.0},{"not_picked":["Pommel Strike","Wild Strike","Metallicize"],"picked":"SKIP","floor":11.0},{"not_picked":["Uppercut","Seeing Red"],"picked":"Anger","floor":12.0},{"not_picked":["Warcry","Metallicize"],"picked":"Sword Boomerang","floor":13.0},{"not_picked":["Cleave","Flame Barrier"],"picked":"Sword Boomerang","floor":18.0},{"not_picked":["Armaments","Rupture"],"picked":"Flex","floor":22.0},{"not_picked":["Dual Wield","Metallicize","Headbutt"],"picked":"SKIP","floor":28.0},{"not_picked":["Ghostly Armor+1","Shrug It Off"],"picked":"Rage","floor":30.0},{"not_picked":["Reckless Charge","Dual Wield","Clothesline"],"picked":"SKIP","floor":31.0},{"not_picked":["Feed","Exhume"],"picked":"Impervious","floor":33.0},{"not_picked":["Seeing Red","Perfected Strike"],"picked":"Infernal Blade+1","floor":35.0},{"not_picked":["Pommel Strike","Clash"],"picked":"Headbutt+1","floor":36.0},{"not_picked":["Rupture","Rampage+1","Second Wind"],"picked":"SKIP","floor":38.0},{"not_picked":["Seeing Red","Disarm"],"picked":"Sword Boomerang+1","floor":40.0},{"not_picked":["Bludgeon","Body Slam"],"picked":"Flex","floor":41.0},{"not_picked":["Pommel Strike+1","Headbutt+1","Carnage+1"],"picked":"SKIP","floor":42.0},{"not_picked":["Clothesline","Dual Wield+1","Cleave"],"picked":"Singing Bowl","floor":45.0},{"not_picked":["Headbutt","Warcry+1","Pummel+1"],"picked":"Singing Bowl","floor":46.0},{"not_picked":["Flex+1","Body Slam+1","Searing Blow+1"],"picked":"Singing Bowl","floor":48.0}],"player_experience":162510,"relics_obtained":[{"floor":7.0,"key":"Happy Flower"},{"floor":9.0,"key":"Ancient Tea Set"},{"floor":13.0,"key":"Oddly Smooth Stone"},{"floor":19.0,"key":"Enchiridion"},{"floor":26.0,"key":"Blood Vial"},{"floor":31.0,"key":"Bottled Lightning"},{"floor":36.0,"key":"WingedGreaves"},{"floor":40.0,"key":"Pen Nib"},{"floor":42.0,"key":"Toxic Egg 2"},{"floor":43.0,"key":"PreservedInsect"},{"floor":45.0,"key":"Singing Bowl"},{"floor":47.0,"key":"Dodecahedron"},{"floor":48.0,"key":"Smiling Mask"}],"event_choices":[{"damage_healed":0.0,"max_hp_gain":0.0,"max_hp_loss":0.0,"gold_gain":175.0,"event_name":"Liars Game","player_choice":"AGREE","floor":3.0,"gold_loss":0.0,"damage_taken":0.0,"cards_obtained":["Doubt"]},{"damage_healed":0.0,"max_hp_gain":0.0,"max_hp_loss":0.0,"gold_gain":75.0,"event_name":"World of Goop","player_choice":"Gather Gold","floor":14.0,"gold_loss":0.0,"damage_taken":11.0},{"damage_healed":0.0,"max_hp_gain":0.0,"max_hp_loss":0.0,"gold_gain":0.0,"event_name":"Cursed Tome","player_choice":"Obtained Book","floor":19.0,"gold_loss":0.0,"damage_taken":16.0},{"damage_healed":0.0,"max_hp_gain":0.0,"max_hp_loss":0.0,"gold_gain":0.0,"event_name":"Ghosts","player_choice":"Ignored","floor":20.0,"gold_loss":0.0,"damage_taken":0.0},{"damage_healed":0.0,"max_hp_gain":0.0,"max_hp_loss":0.0,"gold_gain":0.0,"event_name":"Addict","player_choice":"Obtained Relic","floor":21.0,"gold_loss":85.0,"damage_taken":0.0,"relics_obtained":["Red Skull"]},{"cards_removed":["Parasite"],"damage_healed":0.0,"max_hp_gain":0.0,"max_hp_loss":0.0,"gold_gain":0.0,"event_name":"Back to Basics","player_choice":"Elegance","floor":24.0,"gold_loss":0.0,"damage_taken":0.0},{"damage_healed":0.0,"max_hp_gain":0.0,"max_hp_loss":0.0,"gold_gain":0.0,"cards_transformed":["Strike_R"],"event_name":"Transmorgrifier","player_choice":"Transformed","floor":27.0,"gold_loss":0.0,"damage_taken":0.0,"cards_obtained":["Carnage"]},{"damage_healed":0.0,"max_hp_gain":0.0,"max_hp_loss":0.0,"gold_gain":0.0,"event_name":"MindBloom","player_choice":"Fight","floor":36.0,"gold_loss":0.0,"damage_taken":0.0},{"cards_removed":["Strike_R"],"damage_healed":0.0,"max_hp_gain":0.0,"max_hp_loss":0.0,"gold_gain":0.0,"event_name":"Falling","player_choice":"Removed Attack","floor":37.0,"gold_loss":0.0,"damage_taken":0.0},{"damage_healed":0.0,"max_hp_gain":0.0,"max_hp_loss":0.0,"gold_gain":0.0,"event_name":"Tomb of Lord Red Mask","player_choice":"Ignored","floor":39.0,"gold_loss":0.0,"damage_taken":0.0}],"is_beta":false,"boss_relics":[{"not_picked":["Astrolabe","Lizard Tail"],"picked":"Black Blood"},{"not_picked":["Sozu","Orrery"],"picked":"Fusion Hammer"}],"items_purged_floors":[4,44],"is_endless":false,"potions_floor_spawned":[5,11,13,16,18,22,30,36,40,45,46],"killed_by":"Time Eater","ascension_level":14}