{"gold_per_floor":[113,131,142,153,153,153,178,191,191,116,116,116,151,167,167,296,296,296,296,296,296,1,1,1,1,1,1,1,1,1,1,1,1,1,1,0,0,0,0,0,0,0,0,0,0,0,0,0,0,0],"floor_reached":51,"playtime":4442,"items_purged":["Strike_G"],"score":756,"play_id":"c992ea0c-7387-46f5-b1b5-34c178dcea7c","local_time":"20190208022349","is_ascension_mode":true,"campfire_choices":[{"data":"Tactician","floor":6.0,"key":"SMITH"},{"floor":12.0,"key":"REST"},{"floor":15.0,"key":"REST"},{"data":"Burst","floor":23.0,"key":"SMITH"},{"data":"Neutralize","floor":25.0,"key":"SMITH"},{"data":"Terror","floor":28.0,"key":"SMITH"},{"floor":32.0,"key":"REST"},{"data":"Acrobatics","floor":40,"key":"SMITH"},{"data":"Bullet Time","floor":44,"key":"SMITH"},{"floor":47,"key":"REST"},{"floor":49,"key":"REST"}],"neow_cost":"NONE","seed_source_timestamp":0,"circlet_count":0,"master_deck":["Defend_G","Defend_G","Defend_G","Defend_G+1","Defend_G","Strike_G","Strike_G","Survivor","Neutralize+1","Blur+1","Tactician+1","Acrobatics+1","Deflect","PiercingWail","Dagger Spray","Corpse Explosion","Terror+1","PiercingWail","After Image+1","Deadly Poison","Deadly Poison","Burst+1","Poisoned Stab","Malaise+1","Corpse Explosion","Prepared+1","Well Laid Plans+1","Bullet Time+1","Escape Plan+1","Blade Dance+1","Injury","Bouncing Flask+1","Leg Sweep+1","Escape Plan+1"],"special_seed":0,"relics":["Ring of the Snake","Strawberry","War Paint","Golden Idol","Anchor","Ectoplasm","Snake Skull","Boot","The Specimen","Mummified Hand","Cursed Key","Red Mask","Mango","Toxic Egg 2","Orichalcum","Lantern"],"potions_floor_usage":[39,50,50,50,50,50],"damage_taken":[{"damage":0.0,"enemies":"Cultist","floor":1.0,"turns":6.0},{"damage":20.0,"enemies":"Jaw Worm","floor":2.0,"turns":11.0},{"damage":2.0,"enemies":"Small Slimes","floor":3.0,"turns":8.0},{"damage":4.0,"enemies":"Red Slaver","floor":4.0,"turns":9.0},{"damage":40.0,"enemies":"Gremlin Nob","floor":7.0,"turns":7.0},{"damage":3.0,"enemies":"Looter","floor":8.0,"turns":4.0},{"damage":13.0,"enemies":"Lagavulin","floor":13.0,"turns":10.0},{"damage":0.0,"enemies":"3 Louse","floor":14.0,"turns":2.0},{"damage":14.0,"enemies":"The Guardian","floor":16.0,"turns":16.0},{"damage":19.0,"enemies":"Chosen","floor":18.0,"turns":8.0},{"damage":0.0,"enemies":"Shell Parasite","floor":20.0,"turns":7.0},{"damage":10.0,"enemies":"Snecko","floor":21.0,"turns":7.0},{"damage":18.0,"enemies":"Cultist and Chosen","floor":24.0,"turns":5.0},{"damage":16.0,"enemies":"3 Cultists","floor":27.0,"turns":4.0},{"damage":0.0,"enemies":"Snecko","floor":29.0,"turns":6.0},{"damage":0.0,"enemies":"Colosseum Slavers","floor":30.0,"turns":4.0},{"damage":16.0,"enemies":"Colosseum Nobs","floor":30.0,"turns":4.0},{"damage":14,"enemies":"Automaton","floor":33,"turns":10},{"damage":0,"enemies":"Orb Walker","floor":35,"turns":5},{"damage":0,"enemies":"3 Shapes","floor":37,"turns":3},{"damage":10,"enemies":"2 Orb Walkers","floor":38,"turns":3},{"damage":4,"enemies":"Spire Growth","floor":39,"turns":6},{"damage":37,"enemies":"Giant Head","floor":41,"turns":10},{"damage":0,"enemies":"Transient","floor":42,"turns":5},{"damage":0,"enemies":"Sphere and 2 Shapes","floor":45,"turns":4},{"damage":0,"enemies":"Maw","floor":46,"turns":6},{"damage":15,"enemies":"Reptomancer","floor":48,"turns":3},{"damage":9,"enemies":"Donu and Deca","floor":50,"turns":5}],"seed_played":"2854972536227957700","potions_obtained":[{"floor":1.0,"key":"Dexterity Potion"},{"floor":2.0,"key":"GamblersBrew"},{"floor":13.0,"key":"SkillPotion"},{"floor":14.0,"key":"Fire Potion"},{"floor":16.0,"key":"Explosive Potion"},{"floor":20.0,"key":"Regen Potion"},{"floor":21.0,"key":"FearPotion"},{"floor":29.0,"key":"Swift Potion"},{"floor":33,"key":"Energy Potion"},{"floor":35,"key":"EntropicBrew"},{"floor":41,"key":"PowerPotion"},{"floor":45,"key":"PowerPotion"}],"is_trial":false,"path_per_floor":["M","M","M","M","?","R","E","M","T","$","?","R","E","M","R","B",null,"M","?","M","M","$","R","M","R","T","M","R","M","?","?","R","B",null,"M","?","M","?","M","R","E","M","T","R","M","M","R","E","R","B",null],"character_chosen":"THE_SILENT","items_purchased":["Snake Skull","Burst"],"campfire_rested":5,"item_purchase_floors":[22,22],"current_hp_per_floor":[70,50,48,44,44,44,11,8,8,8,8,29,16,16,37,23,71,52,52,52,42,42,42,39,39,39,23,23,23,7,7,28,14,71,71,71,71,75,71,71,34,34,34,34,34,34,59,44,69,60],"gold":0,"neow_bonus":"TRANSFORM_CARD","is_prod":false,"is_daily":false,"chose_seed":false,"campfire_upgraded":6,"win_rate":1,"timestamp":1549589029,"path_taken":["M","M","M","M","?","R","E","M","T","$","?","R","E","M","R","BOSS","M","?","?","M","?","R","M","R","T","M","R","M","?","?","R","BOSS","M","?","M","?","M","R","E","M","T","R","M","M","R","E","R","BOSS"],"build_version":"2019-02-06","purchased_purges":1,"victory":true,"max_hp_per_floor":[70,70,70,70,70,70,77,77,77,77,71,71,71,71,71,71,71,71,71,71,71,71,71,71,71,71,71,71,71,71,71,71,71,71,71,71,71,85,85,85,85,85,85,85,85,85,85,85,85,85],"card_choices":[{"not_picked":["All Out Attack","Underhanded Strike"],"picked":"Tactician","floor":1.0},{"not_picked":["Bane","Prepared"],"picked":"Acrobatics","floor":2.0},{"not_picked":["Quick Slash","Blur"],"picked":"Deflect","floor":3.0},{"not_picked":["Calculated Gamble","Riddle With Holes"],"picked":"PiercingWail","floor":4.0},{"not_picked":["Dagger Spray","Slice"],"picked":"Corpse Explosion","floor":7.0},{"not_picked":["Predator","Bane"],"picked":"Terror","floor":8.0},{"not_picked":["Calculated Gamble","Sucker Punch"],"picked":"PiercingWail","floor":13.0},{"not_picked":["Prepared","Dagger Throw","Bane"],"picked":"SKIP","floor":14.0},{"not_picked":["Venomology","Burst"],"picked":"After Image","floor":16.0},{"not_picked":["Deflect","Flechettes"],"picked":"Deadly Poison","floor":18.0},{"not_picked":["Dodge and Roll","PiercingWail"],"picked":"Deadly Poison","floor":20.0},{"not_picked":["Outmaneuver","Dagger Throw","Skewer+1"],"picked":"SKIP","floor":21.0},{"not_picked":["Dash","Slice","Dodge and Roll"],"picked":"SKIP","floor":24.0},{"not_picked":["All Out Attack","Underhanded Strike+1"],"picked":"Poisoned Stab","floor":27.0},{"not_picked":["Backstab","Backflip+1"],"picked":"Malaise","floor":29.0},{"not_picked":["Die Die Die","Glass Knife"],"picked":"Corpse Explosion","floor":33},{"not_picked":["Predator","PiercingWail"],"picked":"Prepared+1","floor":35},{"not_picked":["Sucker Punch","Underhanded Strike"],"picked":"Well Laid Plans+1","floor":37},{"not_picked":["Dagger Spray+1","Bane"],"picked":"Bullet Time","floor":39},{"not_picked":["Slice+1","Dodge and Roll"],"picked":"Escape Plan","floor":41},{"not_picked":["Backstab+1","PiercingWail+1"],"picked":"Blade Dance+1","floor":42},{"not_picked":["Calculated Gamble+1","Deflect+1"],"picked":"Bouncing Flask+1","floor":45},{"not_picked":["Sucker Punch","Underhanded Strike+1"],"picked":"Leg Sweep+1","floor":46},{"not_picked":["Dash","Backstab+1"],"picked":"Escape Plan+1","floor":48}],"player_experience":15500,"relics_obtained":[{"floor":7.0,"key":"Strawberry"},{"floor":9.0,"key":"War Paint"},{"floor":13.0,"key":"Anchor"},{"floor":26.0,"key":"Boot"},{"floor":30.0,"key":"The Specimen"},{"floor":30.0,"key":"Mummified Hand"},{"floor":38,"key":"Mango"},{"floor":41,"key":"Toxic Egg 2"},{"floor":43,"key":"Orichalcum"},{"floor":48,"key":"Lantern"}],"event_choices":[{"damage_healed":0.0,"max_hp_gain":0.0,"max_hp_loss":0.0,"gold_gain":0.0,"cards_transformed":["Strike_G"],"event_name":"Living Wall","player_choice":"Change","floor":5.0,"gold_loss":0.0,"damage_taken":0.0,"cards_obtained":["Dagger Spray"]},{"damage_healed":0.0,"max_hp_gain":0.0,"max_hp_loss":6.0,"gold_gain":0.0,"event_name":"Golden Idol","player_choice":"Lose Max HP","floor":11.0,"gold_loss":0.0,"damage_taken":0.0,"relics_obtained":["Golden Idol"]},{"damage_healed":0.0,"max_hp_gain":0.0,"max_hp_loss":0.0,"gold_gain":0.0,"event_name":"Upgrade Shrine","player_choice":"Upgraded","floor":19.0,"gold_loss":0.0,"damage_taken":0.0,"cards_upgraded":["After Image"]},{"damage_healed":0.0,"max_hp_gain":0.0,"max_hp_loss":0.0,"gold_gain":0.0,"event_name":"Colosseum","player_choice":"Fight","floor":30.0,"gold_loss":0.0,"damage_taken":0.0},{"damage_healed":0.0,"max_hp_gain":0.0,"max_hp_loss":0.0,"gold_gain":0.0,"event_name":"Colosseum","player_choice":"Fought Nobs","floor":30.0,"gold_loss":0.0,"damage_taken":0.0},{"damage_healed":0.0,"max_hp_gain":0.0,"max_hp_loss":0.0,"gold_gain":0.0,"event_name":"Accursed Blacksmith","player_choice":"Forge","floor":31.0,"gold_loss":0.0,"damage_taken":0.0,"cards_upgraded":["Malaise"]},{"damage_healed":0,"gold_gain":0,"player_choice":"Paid","damage_taken":0,"relics_obtained":["Red Mask"],"max_hp_gain":0,"max_hp_loss":0,"event_name":"Tomb of Lord Red Mask","floor":36,"gold_loss":1},{"damage_healed":0,"gold_gain":0,"player_choice":"Fight","damage_taken":0,"max_hp_gain":0,"max_hp_loss":0,"event_name":"Mysterious Sphere","floor":38,"gold_loss":0}],"is_beta":true,"boss_relics":[{"not_picked":["Lizard Tail","Runic Dome"],"picked":"Ectoplasm"},{"not_picked":["Philosopher\u0027s Stone","Calling Bell"],"picked":"Cursed Key"}],"items_purged_floors":[10],"is_endless":false,"potions_floor_spawned":[1,2,13,14,16,20,21,29,30,33,35,41,45,46],"ascension_level":1}