{"gold_per_floor":[114,114,134,134,152,177,177,191,191,191,219,4,37,54,54,132,132,150,160,160,160,179,213,173,173,244,271,271,284,312,312,312,312],"floor_reached":33,"playtime":1567,"items_purged":[],"score":545,"play_id":"4b0c0a9d-64e5-4c61-9e23-67b6624dd45b","local_time":"20190125195131","is_ascension_mode":true,"campfire_choices":[{"data":"Bash","floor":7,"key":"SMITH"},{"data":"Shrug It Off","floor":10,"key":"SMITH"},{"data":"Iron Wave","floor":15,"key":"SMITH"},{"floor":25,"key":"REST"},{"floor":28,"key":"REST"},{"data":"Shrug It Off","floor":32,"key":"SMITH"}],"neow_cost":"NONE","seed_source_timestamp":511320383583616,"circlet_count":0,"master_deck":["AscendersBane","Strike_R+1","Strike_R+1","Strike_R+1","Strike_R+1","Strike_R+1","Defend_R+1","Defend_R+1","Defend_R+1","Bash+1","Headbutt","Perfected Strike","Anger","Carnage","Shrug It Off+1","Iron Wave+1","Twin Strike","Sword Boomerang","Reaper","Juggernaut","Rage","Rampage","Perfected Strike","Wild Strike+1","Flex","Thunderclap+1","Shrug It Off+1"],"relics":["Burning Blood","Oddly Smooth Stone","Anchor","Bottled Flame","Happy Flower","Omamori","Philosopher\u0027s Stone","Vajra","Gremlin Horn","Question Card","Lantern","Red Mask"],"potions_floor_usage":[6,6,13,16,22,23,27,27],"damage_taken":[{"damage":0,"enemies":"Small Slimes","floor":1,"turns":4},{"damage":0,"enemies":"2 Louse","floor":3,"turns":3},{"damage":1,"enemies":"Cultist","floor":5,"turns":3},{"damage":25,"enemies":"Lagavulin","floor":6,"turns":4},{"damage":7,"enemies":"Exordium Wildlife","floor":8,"turns":3},{"damage":28,"enemies":"Gremlin Nob","floor":11,"turns":4},{"damage":12,"enemies":"3 Sentries","floor":13,"turns":8},{"damage":0,"enemies":"3 Louse","floor":14,"turns":3},{"damage":38,"enemies":"Hexaghost","floor":16,"turns":10},{"damage":0,"enemies":"Spheric Guardian","floor":18,"turns":3},{"damage":17,"enemies":"Shell Parasite","floor":19,"turns":4},{"damage":28,"enemies":"Cultist and Chosen","floor":22,"turns":6},{"damage":27,"enemies":"Slavers","floor":23,"turns":6},{"damage":36,"enemies":"Book of Stabbing","floor":27,"turns":5},{"damage":19,"enemies":"Snecko","floor":29,"turns":3},{"damage":2,"enemies":"Masked Bandits","floor":30,"turns":3},{"damage":82,"enemies":"Automaton","floor":33,"turns":6}],"seed_played":"-888989250970188193","potions_obtained":[{"floor":1,"key":"AttackPotion"},{"floor":5,"key":"Energy Potion"},{"floor":6,"key":"Strength Potion"},{"floor":8,"key":"Dexterity Potion"},{"floor":18,"key":"Swift Potion"},{"floor":19,"key":"Poison Potion"},{"floor":24,"key":"AttackPotion"},{"floor":24,"key":"Energy Potion"}],"is_trial":false,"path_per_floor":["M","?","M","?","M","E","R","M","T","R","E","$","E","M","R","B",null,"M","M","?","?","M","E","?","R","T","E","R","M","?","?","R","B"],"character_chosen":"IRONCLAD","items_purchased":["Twin Strike","Happy Flower"],"campfire_rested":2,"item_purchase_floors":[12,12],"current_hp_per_floor":[81,81,82,82,82,63,63,62,62,62,40,40,34,40,40,8,64,70,59,59,59,47,31,31,55,55,30,54,46,50,66,66,0],"gold":312,"neow_bonus":"TEN_PERCENT_HP_BONUS","is_prod":false,"is_daily":false,"chose_seed":false,"campfire_upgraded":4,"win_rate":0,"timestamp":1548474691,"path_taken":["M","?","M","?","M","E","R","?","T","R","E","$","E","M","R","BOSS","M","M","?","?","M","E","?","R","T","E","R","?","?","?","R","BOSS"],"build_version":"2019-01-23","purchased_purges":0,"victory":false,"max_hp_per_floor":[82,82,82,82,82,82,82,82,82,82,82,82,82,82,82,82,82,82,82,82,82,82,82,82,82,82,82,82,82,82,82,82,82],"card_choices":[{"not_picked":["Power Through","Blood for Blood"],"picked":"Headbutt","floor":1},{"not_picked":["Rage","Havoc"],"picked":"Perfected Strike","floor":3},{"not_picked":["Corruption","Rupture"],"picked":"Anger","floor":5},{"not_picked":["Headbutt","Carnage","Heavy Blade"],"picked":"SKIP","floor":6},{"not_picked":["Headbutt","Heavy Blade"],"picked":"Carnage","floor":6},{"not_picked":["Clothesline","Havoc"],"picked":"Shrug It Off","floor":8},{"not_picked":["Headbutt","Thunderclap"],"picked":"Iron Wave","floor":11},{"not_picked":["Warcry","Thunderclap"],"picked":"Sword Boomerang","floor":13},{"not_picked":["Thunderclap","Inflame"],"picked":"Reaper","floor":14},{"not_picked":["Offering","Berserk"],"picked":"Juggernaut","floor":16},{"not_picked":["Twin Strike","Spot Weakness"],"picked":"Rage","floor":18},{"not_picked":["Searing Blow+1","Intimidate"],"picked":"Rampage","floor":19},{"not_picked":["Burning Pact","Second Wind"],"picked":"Perfected Strike","floor":22},{"not_picked":["Havoc","Disarm"],"picked":"Wild Strike+1","floor":23},{"not_picked":["Second Wind","Armaments","Pommel Strike"],"picked":"Flex","floor":27},{"not_picked":["Iron Wave","True Grit","Spot Weakness"],"picked":"Thunderclap+1","floor":29},{"not_picked":["Power Through","Headbutt","Wild Strike"],"picked":"Shrug It Off","floor":30}],"player_experience":501196,"relics_obtained":[{"floor":6,"key":"Oddly Smooth Stone"},{"floor":9,"key":"Anchor"},{"floor":11,"key":"Bottled Flame"},{"floor":13,"key":"Omamori"},{"floor":23,"key":"Gremlin Horn"},{"floor":26,"key":"Question Card"},{"floor":27,"key":"Lantern"},{"floor":30,"key":"Red Mask"}],"event_choices":[{"damage_healed":0,"gold_gain":0,"player_choice":"Ignored","damage_taken":0,"max_hp_gain":0,"max_hp_loss":0,"event_name":"Golden Wing","floor":2,"gold_loss":0},{"cards_removed":["Defend_R"],"damage_healed":0,"gold_gain":0,"player_choice":"Offered Basic","damage_taken":0,"max_hp_gain":0,"max_hp_loss":0,"event_name":"Bonfire Elementals","floor":4,"gold_loss":0},{"damage_healed":0,"gold_gain":0,"player_choice":"Opened","damage_taken":0,"relics_obtained":["Vajra"],"max_hp_gain":0,"max_hp_loss":0,"event_name":"The Mausoleum","floor":20,"gold_loss":0,"cards_obtained":["Writhe"]},{"damage_healed":0,"gold_gain":0,"player_choice":"Simplicity","damage_taken":0,"max_hp_gain":0,"max_hp_loss":0,"event_name":"Back to Basics","floor":21,"gold_loss":0,"cards_upgraded":["Strike_R","Strike_R","Strike_R","Strike_R","Strike_R","Defend_R","Defend_R","Defend_R"]},{"damage_healed":0,"gold_gain":0,"player_choice":"Bought 3 Potions","damage_taken":0,"max_hp_gain":0,"max_hp_loss":0,"event_name":"The Woman in Blue","floor":24,"gold_loss":0},{"damage_healed":0,"gold_gain":0,"player_choice":"Fought Bandits","damage_taken":0,"max_hp_gain":0,"max_hp_loss":0,"event_name":"Masked Bandits","floor":30,"gold_loss":0},{"damage_healed":16,"gold_gain":0,"player_choice":"Heal","damage_taken":0,"max_hp_gain":0,"max_hp_loss":0,"event_name":"The Library","floor":31,"gold_loss":0}],"is_beta":false,"boss_relics":[{"not_picked":["Orrery","Runic Dome"],"picked":"Philosopher\u0027s Stone"}],"items_purged_floors":[],"is_endless":false,"potions_floor_spawned":[1,5,6,8,18,19],"killed_by":"Automaton","ascension_level":16}