{"gold_per_floor":[112,130,142,142,142,142,142,142,142,177,6,31,50,64,64,135,135,147,147,159,159,159,159,186,186,186,186,206,225,225,256,256,256],"floor_reached":33,"playtime":1765,"items_purged":["Defend_B"],"score":508,"play_id":"2f84746f-098c-42f4-b6c5-4c2ce76390c1","local_time":"20190222180519","is_ascension_mode":true,"campfire_choices":[{"data":"Go for the Eyes","floor":6,"key":"SMITH"},{"data":"Dualcast","floor":8,"key":"SMITH"},{"data":"Creative AI","floor":15,"key":"SMITH"},{"data":"Hologram","floor":23,"key":"SMITH"},{"data":"Self Repair","floor":25,"key":"SMITH"},{"data":"Chaos","floor":27,"key":"SMITH"},{"data":"Heatsinks","floor":30,"key":"SMITH"},{"data":"Amplify","floor":32,"key":"SMITH"}],"neow_cost":"PERCENT_DAMAGE","seed_source_timestamp":531747288101045,"circlet_count":0,"master_deck":["AscendersBane","Strike_B","Strike_B","Strike_B","Defend_B","Defend_B","Defend_B","Zap+1","Dualcast+1","Coolheaded","Hologram+1","Go for the Eyes+1","Creative AI+1","Self Repair+1","Gash","Amplify+1","Chaos+1","Heatsinks+1","Conserve Battery","Force Field"],"relics":["Cracked Core","Meat on the Bone","DataDisk","Mercury Hourglass","Regal Pillow","Velvet Choker","Oddly Smooth Stone","Lantern","StoneCalendar","Darkstone Periapt"],"potions_floor_usage":[10,24,24,29],"damage_taken":[{"damage":0,"enemies":"Cultist","floor":1,"turns":3},{"damage":2,"enemies":"Jaw Worm","floor":2,"turns":4},{"damage":6,"enemies":"2 Louse","floor":3,"turns":3},{"damage":27,"enemies":"Gremlin Nob","floor":10,"turns":5},{"damage":2,"enemies":"Lagavulin","floor":12,"turns":7},{"damage":0,"enemies":"Large Slime","floor":13,"turns":3},{"damage":11,"enemies":"Exordium Wildlife","floor":14,"turns":3},{"damage":39,"enemies":"Hexaghost","floor":16,"turns":10},{"damage":15,"enemies":"Shell Parasite","floor":18,"turns":6},{"damage":15,"enemies":"Chosen","floor":20,"turns":6},{"damage":36,"enemies":"Slavers","floor":24,"turns":7},{"damage":19,"enemies":"Shelled Parasite and Fungi","floor":28,"turns":7},{"damage":16,"enemies":"Snake Plant","floor":29,"turns":5},{"damage":11,"enemies":"Gremlin Leader","floor":31,"turns":7},{"damage":78,"enemies":"Automaton","floor":33,"turns":8}],"seed_played":"-1214289425932850244","potions_obtained":[{"floor":1,"key":"EssenceOfSteel"},{"floor":13,"key":"LiquidBronze"},{"floor":16,"key":"Dexterity Potion"},{"floor":28,"key":"Block Potion"},{"floor":29,"key":"Ancient Potion"}],"is_trial":false,"path_per_floor":["M","M","M","?","?","R","?","R","T","E","$","E","M","M","R","B",null,"M","?","M","?","?","R","E","R","T","R","M","M","R","E","R","B"],"character_chosen":"DEFECT","items_purchased":["Self Repair","Gash"],"campfire_rested":0,"item_purchase_floors":[11,11],"current_hp_per_floor":[64,62,56,61,61,61,43,43,43,28,28,45,64,60,60,40,81,73,64,56,56,56,56,39,39,39,39,52,68,68,77,77,0],"gold":256,"neow_bonus":"TWENTY_PERCENT_HP_BONUS","is_prod":false,"is_daily":false,"chose_seed":false,"campfire_upgraded":8,"win_rate":0,"timestamp":1550855119,"path_taken":["M","?","M","?","?","R","?","R","T","E","$","E","M","M","R","BOSS","M","?","?","?","?","R","E","R","T","R","M","M","R","E","R","BOSS"],"build_version":"2019-01-23","purchased_purges":1,"victory":false,"max_hp_per_floor":[89,89,89,94,94,94,94,94,94,94,94,94,94,94,94,94,94,94,94,94,94,94,94,94,94,94,94,94,94,94,94,94,94],"card_choices":[{"not_picked":["Tempest","Rebound"],"picked":"Coolheaded","floor":1},{"not_picked":["Skim","Leap"],"picked":"Hologram","floor":2},{"not_picked":["Aggregate","Turbo"],"picked":"Go for the Eyes","floor":3},{"not_picked":["Reprogram","Seek"],"picked":"Creative AI","floor":10},{"not_picked":["Blizzard","Turbo","Compile Driver"],"picked":"SKIP","floor":12},{"not_picked":["Sunder","Ball Lightning"],"picked":"Steam","floor":13},{"not_picked":["Steam","Barrage","Meteor Strike"],"picked":"SKIP","floor":14},{"not_picked":["Reboot","Biased Cognition"],"picked":"Amplify","floor":16},{"not_picked":["Go for the Eyes","Sweeping Beam","Genetic Algorithm"],"picked":"SKIP","floor":18},{"not_picked":["Sweeping Beam","Stack+1"],"picked":"Chaos","floor":20},{"not_picked":["Beam Cell","Hyperbeam"],"picked":"Heatsinks","floor":24},{"not_picked":["Compile Driver","Gash"],"picked":"Conserve Battery","floor":28},{"not_picked":["Turbo","Undo","Rebound"],"picked":"SKIP","floor":29},{"not_picked":["Sweeping Beam+1","Compile Driver"],"picked":"Force Field","floor":31}],"player_experience":447956,"relics_obtained":[{"floor":9,"key":"DataDisk"},{"floor":10,"key":"Mercury Hourglass"},{"floor":12,"key":"Regal Pillow"},{"floor":24,"key":"Lantern"},{"floor":26,"key":"StoneCalendar"},{"floor":31,"key":"Darkstone Periapt"}],"event_choices":[{"damage_healed":0,"gold_gain":0,"player_choice":"Donut","damage_taken":0,"max_hp_gain":5,"max_hp_loss":0,"event_name":"Big Fish","floor":4,"gold_loss":0},{"damage_healed":0,"gold_gain":0,"player_choice":"Grow","damage_taken":0,"max_hp_gain":0,"max_hp_loss":0,"event_name":"Living Wall","floor":5,"gold_loss":0,"cards_upgraded":["Zap"]},{"damage_healed":0,"gold_gain":0,"player_choice":"Success","damage_taken":18,"relics_obtained":["Meat on the Bone"],"max_hp_gain":0,"max_hp_loss":0,"event_name":"Scrap Ooze","floor":7,"gold_loss":0},{"damage_healed":0,"gold_gain":0,"player_choice":"Damaged","damage_taken":9,"max_hp_gain":0,"max_hp_loss":0,"event_name":"Wheel of Change","floor":19,"gold_loss":0},{"cards_removed":["Strike_B"],"damage_healed":0,"gold_gain":0,"player_choice":"Elegance","damage_taken":0,"max_hp_gain":0,"max_hp_loss":0,"event_name":"Back to Basics","floor":21,"gold_loss":0},{"cards_removed":["Steam"],"damage_healed":0,"gold_gain":0,"player_choice":"Gave Card","damage_taken":0,"relics_obtained":["Oddly Smooth Stone"],"max_hp_gain":0,"max_hp_loss":0,"event_name":"WeMeetAgain","floor":22,"gold_loss":0}],"is_beta":false,"boss_relics":[{"not_picked":["White Beast Statue","Fusion Hammer"],"picked":"Velvet Choker"}],"items_purged_floors":[11],"is_endless":false,"potions_floor_spawned":[1,13,16,18,28,29],"killed_by":"Automaton","ascension_level":13}