{"gold_per_floor":[12,31,31,31,46,46,56,84,84,115,133,162,62,22],"floor_reached":14,"playtime":467,"items_purged":[],"score":215,"play_id":"f1b13bf4-c893-4e29-9931-970d69e4c1b7","local_time":"20190112130650","is_ascension_mode":true,"campfire_choices":[{"data":"Bash","floor":6.0,"key":"SMITH"}],"neow_cost":"NO_GOLD","seed_source_timestamp":84056639885175,"circlet_count":0,"master_deck":["AscendersBane","Strike_R","Strike_R","Strike_R+1","Strike_R","Defend_R+1","Defend_R","Defend_R","Bash+1","Uppercut+1","Shrug It Off","Evolve","Iron Wave","Feel No Pain","Whirlwind","Thunderclap","Corruption","True Grit"],"special_seed":0,"relics":["Burning Blood","Omamori","Bag of Marbles","Pantograph","Pen Nib"],"potions_floor_usage":[8,10,11,12,12],"damage_taken":[{"damage":7.0,"enemies":"Small Slimes","floor":1.0,"turns":3.0},{"damage":1.0,"enemies":"2 Louse","floor":2.0,"turns":3.0},{"damage":0.0,"enemies":"Cultist","floor":5.0,"turns":3.0},{"damage":1.0,"enemies":"Large Slime","floor":7.0,"turns":5.0},{"damage":24,"enemies":"Lagavulin","floor":8,"turns":7},{"damage":19,"enemies":"Gremlin Nob","floor":10,"turns":4},{"damage":11,"enemies":"3 Louse","floor":11,"turns":5},{"damage":20,"enemies":"Lagavulin","floor":12,"turns":6},{"damage":19,"enemies":"Exordium Thugs","floor":14,"turns":3}],"seed_played":"-4877359605724125764","potions_obtained":[{"floor":1.0,"key":"SkillPotion"},{"floor":5.0,"key":"Swift Potion"},{"floor":10,"key":"EntropicBrew"},{"floor":11,"key":"EssenceOfSteel"}],"is_trial":false,"path_per_floor":["M","M","?","?","M","R","M","E","T","E","M","E","$","M"],"character_chosen":"IRONCLAD","items_purchased":["Corruption","True Grit"],"campfire_rested":0,"item_purchase_floors":[13,13],"current_hp_per_floor":[67,72,49,49,55,55,60,42,42,29,24,10,10,0],"gold":22,"neow_bonus":"REMOVE_TWO","is_prod":false,"is_daily":false,"chose_seed":false,"campfire_upgraded":1,"win_rate":0,"timestamp":1547294810,"path_taken":["M","M","?","?","M","R","M","E","T","E","M","E","$","M"],"build_version":"2019-01-10","purchased_purges":0,"victory":false,"max_hp_per_floor":[75,75,75,75,75,75,75,75,75,75,75,75,75,75],"card_choices":[{"not_picked":["Wild Strike","Perfected Strike"],"picked":"Uppercut","floor":1.0},{"not_picked":["Corruption","Hemokinesis"],"picked":"Shrug It Off","floor":2.0},{"not_picked":["True Grit","Shrug It Off"],"picked":"Evolve","floor":5.0},{"not_picked":["Flex","Sever Soul"],"picked":"Iron Wave","floor":7.0},{"not_picked":["Evolve","Seeing Red","Rage"],"picked":"SKIP","floor":8},{"not_picked":["Second Wind","Thunderclap"],"picked":"Feel No Pain","floor":10},{"not_picked":["Double Tap","Armaments"],"picked":"Whirlwind","floor":11},{"not_picked":["Headbutt","Cleave"],"picked":"Thunderclap","floor":12}],"player_experience":859819,"relics_obtained":[{"floor":8,"key":"Omamori"},{"floor":9,"key":"Bag of Marbles"},{"floor":10,"key":"Pantograph"},{"floor":12,"key":"Pen Nib"}],"event_choices":[{"damage_healed":0.0,"max_hp_gain":0.0,"max_hp_loss":0.0,"gold_gain":0.0,"event_name":"Shining Light","player_choice":"Entered Light","floor":3.0,"gold_loss":0.0,"damage_taken":23.0,"cards_upgraded":["Defend_R","Strike_R"]},{"damage_healed":0.0,"max_hp_gain":0.0,"max_hp_loss":0.0,"gold_gain":0.0,"event_name":"Living Wall","player_choice":"Grow","floor":4.0,"gold_loss":0.0,"damage_taken":0.0,"cards_upgraded":["Uppercut"]}],"is_beta":false,"boss_relics":[],"items_purged_floors":[],"is_endless":false,"potions_floor_spawned":[1,5,10,11],"killed_by":"Exordium Thugs","ascension_level":19}