{"gold_per_floor":[361,11,286,298,133,133,144,159,159,173,173,185,212,226,226,226],"floor_reached":16,"playtime":619,"items_purged":["Strike_G"],"score":192,"play_id":"ed92f8c2-8788-4cd9-800c-51bb8fa1be11","local_time":"20190110185407","is_ascension_mode":true,"campfire_choices":[{"data":"Poisoned Stab","floor":6,"key":"SMITH"},{"floor":11,"key":"REST"},{"data":"Flechettes","floor":15,"key":"SMITH"}],"neow_cost":"TEN_PERCENT_HP_LOSS","seed_source_timestamp":1750693395166867,"circlet_count":0,"master_deck":["AscendersBane","Defend_G","Defend_G","Defend_G","Defend_G","Defend_G","Strike_G","Strike_G","Strike_G","Strike_G","Survivor","Neutralize","Poisoned Stab+1","Malaise","Footwork","Regret","Catalyst","Impatience","PiercingWail","Dagger Spray","Adrenaline","Flechettes+1"],"relics":["Ring of the Snake","Membership Card","Tiny Chest","Thread and Needle","Torii"],"potions_floor_usage":[12,13],"damage_taken":[{"damage":14,"enemies":"Small Slimes","floor":1,"turns":5},{"damage":7,"enemies":"Cultist","floor":4,"turns":4},{"damage":1,"enemies":"2 Louse","floor":7,"turns":4},{"damage":5,"enemies":"2 Fungi Beasts","floor":8,"turns":5},{"damage":4,"enemies":"Exordium Wildlife","floor":10,"turns":5},{"damage":0,"enemies":"3 Louse","floor":12,"turns":3},{"damage":14,"enemies":"Lagavulin","floor":13,"turns":10},{"damage":3,"enemies":"2 Fungi Beasts","floor":14,"turns":4},{"damage":36,"enemies":"Slime Boss","floor":16,"turns":3}],"seed_played":"-8145879983014135974","potions_obtained":[{"floor":1,"key":"AttackPotion"},{"floor":7,"key":"LiquidBronze"},{"floor":14,"key":"SmokeBomb"}],"is_trial":false,"path_per_floor":["M","$","?","M","$","R","M","M","T","M","R","M","E","M","R","B"],"character_chosen":"THE_SILENT","items_purchased":["Membership Card","Malaise","Footwork","Impatience","PiercingWail","Tiny Chest"],"campfire_rested":1,"item_purchase_floors":[2,2,2,5,5,5],"current_hp_per_floor":[45,45,45,38,38,38,37,32,32,28,46,46,32,29,29,0],"gold":226,"neow_bonus":"TWO_FIFTY_GOLD","is_prod":false,"is_daily":false,"chose_seed":false,"campfire_upgraded":2,"win_rate":0,"timestamp":1547142847,"path_taken":["M","$","?","M","$","R","M","M","T","?","R","M","E","M","R","BOSS"],"build_version":"2019-01-03v4","purchased_purges":1,"victory":false,"max_hp_per_floor":[60,60,60,60,60,60,60,60,60,60,60,60,60,60,60,60],"card_choices":[{"not_picked":["Bane","Slice"],"picked":"Poisoned Stab","floor":1},{"not_picked":["Catalyst","Quick Slash","Slice"],"picked":"SKIP","floor":4},{"not_picked":["Quick Slash","Slice"],"picked":"Catalyst","floor":4},{"not_picked":["Blade Dance","Slice"],"picked":"Dagger Spray","floor":7},{"not_picked":["Slice","Quick Slash","Blade Dance"],"picked":"SKIP","floor":8},{"not_picked":["Flying Knee","Poisoned Stab"],"picked":"Adrenaline","floor":10},{"not_picked":["All Out Attack","Underhanded Strike","Masterful Stab"],"picked":"SKIP","floor":12},{"not_picked":["Blade Dance","All Out Attack","Flechettes"],"picked":"SKIP","floor":13},{"not_picked":["Blade Dance","All Out Attack"],"picked":"Flechettes","floor":13},{"not_picked":["Choke","Sucker Punch","Prepared"],"picked":"SKIP","floor":14}],"player_experience":844876,"relics_obtained":[{"floor":9,"key":"Thread and Needle"},{"floor":13,"key":"Torii"}],"event_choices":[{"damage_healed":0,"gold_gain":275,"player_choice":"Desecrate","damage_taken":0,"max_hp_gain":0,"max_hp_loss":0,"event_name":"Golden Shrine","floor":3,"gold_loss":0,"cards_obtained":["Regret"]}],"is_beta":false,"boss_relics":[],"items_purged_floors":[5],"is_endless":false,"potions_floor_spawned":[1,7,10,14],"killed_by":"Slime Boss","ascension_level":17}