{"gold_per_floor":[115,115,126,201,220,220,255,255,330,330,330,341,361,247,247,352,352,342,375,393,308,328,328],"floor_reached":23,"playtime":1841,"items_purged":["Strike_R"],"score":220,"play_id":"11a66ff2-d922-4e07-b802-d429ad9ae733","local_time":"20190127204314","is_ascension_mode":true,"campfire_choices":[{"data":"Juggernaut","floor":6,"key":"SMITH"},{"floor":10,"key":"REST"},{"floor":15,"key":"REST"}],"neow_cost":"NONE","seed_source_timestamp":15972814420977,"circlet_count":0,"master_deck":["Strike_R","Strike_R","Defend_R","Defend_R","Defend_R","Defend_R","Bash","Cleave","Juggernaut+1","Rage","Feel No Pain","Shrug It Off","Ghostly Armor","Juggernaut","Iron Wave"],"relics":["Burning Blood","Omamori","Bottled Lightning","Empty Cage","Red Mask","Du-Vu Doll"],"potions_floor_usage":[7,16,16,20,22],"damage_taken":[{"damage":10,"enemies":"2 Louse","floor":1,"turns":4},{"damage":0,"enemies":"Small Slimes","floor":3,"turns":3},{"damage":23,"enemies":"Jaw Worm","floor":5,"turns":5},{"damage":45,"enemies":"3 Sentries","floor":7,"turns":8},{"damage":16,"enemies":"Red Slaver","floor":12,"turns":4},{"damage":26,"enemies":"Exordium Thugs","floor":13,"turns":5},{"damage":22,"enemies":"The Guardian","floor":16,"turns":12},{"damage":19,"enemies":"2 Thieves","floor":18,"turns":5},{"damage":55,"enemies":"Masked Bandits","floor":19,"turns":5},{"damage":11,"enemies":"Shell Parasite","floor":20,"turns":5},{"damage":23,"enemies":"Centurion and Healer","floor":22,"turns":7},{"damage":17,"enemies":"Slavers","floor":23,"turns":2}],"seed_played":"5142099878218424735","potions_obtained":[{"floor":5,"key":"Poison Potion"},{"floor":7,"key":"Block Potion"},{"floor":13,"key":"Weak Potion"},{"floor":18,"key":"Ancient Potion"},{"floor":19,"key":"Energy Potion"}],"is_trial":false,"path_per_floor":["?","?","?","?","?","?"],"character_chosen":"IRONCLAD","items_purchased":["Ghostly Armor"],"campfire_rested":2,"item_purchase_floors":[14],"current_hp_per_floor":[84,89,93,82,65,65,26,26,26,53,76,66,46,46,73,57,93,80,31,26,26,9,0],"gold":328,"neow_bonus":"TEN_PERCENT_HP_BONUS","is_prod":false,"is_daily":false,"chose_seed":false,"campfire_upgraded":1,"win_rate":0,"timestamp":1548592994,"path_taken":["M","?","M","?","M","R","E","?","T","R","?","M","M","$","R","BOSS","M","?","M","?","M","E"],"build_version":"2019-01-23","purchased_purges":1,"victory":false,"max_hp_per_floor":[88,93,93,93,93,93,93,93,93,93,93,93,93,93,93,93,93,93,93,93,93,93,93],"card_choices":[{"not_picked":["Sword Boomerang","Shrug It Off"],"picked":"Cleave","floor":1},{"not_picked":["Dropkick","Body Slam","Fire Breathing"],"picked":"SKIP","floor":3},{"not_picked":["Sword Boomerang","Wild Strike"],"picked":"Juggernaut","floor":5},{"not_picked":["Searing Blow","Fiend Fire"],"picked":"Rage","floor":7},{"not_picked":["Burning Pact","Clash"],"picked":"Feel No Pain","floor":12},{"not_picked":["Inflame","Uppercut"],"picked":"Shrug It Off","floor":13},{"not_picked":["Impervious","Demon Form"],"picked":"Juggernaut","floor":16},{"not_picked":["Flex","Clothesline"],"picked":"Iron Wave","floor":18},{"not_picked":["Uppercut+1","Wild Strike","Cleave"],"picked":"SKIP","floor":20},{"not_picked":["Twin Strike","Cleave","Warcry"],"picked":"SKIP","floor":22}],"player_experience":58427,"relics_obtained":[{"floor":7,"key":"Omamori"},{"floor":9,"key":"Bottled Lightning"},{"floor":19,"key":"Red Mask"}],"event_choices":[{"damage_healed":0,"gold_gain":0,"player_choice":"Donut","damage_taken":0,"max_hp_gain":5,"max_hp_loss":0,"event_name":"Big Fish","floor":2,"gold_loss":0},{"damage_healed":0,"gold_gain":75,"player_choice":"Gather Gold","damage_taken":11,"max_hp_gain":0,"max_hp_loss":0,"event_name":"World of Goop","floor":4,"gold_loss":0},{"damage_healed":0,"gold_gain":0,"player_choice":"Searched \u00271\u0027 times","damage_taken":0,"max_hp_gain":0,"max_hp_loss":0,"event_name":"Dead Adventurer","floor":8,"gold_loss":0},{"damage_healed":23,"gold_gain":0,"player_choice":"Healed and dodged fight","damage_taken":0,"max_hp_gain":0,"max_hp_loss":0,"event_name":"Mushrooms","floor":11,"gold_loss":0,"cards_obtained":["Parasite"]},{"damage_healed":0,"gold_gain":0,"player_choice":"Fought Bandits","damage_taken":0,"max_hp_gain":0,"max_hp_loss":0,"event_name":"Masked Bandits","floor":19,"gold_loss":0},{"damage_healed":0,"gold_gain":0,"player_choice":"Obtained Relic","damage_taken":0,"relics_obtained":["Du-Vu Doll"],"max_hp_gain":0,"max_hp_loss":0,"event_name":"Addict","floor":21,"gold_loss":85}],"is_beta":false,"boss_relics":[{"not_picked":["Ectoplasm","Tiny House"],"picked":"Empty Cage"}],"items_purged_floors":[14],"is_endless":false,"potions_floor_spawned":[5,7,13,18,19],"killed_by":"Slavers","ascension_level":3}