{"gold_per_floor":[112,112,126,141,157,157,170,170,170,201,62,62,27,62,62,141,141,158,10,22,39,39],"floor_reached":22,"playtime":1130,"items_purged":["Strike_B"],"score":343,"play_id":"d0f76471-6bcb-45a4-bb68-b9d07009b42b","local_time":"20190227000706","is_ascension_mode":true,"campfire_choices":[{"data":"Zap","floor":6,"key":"SMITH"},{"floor":8,"key":"REST"},{"floor":12,"key":"REST"},{"data":"Double Energy","floor":15,"key":"SMITH"}],"neow_cost":"NONE","seed_source_timestamp":899699532563246,"circlet_count":0,"master_deck":["AscendersBane","Strike_B","Strike_B","Defend_B","Defend_B","Defend_B","Defend_B","Zap+1","Dualcast","Heatsinks","Storm","Barrage","FTL","Coolheaded","Double Energy+1","Echo Form","Creative AI","Fusion","Go for the Eyes","Capacitor"],"relics":["Cracked Core","WingedGreaves","Sundial","Ice Cream","Sozu"],"potions_floor_usage":[5,10,22,22],"damage_taken":[{"damage":0,"enemies":"2 Louse","floor":1,"turns":3},{"damage":12,"enemies":"Jaw Worm","floor":3,"turns":4},{"damage":5,"enemies":"Cultist","floor":4,"turns":4},{"damage":4,"enemies":"Red Slaver","floor":5,"turns":3},{"damage":8,"enemies":"Blue Slaver","floor":7,"turns":3},{"damage":27,"enemies":"3 Sentries","floor":10,"turns":8},{"damage":13,"enemies":"Lagavulin","floor":14,"turns":7},{"damage":17,"enemies":"Slime Boss","floor":16,"turns":10},{"damage":15,"enemies":"Spheric Guardian","floor":18,"turns":4},{"damage":18,"enemies":"Shell Parasite","floor":20,"turns":4},{"damage":26,"enemies":"Centurion and Healer","floor":21,"turns":6},{"damage":25,"enemies":"Shelled Parasite and Fungi","floor":22,"turns":3}],"seed_played":"6586847231522226344","potions_obtained":[{"floor":1,"key":"LiquidBronze"},{"floor":4,"key":"Energy Potion"},{"floor":10,"key":"SneckoOil"},{"floor":14,"key":"Regen Potion"}],"is_trial":false,"path_per_floor":["M","?","M","M","M","R","M","R","T","E","$","R","?","E","R","B",null,"M","$","M","M","M"],"character_chosen":"DEFECT","items_purchased":["Echo Form","Fusion"],"campfire_rested":2,"item_purchase_floors":[11,19],"current_hp_per_floor":[71,71,59,54,50,50,42,65,65,38,38,61,78,65,65,48,71,56,56,38,12,0],"gold":39,"neow_bonus":"TEN_PERCENT_HP_BONUS","is_prod":false,"is_daily":false,"chose_seed":false,"campfire_upgraded":2,"win_rate":0,"timestamp":1551222426,"path_taken":["M","?","M","M","M","R","M","R","T","E","$","R","?","E","R","BOSS","M","$","M","M","M"],"build_version":"2019-01-23","purchased_purges":1,"victory":false,"max_hp_per_floor":[78,78,78,78,78,78,78,78,78,78,78,78,78,78,78,78,78,78,78,78,78,78],"card_choices":[{"not_picked":["Ball Lightning","Storm"],"picked":"Heatsinks","floor":1},{"not_picked":["Loop","Compile Driver"],"picked":"Storm","floor":3},{"not_picked":["Hologram","Go for the Eyes"],"picked":"Barrage","floor":4},{"not_picked":["Darkness","Steam"],"picked":"FTL","floor":5},{"not_picked":["Reprogram","Compile Driver"],"picked":"Coolheaded","floor":7},{"not_picked":["All For One","Skim"],"picked":"Double Energy","floor":10},{"not_picked":["Hello World","Ball Lightning","Double Energy"],"picked":"SKIP","floor":14},{"not_picked":["Meteor Strike","Reboot"],"picked":"Creative AI","floor":16},{"not_picked":["Streamline","Turbo","Lockon"],"picked":"SKIP","floor":18},{"not_picked":["Sunder","Rip and Tear"],"picked":"Go for the Eyes","floor":20},{"not_picked":["Static Discharge","Stack+1"],"picked":"Capacitor","floor":21}],"player_experience":477996,"relics_obtained":[{"floor":9,"key":"WingedGreaves"},{"floor":10,"key":"Sundial"},{"floor":14,"key":"Ice Cream"}],"event_choices":[{"cards_removed":["Strike_B"],"damage_healed":0,"gold_gain":0,"player_choice":"Forget","damage_taken":0,"max_hp_gain":0,"max_hp_loss":0,"event_name":"Living Wall","floor":2,"gold_loss":0},{"damage_healed":19,"gold_gain":0,"player_choice":"Healed","damage_taken":0,"max_hp_gain":0,"max_hp_loss":0,"event_name":"The Cleric","floor":13,"gold_loss":35}],"is_beta":false,"boss_relics":[{"not_picked":["FrozenCore","Philosopher\u0027s Stone"],"picked":"Sozu"}],"items_purged_floors":[19],"is_endless":false,"potions_floor_spawned":[1,4,10,14,18,21],"killed_by":"Shelled Parasite and Fungi","ascension_level":15}