{"gold_per_floor":[113,113,113,129,154,154,154,190,190,190],"floor_reached":10,"playtime":462,"items_purged":[],"score":83,"play_id":"4b345b43-891d-4598-b6d6-bb5ff97fe7c1","local_time":"20190128122447","is_ascension_mode":true,"campfire_choices":[{"data":"Searing Blow","floor":6,"key":"SMITH"}],"neow_cost":"NONE","seed_source_timestamp":5326655306110,"circlet_count":0,"master_deck":["Strike_R","Strike_R","Strike_R","Strike_R","Defend_R","Defend_R","Defend_R","Defend_R","Bash","Perfected Strike","Searing Blow+1","Regret","Ghostly Armor"],"relics":["Burning Blood","Golden Idol","Kunai","Pear","Oddly Smooth Stone","Sundial"],"potions_floor_usage":[8],"damage_taken":[{"damage":1,"enemies":"2 Louse","floor":1,"turns":2},{"damage":7,"enemies":"Small Slimes","floor":4,"turns":3},{"damage":8,"enemies":"Jaw Worm","floor":5,"turns":4},{"damage":43,"enemies":"3 Sentries","floor":8,"turns":10},{"damage":35,"enemies":"Lagavulin","floor":10,"turns":5}],"seed_played":"-749132004355981021","potions_obtained":[{"floor":5,"key":"PowerPotion"}],"is_trial":false,"path_per_floor":["?","?","M","?"],"character_chosen":"IRONCLAD","items_purchased":[],"campfire_rested":0,"item_purchase_floors":[],"current_hp_per_floor":[80,60,48,47,45,45,55,18,18,0],"gold":190,"neow_bonus":"TRANSFORM_CARD","is_prod":false,"is_daily":false,"chose_seed":false,"campfire_upgraded":1,"win_rate":0,"timestamp":1548649487,"path_taken":["M","?","?","?","M","R","?","E","T","E"],"build_version":"2019-01-23","purchased_purges":0,"victory":false,"max_hp_per_floor":[80,80,80,80,80,80,90,90,90,90],"card_choices":[{"not_picked":["Headbutt","Pommel Strike"],"picked":"Searing Blow","floor":1},{"not_picked":["Sever Soul","Headbutt","Sword Boomerang"],"picked":"SKIP","floor":4},{"not_picked":["Twin Strike","Intimidate","Warcry"],"picked":"SKIP","floor":5},{"not_picked":["Heavy Blade","Twin Strike"],"picked":"Ghostly Armor","floor":8}],"player_experience":75882,"relics_obtained":[{"floor":8,"key":"Oddly Smooth Stone"},{"floor":9,"key":"Sundial"}],"event_choices":[{"damage_healed":0,"gold_gain":0,"player_choice":"Take Damage","damage_taken":20,"relics_obtained":["Golden Idol"],"max_hp_gain":0,"max_hp_loss":0,"event_name":"Golden Idol","floor":2,"gold_loss":0},{"damage_healed":0,"gold_gain":0,"player_choice":"Success","damage_taken":12,"relics_obtained":["Kunai"],"max_hp_gain":0,"max_hp_loss":0,"event_name":"Scrap Ooze","floor":3,"gold_loss":0},{"damage_healed":0,"gold_gain":0,"player_choice":"Box","damage_taken":0,"relics_obtained":["Pear"],"max_hp_gain":0,"max_hp_loss":0,"event_name":"Big Fish","floor":7,"gold_loss":0,"cards_obtained":["Regret"]}],"is_beta":false,"boss_relics":[],"items_purged_floors":[],"is_endless":false,"potions_floor_spawned":[5],"killed_by":"Lagavulin","ascension_level":5}