{"gold_per_floor":[114,127,143,159,159,198,198,241,295,316,329,329,400,400],"floor_reached":14,"playtime":724,"items_purged":[],"score":179,"play_id":"7657380e-3e70-4f7b-94f9-31d0c4469200","local_time":"20190111210810","is_ascension_mode":true,"campfire_choices":[{"floor":7,"key":"REST"},{"data":"Shrug It Off","floor":12,"key":"SMITH"}],"neow_cost":"TEN_PERCENT_HP_LOSS","seed_source_timestamp":172605933873274,"circlet_count":0,"master_deck":["AscendersBane","Strike_R","Strike_R","Strike_R","Strike_R","Strike_R","Defend_R","Defend_R","Defend_R","Defend_R","Bash","Reaper","Flame Barrier","Shrug It Off+1","Whirlwind","Thunderclap","Injury","Demon Form","Headbutt","Pommel Strike","Flex"],"relics":["Burning Blood","Golden Idol","Self Forming Clay","Sundial","PreservedInsect","Anchor"],"potions_floor_usage":[6,6,8,13,13],"damage_taken":[{"damage":11,"enemies":"Cultist","floor":1,"turns":4},{"damage":19,"enemies":"Small Slimes","floor":2,"turns":5},{"damage":14,"enemies":"2 Louse","floor":3,"turns":4},{"damage":33,"enemies":"Exordium Thugs","floor":4,"turns":5},{"damage":34,"enemies":"3 Sentries","floor":6,"turns":7},{"damage":10,"enemies":"Lagavulin","floor":8,"turns":7},{"damage":23,"enemies":"Blue Slaver","floor":10,"turns":6},{"damage":6,"enemies":"2 Fungi Beasts","floor":11,"turns":3},{"damage":21,"enemies":"Lagavulin Event","floor":13,"turns":5},{"damage":20,"enemies":"3 Sentries","floor":14,"turns":5}],"seed_played":"2728470692544996594","potions_obtained":[{"floor":1,"key":"LiquidBronze"},{"floor":3,"key":"SpeedPotion"},{"floor":6,"key":"Block Potion"},{"floor":10,"key":"SpeedPotion"},{"floor":11,"key":"Energy Potion"}],"is_trial":false,"path_per_floor":["M","M","M","M","?","E","R","E","T","M","M","R","?","E"],"character_chosen":"IRONCLAD","items_purchased":[],"campfire_rested":1,"item_purchase_floors":[],"current_hp_per_floor":[63,53,53,34,34,18,38,46,46,32,32,32,20,0],"gold":400,"neow_bonus":"THREE_RARE_CARDS","is_prod":false,"is_daily":false,"chose_seed":false,"campfire_upgraded":1,"win_rate":0,"timestamp":1547269690,"path_taken":["M","M","M","?","?","E","R","E","T","M","M","R","?","E"],"build_version":"2019-01-10","purchased_purges":0,"victory":false,"max_hp_per_floor":[68,68,68,68,68,68,68,68,68,68,68,68,68,68],"card_choices":[{"not_picked":["Barricade","Juggernaut"],"picked":"Reaper","floor":0},{"not_picked":["Feel No Pain","Rampage"],"picked":"Flame Barrier","floor":1},{"not_picked":["Body Slam","Armaments"],"picked":"Shrug It Off","floor":2},{"not_picked":["Armaments","Intimidate"],"picked":"Whirlwind","floor":3},{"not_picked":["Body Slam","Anger"],"picked":"Thunderclap","floor":4},{"not_picked":["Rampage","Twin Strike"],"picked":"Demon Form","floor":6},{"not_picked":["Fire Breathing","Feel No Pain"],"picked":"Headbutt","floor":8},{"not_picked":["Rampage","Clash","Sentinel"],"picked":"SKIP","floor":10},{"not_picked":["Twin Strike","Sever Soul"],"picked":"Pommel Strike","floor":11},{"not_picked":["Havoc","Wild Strike"],"picked":"Flex","floor":13}],"player_experience":465422,"relics_obtained":[{"floor":6,"key":"Self Forming Clay"},{"floor":8,"key":"Sundial"},{"floor":9,"key":"PreservedInsect"},{"floor":13,"key":"Anchor"}],"event_choices":[{"damage_healed":0,"gold_gain":0,"player_choice":"Take Wound","damage_taken":0,"relics_obtained":["Golden Idol"],"max_hp_gain":0,"max_hp_loss":0,"event_name":"Golden Idol","floor":5,"gold_loss":0,"cards_obtained":["Injury"]},{"damage_healed":0,"gold_gain":0,"player_choice":"Searched \u00272\u0027 times","damage_taken":0,"max_hp_gain":0,"max_hp_loss":0,"event_name":"Dead Adventurer","floor":13,"gold_loss":0}],"is_beta":false,"boss_relics":[],"items_purged_floors":[],"is_endless":false,"potions_floor_spawned":[1,3,6,10,11],"killed_by":"3 Sentries","ascension_level":15}