{"gold_per_floor":[114,131,131,131,149,149,177,188,188,38,67,67,32,43,43,145,145,158,158,158,171,246,246,271,371,394,404,416,429,429,82,82,181,181,201,248,3,3,21,21,51,68,68,68,68,80,99,26,26,26],"floor_reached":51,"playtime":5475,"items_purged":["Rupture"],"score":771,"play_id":"e3f4fed7-a79e-4bb3-9cbf-14cfbf258b02","local_time":"20190127195637","is_ascension_mode":true,"campfire_choices":[{"data":"Metallicize","floor":6,"key":"SMITH"},{"data":"Sword Boomerang","floor":15,"key":"SMITH"},{"data":"Limit Break","floor":23,"key":"SMITH"},{"data":"Flex","floor":30,"key":"SMITH"},{"floor":32,"key":"REST"},{"floor":40,"key":"REST"},{"floor":45,"key":"REST"},{"data":"Flex","floor":49,"key":"SMITH"}],"neow_cost":"NONE","seed_source_timestamp":9532142073290,"circlet_count":0,"master_deck":["Strike_R+1","Strike_R+1","Defend_R+1","Defend_R+1","Defend_R+1","Bash","Metallicize+1","Cleave+1","Battle Trance+1","Offering","Sword Boomerang+1","Limit Break+1","Sword Boomerang+1","Anger","Flex+1","Pummel","Flex+1","Limit Break","True Grit+1","Brutality+1","Burning Pact+1","Pummel+1","Decay","Double Tap"],"relics":["Burning Blood","Lantern","Orichalcum","War Paint","Bag of Preparation","Pantograph","Velvet Choker","Enchiridion","Shuriken","Mummified Hand","Mango","Mercury Hourglass","Happy Flower","Juzu Bracelet","Astrolabe","FossilizedHelix","Pear","Oddly Smooth Stone","Question Card"],"potions_floor_usage":[16,24,25,25,33,36,41,47,50],"damage_taken":[{"damage":5,"enemies":"Cultist","floor":1,"turns":5},{"damage":1,"enemies":"2 Louse","floor":2,"turns":3},{"damage":0,"enemies":"Small Slimes","floor":5,"turns":3},{"damage":24,"enemies":"3 Sentries","floor":7,"turns":10},{"damage":4,"enemies":"Looter","floor":8,"turns":3},{"damage":24,"enemies":"Gremlin Nob","floor":11,"turns":4},{"damage":6,"enemies":"3 Louse","floor":14,"turns":1},{"damage":70,"enemies":"Hexaghost","floor":16,"turns":11},{"damage":11,"enemies":"Shell Parasite","floor":18,"turns":4},{"damage":3,"enemies":"2 Thieves","floor":21,"turns":3},{"damage":46,"enemies":"Book of Stabbing","floor":24,"turns":6},{"damage":8,"enemies":"Colosseum Slavers","floor":25,"turns":3},{"damage":6,"enemies":"Colosseum Nobs","floor":25,"turns":3},{"damage":6,"enemies":"Snecko","floor":27,"turns":3},{"damage":14,"enemies":"Snake Plant","floor":28,"turns":3},{"damage":1,"enemies":"Sentry and Sphere","floor":29,"turns":3},{"damage":20,"enemies":"Collector","floor":33,"turns":4},{"damage":19,"enemies":"3 Darklings","floor":35,"turns":4},{"damage":44,"enemies":"2 Orb Walkers","floor":36,"turns":6},{"damage":3,"enemies":"Orb Walker","floor":39,"turns":3},{"damage":26,"enemies":"Reptomancer","floor":41,"turns":4},{"damage":24,"enemies":"Writhing Mass","floor":42,"turns":4},{"damage":0,"enemies":"Spire Growth","floor":46,"turns":2},{"damage":0,"enemies":"Maw","floor":47,"turns":4},{"damage":85,"enemies":"Time Eater","floor":50,"turns":7}],"seed_played":"-5112811145923710455","potions_obtained":[{"floor":1,"key":"BloodPotion"},{"floor":8,"key":"BloodPotion"},{"floor":11,"key":"Poison Potion"},{"floor":14,"key":"AttackPotion"},{"floor":16,"key":"LiquidBronze"},{"floor":27,"key":"PowerPotion"},{"floor":33,"key":"Weak Potion"},{"floor":39,"key":"Strength Potion"},{"floor":42,"key":"SpeedPotion"}],"is_trial":false,"path_per_floor":["M","?","?","M","?","?","?","?","T","?","M","M","$","?","?","?"],"character_chosen":"IRONCLAD","items_purchased":["Bag of Preparation","Pummel","Flex","Juzu Bracelet","Pear","BloodPotion"],"campfire_rested":3,"item_purchase_floors":[10,31,31,31,37,48],"current_hp_per_floor":[80,80,85,85,85,85,67,69,69,69,51,51,72,72,72,21,85,80,64,64,67,67,67,27,55,55,55,47,52,52,52,81,85,99,86,48,58,58,61,93,73,55,55,55,86,92,98,98,98,35],"gold":26,"neow_bonus":"RANDOM_COMMON_RELIC","is_prod":false,"is_daily":false,"chose_seed":false,"campfire_upgraded":5,"win_rate":0,"timestamp":1548590197,"path_taken":["M","?","?","?","M","R","E","?","T","$","E","?","?","M","R","BOSS","M","?","?","M","?","R","E","?","T","?","?","M","R","?","R","BOSS","M","?","$","?","M","R","E","M","T","?","R","M","M","$","R","BOSS"],"build_version":"2019-01-23","purchased_purges":1,"victory":true,"max_hp_per_floor":[80,80,85,85,85,85,85,85,85,85,85,85,85,85,85,85,85,85,85,85,85,85,85,85,99,99,99,99,99,99,99,99,99,99,99,99,109,109,109,109,109,109,109,104,104,104,104,104,104,104],"card_choices":[{"not_picked":["Sever Soul","True Grit"],"picked":"Metallicize","floor":1},{"not_picked":["Flex","Armaments"],"picked":"Cleave","floor":2},{"not_picked":["Exhume","True Grit","Pummel"],"picked":"SKIP","floor":5},{"not_picked":["Pommel Strike","Entrench"],"picked":"Battle Trance","floor":7},{"not_picked":["Spot Weakness","Thunderclap"],"picked":"Offering","floor":8},{"not_picked":["Armaments","Cleave"],"picked":"Rupture","floor":11},{"not_picked":["Heavy Blade","Cleave"],"picked":"Sword Boomerang","floor":14},{"not_picked":["Immolate","Bludgeon"],"picked":"Limit Break","floor":16},{"not_picked":["Dropkick+1","Sentinel"],"picked":"Sword Boomerang+1","floor":18},{"not_picked":["True Grit","Wild Strike+1","Entrench+1"],"picked":"SKIP","floor":21},{"not_picked":["Havoc","Clothesline"],"picked":"Anger","floor":24},{"not_picked":["Clothesline","Wild Strike","Fire Breathing"],"picked":"SKIP","floor":27},{"not_picked":["Cleave","Clash"],"picked":"Flex","floor":28},{"not_picked":["Hemokinesis","Pommel Strike","Headbutt"],"picked":"SKIP","floor":29},{"not_picked":["Feed","Berserk"],"picked":"Limit Break","floor":33},{"not_picked":["Blood for Blood","Warcry+1"],"picked":"Pummel+1","floor":35},{"not_picked":["Clash+1","Armaments","Shrug It Off"],"picked":"SKIP","floor":39},{"not_picked":["Seeing Red+1","Anger+1"],"picked":"Double Tap","floor":41},{"not_picked":["Thunderclap+1","Feel No Pain+1","Havoc+1"],"picked":"SKIP","floor":42},{"not_picked":["Burning Pact","Cleave","Body Slam","Shrug It Off+1"],"picked":"SKIP","floor":46},{"not_picked":["Sentinel+1","Entrench","Perfected Strike+1","Rupture+1"],"picked":"SKIP","floor":47}],"player_experience":52124,"relics_obtained":[{"floor":7,"key":"Orichalcum"},{"floor":9,"key":"War Paint"},{"floor":11,"key":"Pantograph"},{"floor":19,"key":"Enchiridion"},{"floor":22,"key":"Shuriken"},{"floor":24,"key":"Mummified Hand"},{"floor":25,"key":"Mango"},{"floor":25,"key":"Mercury Hourglass"},{"floor":26,"key":"Happy Flower"},{"floor":36,"key":"FossilizedHelix"},{"floor":41,"key":"Oddly Smooth Stone"},{"floor":43,"key":"Question Card"}],"event_choices":[{"damage_healed":0,"gold_gain":0,"player_choice":"Donut","damage_taken":0,"max_hp_gain":5,"max_hp_loss":0,"event_name":"Big Fish","floor":3,"gold_loss":0},{"damage_healed":0,"gold_gain":0,"player_choice":"Upgraded","damage_taken":0,"max_hp_gain":0,"max_hp_loss":0,"event_name":"Upgrade Shrine","floor":4,"gold_loss":0,"cards_upgraded":["Cleave"]},{"cards_removed":["Strike_R"],"damage_healed":0,"gold_gain":0,"player_choice":"Forget","damage_taken":0,"max_hp_gain":0,"max_hp_loss":0,"event_name":"Living Wall","floor":12,"gold_loss":0},{"damage_healed":21,"gold_gain":0,"player_choice":"Healed","damage_taken":0,"max_hp_gain":0,"max_hp_loss":0,"event_name":"The Cleric","floor":13,"gold_loss":35},{"damage_healed":0,"gold_gain":0,"player_choice":"Obtained Book","damage_taken":16,"max_hp_gain":0,"max_hp_loss":0,"event_name":"Cursed Tome","floor":19,"gold_loss":0},{"damage_healed":0,"gold_gain":0,"player_choice":"Simplicity","damage_taken":0,"max_hp_gain":0,"max_hp_loss":0,"event_name":"Back to Basics","floor":20,"gold_loss":0,"cards_upgraded":["Strike_R","Strike_R","Strike_R","Strike_R","Defend_R","Defend_R","Defend_R"]},{"damage_healed":0,"gold_gain":0,"player_choice":"Fight","damage_taken":0,"max_hp_gain":0,"max_hp_loss":0,"event_name":"Colosseum","floor":25,"gold_loss":0},{"damage_healed":0,"gold_gain":0,"player_choice":"Fought Nobs","damage_taken":0,"max_hp_gain":0,"max_hp_loss":0,"event_name":"Colosseum","floor":25,"gold_loss":0},{"damage_healed":0,"gold_gain":0,"player_choice":"Fight","damage_taken":0,"max_hp_gain":0,"max_hp_loss":0,"event_name":"Mysterious Sphere","floor":36,"gold_loss":0},{"damage_healed":0,"gold_gain":0,"player_choice":"Cursed","damage_taken":0,"max_hp_gain":0,"max_hp_loss":0,"event_name":"Wheel of Change","floor":38,"gold_loss":0,"cards_obtained":["Decay"]},{"damage_healed":0,"gold_gain":0,"player_choice":"Max HP","damage_taken":0,"max_hp_gain":0,"max_hp_loss":5,"event_name":"Winding Halls","floor":44,"gold_loss":0}],"is_beta":false,"boss_relics":[{"not_picked":["Philosopher\u0027s Stone","Sozu"],"picked":"Velvet Choker"},{"not_picked":["Orrery","Runic Pyramid"],"picked":"Astrolabe"}],"items_purged_floors":[31],"is_endless":false,"potions_floor_spawned":[1,8,11,14,16,25,27,33,39,42],"ascension_level":2}