{"gold_per_floor":[368,379,379,394,6,37,37,62,86,118,134,134,146,146,146,241,241,259,259,259,272,289,289,323,323,404,414,428,527,527,562,562,658,658,668,890,990,1009,196,196,215,225,278,278,10,21,35,45,45,45],"floor_reached":51,"playtime":4627,"items_purged":["Defend_B"],"score":1009,"play_id":"67d40d91-9e7a-4fe1-8999-3d1b1ac9b8f8","local_time":"20190219000153","is_ascension_mode":true,"campfire_choices":[{"floor":7.0,"key":"REST"},{"data":"Sunder","floor":12.0,"key":"SMITH"},{"floor":15.0,"key":"REST"},{"data":"Defragment","floor":23.0,"key":"SMITH"},{"floor":25.0,"key":"REST"},{"floor":30.0,"key":"REST"},{"data":"Barrage","floor":32.0,"key":"SMITH"},{"floor":40,"key":"REST"},{"floor":44,"key":"REST"},{"floor":49,"key":"REST"}],"neow_cost":"TEN_PERCENT_HP_LOSS","seed_source_timestamp":204641406132528,"circlet_count":0,"master_deck":["AscendersBane","Strike_B+1","Strike_B","Strike_B","Strike_B","Defend_B","Defend_B+1","Defend_B","Zap+1","Dualcast","Cold Snap","Glacier","Fission+1","Loop","Cold Snap","Double Energy+1","Sunder+1","Redo+1","Biased Cognition","Loop","Barrage+1","Defragment+1","Cold Snap+1","Leap+1","White Noise+1","Multi-Cast+1","Creative AI","Loop+1","Fusion+1","Turbo+1","Leap+1","Buffer","Conserve Battery+1","Coolheaded+1","Reboot+1","Leap+1","Reboot+1","Consume+1","Reinforced Body+1"],"special_seed":0,"relics":["Cracked Core","Toxic Egg 2","Vajra","Orichalcum","Bag of Marbles","Ancient Tea Set","Inserter","Red Mask","Kunai","Bronze Scales","Lizard Tail","Turnip","Chemical X","PreservedInsect","Dream Catcher","Juzu Bracelet","HandDrill"],"potions_floor_usage":[41,50,50],"damage_taken":[{"damage":0.0,"enemies":"Cultist","floor":1.0,"turns":4.0},{"damage":7.0,"enemies":"Jaw Worm","floor":2.0,"turns":4.0},{"damage":0.0,"enemies":"Small Slimes","floor":4.0,"turns":2.0},{"damage":5.0,"enemies":"Gremlin Nob","floor":6.0,"turns":3.0},{"damage":2.0,"enemies":"3 Sentries","floor":8.0,"turns":12.0},{"damage":16.0,"enemies":"Gremlin Nob","floor":10.0,"turns":5.0},{"damage":12.0,"enemies":"Gremlin Gang","floor":11.0,"turns":4.0},{"damage":0.0,"enemies":"Blue Slaver","floor":13.0,"turns":1.0},{"damage":38.0,"enemies":"Hexaghost","floor":16.0,"turns":10.0},{"damage":0.0,"enemies":"Spheric Guardian","floor":18.0,"turns":3.0},{"damage":14.0,"enemies":"Colosseum Slavers","floor":19.0,"turns":3.0},{"damage":8.0,"enemies":"Shell Parasite","floor":21.0,"turns":6.0},{"damage":0.0,"enemies":"Snake Plant","floor":22.0,"turns":5.0},{"damage":18.0,"enemies":"Masked Bandits","floor":24.0,"turns":4.0},{"damage":1.0,"enemies":"Centurion and Healer","floor":27.0,"turns":5.0},{"damage":4.0,"enemies":"Cultist and Chosen","floor":28.0,"turns":8.0},{"damage":16.0,"enemies":"Slavers","floor":31.0,"turns":6.0},{"damage":17.0,"enemies":"Champ","floor":33.0,"turns":14.0},{"damage":7,"enemies":"3 Shapes","floor":35,"turns":4},{"damage":8,"enemies":"Mind Bloom Boss Battle","floor":37,"turns":7},{"damage":39,"enemies":"3 Darklings","floor":38,"turns":6},{"damage":6,"enemies":"Maw","floor":41,"turns":8},{"damage":58,"enemies":"Jaw Worm Horde","floor":42,"turns":7},{"damage":7,"enemies":"Sphere and 2 Shapes","floor":46,"turns":8},{"damage":0,"enemies":"4 Shapes","floor":47,"turns":2},{"damage":0,"enemies":"Maw","floor":48,"turns":10},{"damage":23,"enemies":"Time Eater","floor":50,"turns":15}],"seed_played":"3370341228716340985","potions_obtained":[{"floor":2.0,"key":"SteroidPotion"},{"floor":4.0,"key":"AttackPotion"},{"floor":13.0,"key":"Ancient Potion"},{"floor":16.0,"key":"PowerPotion"},{"floor":20.0,"key":"Explosive Potion"},{"floor":20.0,"key":"LiquidBronze"},{"floor":28.0,"key":"Block Potion"},{"floor":38,"key":"Explosive Potion"},{"floor":42,"key":"FearPotion"},{"floor":46,"key":"FocusPotion"}],"is_trial":false,"path_per_floor":["M","M","?","M","$","E","R","E","T","E","M","R","M","?","R","B",null,"M","?","?","M","M","R","?","R","T","M","M","?","R","E","R","B",null,"M","?","?","M","$","R","M","M","T","R","$","M","M","M","R","B",null],"character_chosen":"DEFECT","items_purchased":["Toxic Egg 2","Fission+1","Chemical X","Turbo+1","Leap+1","Buffer","PreservedInsect","Dream Catcher","HandDrill","Reboot+1"],"campfire_rested":7,"item_purchase_floors":[5,5,39,39,39,39,39,39,45,45],"current_hp_per_floor":[68,61,47,47,47,42,62,60,60,44,32,32,32,32,52,14,55,55,41,41,33,33,33,15,35,35,34,30,30,50,34,34,17,55,48,48,40,1,1,21,15,5,5,25,25,18,18,18,38,15],"gold":45,"neow_bonus":"TWO_FIFTY_GOLD","is_prod":false,"is_daily":false,"chose_seed":false,"campfire_upgraded":3,"win_rate":0,"timestamp":1550530913,"path_taken":["M","M","?","M","$","E","R","E","T","E","M","R","M","?","R","BOSS","M","?","?","?","M","R","?","R","T","M","M","?","R","E","R","BOSS","M","?","?","M","?","R","M","?","T","R","$","M","M","M","R","BOSS"],"build_version":"2019-01-23","purchased_purges":1,"victory":true,"max_hp_per_floor":[68,68,68,68,68,68,68,68,68,68,68,68,68,68,68,68,68,68,68,68,68,68,68,68,68,68,68,68,68,68,68,68,68,68,68,68,68,68,68,68,68,68,68,68,68,68,68,68,68,68],"card_choices":[{"not_picked":["Go for the Eyes","Streamline"],"picked":"Cold Snap","floor":1.0},{"not_picked":["Streamline","Capacitor","Reinforced Body"],"picked":"SKIP","floor":2.0},{"not_picked":["Rebound","Double Energy"],"picked":"Glacier","floor":4.0},{"not_picked":["Doom and Gloom","Compile Driver"],"picked":"Loop","floor":6.0},{"not_picked":["All For One","Beam Cell"],"picked":"Cold Snap","floor":8.0},{"not_picked":["Auto Shields+1","Gash"],"picked":"Double Energy+1","floor":10.0},{"not_picked":["Beam Cell","Compile Driver"],"picked":"Sunder","floor":11.0},{"not_picked":["Steam Power+1","Compile Driver"],"picked":"Redo+1","floor":13.0},{"not_picked":["Seek+1","Fission+1"],"picked":"Biased Cognition","floor":16.0},{"not_picked":["Streamline","Go for the Eyes"],"picked":"Loop","floor":18.0},{"not_picked":["Auto Shields+1","Hello World"],"picked":"Barrage","floor":21.0},{"not_picked":["Rebound","Turbo+1"],"picked":"Defragment","floor":22.0},{"not_picked":["Rebound+1","Double Energy+1"],"picked":"Cold Snap+1","floor":24.0},{"not_picked":["Reprogram+1","Steam+1"],"picked":"Leap+1","floor":27.0},{"not_picked":["Stack+1","Doom and Gloom"],"picked":"White Noise+1","floor":28.0},{"not_picked":["Skim+1","BootSequence+1"],"picked":"Multi-Cast+1","floor":31.0},{"not_picked":["Biased Cognition","Rainbow+1"],"picked":"Creative AI","floor":33.0},{"not_picked":["Sweeping Beam+1","Leap+1"],"picked":"Loop+1","floor":35},{"not_picked":["Cold Snap+1","Barrage+1"],"picked":"Fusion+1","floor":38},{"not_picked":["Beam Cell","Barrage"],"picked":"Conserve Battery+1","floor":40},{"not_picked":["Turbo+1","Rebound"],"picked":"Coolheaded+1","floor":41},{"not_picked":["Ball Lightning+1","Redo+1"],"picked":"Reboot+1","floor":42},{"not_picked":["Coolheaded+1","Cold Snap+1"],"picked":"Leap+1","floor":44},{"not_picked":["Leap+1","Self Repair+1"],"picked":"Consume+1","floor":46},{"not_picked":["Gash","Darkness+1"],"picked":"Reinforced Body+1","floor":47},{"not_picked":["Gash","Coolheaded+1","Cold Snap+1"],"picked":"SKIP","floor":48}],"player_experience":426522,"relics_obtained":[{"floor":6.0,"key":"Vajra"},{"floor":8.0,"key":"Orichalcum"},{"floor":9.0,"key":"Bag of Marbles"},{"floor":10.0,"key":"Ancient Tea Set"},{"floor":24.0,"key":"Red Mask"},{"floor":26.0,"key":"Kunai"},{"floor":31.0,"key":"Bronze Scales"},{"floor":37,"key":"Turnip"},{"floor":43,"key":"Juzu Bracelet"}],"event_choices":[{"damage_healed":0.0,"max_hp_gain":0.0,"max_hp_loss":0.0,"gold_gain":0.0,"event_name":"Shining Light","player_choice":"Entered Light","floor":3.0,"gold_loss":0.0,"damage_taken":14.0,"cards_upgraded":["Strike_B","Defend_B"]},{"damage_healed":0.0,"max_hp_gain":0.0,"max_hp_loss":0.0,"gold_gain":0.0,"event_name":"Upgrade Shrine","player_choice":"Upgraded","floor":14.0,"gold_loss":0.0,"damage_taken":0.0,"cards_upgraded":["Zap"]},{"damage_healed":0.0,"max_hp_gain":0.0,"max_hp_loss":0.0,"gold_gain":0.0,"event_name":"Colosseum","player_choice":"Fight","floor":19.0,"gold_loss":0.0,"damage_taken":0.0},{"damage_healed":0.0,"max_hp_gain":0.0,"max_hp_loss":0.0,"gold_gain":0.0,"event_name":"Colosseum","player_choice":"Fled From Nobs","floor":19.0,"gold_loss":0.0,"damage_taken":0.0},{"damage_healed":0.0,"max_hp_gain":0.0,"max_hp_loss":0.0,"gold_gain":0.0,"event_name":"Lab","player_choice":"Got Potions","floor":20.0,"gold_loss":0.0,"damage_taken":0.0},{"damage_healed":0.0,"max_hp_gain":0.0,"max_hp_loss":0.0,"gold_gain":0.0,"event_name":"Masked Bandits","player_choice":"Fought Bandits","floor":24.0,"gold_loss":0.0,"damage_taken":0.0},{"damage_healed":0.0,"max_hp_gain":0.0,"max_hp_loss":0.0,"gold_gain":99.0,"event_name":"Nest","player_choice":"Stole From Cult","floor":29.0,"gold_loss":0.0,"damage_taken":0.0},{"damage_healed":0,"gold_gain":222,"player_choice":"Wore Mask","damage_taken":0,"max_hp_gain":0,"max_hp_loss":0,"event_name":"Tomb of Lord Red Mask","floor":36,"gold_loss":0},{"damage_healed":0,"gold_gain":0,"player_choice":"Fight","damage_taken":0,"max_hp_gain":0,"max_hp_loss":0,"event_name":"MindBloom","floor":37,"gold_loss":0}],"is_beta":false,"boss_relics":[{"not_picked":["Empty Cage","Black Star"],"picked":"Inserter"},{"not_picked":["Astrolabe","White Beast Statue"],"picked":"Lizard Tail"}],"items_purged_floors":[39],"is_endless":false,"potions_floor_spawned":[2,4,13,16,21,22,28,38,42,46,47],"ascension_level":10}