{"gold_per_floor":[117,130,140,140,157,157,188,188,188,28,28,42,42,68,68,139,139,139],"floor_reached":18,"playtime":4031,"items_purged":[],"score":289,"play_id":"13f312fa-3912-40b5-831d-93109749c4fa","local_time":"20190225170412","is_ascension_mode":true,"campfire_choices":[{"data":"Predator","floor":6.0,"key":"SMITH"},{"floor":8.0,"key":"REST"},{"data":"Noxious Fumes","floor":11.0,"key":"SMITH"},{"floor":15.0,"key":"REST"}],"neow_cost":"NONE","seed_source_timestamp":0,"circlet_count":0,"master_deck":["AscendersBane","Defend_G","Defend_G","Defend_G","Defend_G","Defend_G","Strike_G","Strike_G","Strike_G","Strike_G","Strike_G","Survivor","Neutralize","Dagger Spray","Predator+1","Crippling Poison","Well Laid Plans","Bouncing Flask","Noxious Fumes+1","Escape Plan","Dodge and Roll","Blur","After Image"],"special_seed":0,"relics":["Ring of the Snake","NeowsBlessing","Ginger","Dead Branch","FossilizedHelix","Bag of Preparation","Runic Pyramid"],"potions_floor_usage":[],"damage_taken":[{"damage":0.0,"enemies":"Small Slimes","floor":1.0,"turns":1.0},{"damage":0.0,"enemies":"Cultist","floor":2.0,"turns":1.0},{"damage":0.0,"enemies":"2 Louse","floor":3.0,"turns":1.0},{"damage":0.0,"enemies":"Gremlin Gang","floor":5.0,"turns":3.0},{"damage":32.0,"enemies":"3 Sentries","floor":7.0,"turns":6.0},{"damage":8.0,"enemies":"Blue Slaver","floor":12.0,"turns":4.0},{"damage":6.0,"enemies":"Lagavulin","floor":14.0,"turns":8.0},{"damage":38.0,"enemies":"Slime Boss","floor":16.0,"turns":8.0},{"damage":0,"enemies":"Spheric Guardian","floor":18,"turns":1}],"seed_played":"-5148492619692658879","potions_obtained":[{"floor":1.0,"key":"Block Potion"},{"floor":12.0,"key":"PowerPotion"},{"floor":14.0,"key":"GamblersBrew"},{"floor":16.0,"key":"AttackPotion"}],"is_trial":false,"path_per_floor":["M","M","M","?","M","R","E","R","T","$","R","M","?","E","R","B",null,"M"],"character_chosen":"THE_SILENT","items_purchased":["Noxious Fumes","Escape Plan","Block Potion"],"campfire_rested":2,"item_purchase_floors":[10,10,10],"current_hp_per_floor":[59,59,59,53,53,53,21,40,40,40,40,32,32,26,45,7,51,51],"gold":139,"neow_bonus":"THREE_ENEMY_KILL","is_prod":false,"is_daily":false,"chose_seed":false,"campfire_upgraded":2,"win_rate":0,"timestamp":1551110652,"path_taken":["M","M","M","?","?","R","E","R","T","$","R","?","?","E","R","BOSS","M"],"build_version":"2019-01-23","purchased_purges":0,"victory":false,"max_hp_per_floor":[66,66,66,66,66,66,66,66,66,66,66,66,66,66,66,66,66,66],"card_choices":[{"not_picked":["Finisher","Slice"],"picked":"Dagger Spray","floor":1.0},{"not_picked":["Dagger Throw","Riddle With Holes"],"picked":"Predator","floor":2.0},{"not_picked":["Skewer","Dagger Spray"],"picked":"Crippling Poison","floor":3.0},{"not_picked":["Deflect","Distraction"],"picked":"Well Laid Plans","floor":5.0},{"not_picked":["Concentrate","Masterful Stab"],"picked":"Bouncing Flask","floor":7.0},{"not_picked":["Skewer","Acrobatics"],"picked":"Dodge and Roll","floor":12.0},{"not_picked":["Outmaneuver","Sucker Punch"],"picked":"Blur","floor":14.0},{"not_picked":["Malaise","Glass Knife"],"picked":"After Image","floor":16.0}],"player_experience":2320754,"relics_obtained":[{"floor":7.0,"key":"Ginger"},{"floor":9.0,"key":"Dead Branch"},{"floor":14.0,"key":"Bag of Preparation"}],"event_choices":[{"damage_healed":0.0,"max_hp_gain":0.0,"max_hp_loss":0.0,"gold_gain":0.0,"event_name":"Wheel of Change","player_choice":"Damaged","floor":4.0,"gold_loss":0.0,"damage_taken":6.0},{"damage_healed":0.0,"max_hp_gain":0.0,"max_hp_loss":0.0,"gold_gain":0.0,"event_name":"WeMeetAgain","player_choice":"Gave Potion","floor":13.0,"gold_loss":0.0,"damage_taken":0.0,"relics_obtained":["FossilizedHelix"]}],"is_beta":false,"boss_relics":[{"not_picked":["Coffee Dripper","Cursed Key"],"picked":"Runic Pyramid"}],"items_purged_floors":[],"is_endless":false,"potions_floor_spawned":[1,12,14,16],"killed_by":"Spheric Guardian","ascension_level":14}