{"gold_per_floor":[112,122,9,9,9,21,21,46,46,46,59,59,130,151,151,151],"floor_reached":16,"playtime":814,"items_purged":["Decay"],"score":155,"play_id":"c86e8362-b161-4796-a4fd-ee5b88eed4f4","local_time":"20180928171317","is_ascension_mode":true,"campfire_choices":[{"data":"Uppercut","floor":12,"key":"SMITH"},{"floor":15,"key":"REST"}],"neow_cost":"CURSE","seed_source_timestamp":195830075921684,"circlet_count":0,"master_deck":["Strike_R","Strike_R","Strike_R","Strike_R","Strike_R","Defend_R","Defend_R","Defend_R","Defend_R","Bash","AscendersBane","Disarm","Thunderclap","Evolve","Flame Barrier","Uppercut+1","Ghostly Armor"],"relics":["Burning Blood","Torii","Singing Bowl","Anchor","Pantograph","Golden Idol","Mango"],"potions_floor_usage":[8,8,13,14],"damage_taken":[{"damage":12,"enemies":"Small Slimes","floor":1,"turns":4},{"damage":12,"enemies":"Jaw Worm","floor":2,"turns":5},{"damage":1,"enemies":"Cultist","floor":6,"turns":3},{"damage":28,"enemies":"Gremlin Nob","floor":8,"turns":5},{"damage":22,"enemies":"Large Slime","floor":11,"turns":8},{"damage":23,"enemies":"Gremlin Nob","floor":13,"turns":4},{"damage":15,"enemies":"Exordium Thugs","floor":14,"turns":6},{"damage":71,"enemies":"Slime Boss","floor":16,"turns":14}],"seed_played":"2927529426833891150","potions_obtained":[{"floor":2,"key":"Energy Potion"},{"floor":6,"key":"Block Potion"},{"floor":8,"key":"PowerPotion"},{"floor":13,"key":"AttackPotion"},{"floor":14,"key":"Weak Potion"}],"is_trial":false,"path_per_floor":["M","M","$","?","$","M","?","E","T","?","M","R","?","M","R"],"character_chosen":"IRONCLAD","items_purchased":["Evolve"],"campfire_rested":1,"item_purchase_floors":[3],"current_hp_per_floor":[66,60,60,53,53,58,58,36,36,36,22,22,19,12,39,0],"gold":151,"neow_bonus":"ONE_RARE_RELIC","is_prod":false,"is_daily":false,"chose_seed":false,"campfire_upgraded":1,"win_rate":0,"timestamp":1538147597,"path_taken":["M","M","$","?","$","?","?","E","T","?","?","R","?","M","R","BOSS"],"build_version":"2018-09-27","purchased_purges":1,"victory":false,"max_hp_per_floor":[80,80,80,80,80,80,80,80,80,74,76,76,90,92,92,92],"card_choices":[{"not_picked":["Pummel","Anger"],"picked":"Disarm","floor":1},{"not_picked":["Headbutt","Body Slam"],"picked":"Thunderclap","floor":2},{"not_picked":["Wild Strike","Battle Trance"],"picked":"Flame Barrier","floor":6},{"not_picked":["Feel No Pain","Body Slam"],"picked":"Uppercut","floor":8},{"not_picked":["Rage","Iron Wave","Flame Barrier"],"picked":"Singing Bowl","floor":11},{"not_picked":["Iron Wave","Second Wind"],"picked":"Ghostly Armor","floor":13},{"not_picked":["Limit Break","Perfected Strike","Headbutt"],"picked":"Singing Bowl","floor":14}],"player_experience":449197,"relics_obtained":[{"floor":8,"key":"Anchor"},{"floor":9,"key":"Pantograph"}],"event_choices":[{"event_name":"Scrap Ooze","player_choice":"success","floor":4,"damage_taken":7},{"event_name":"Match and Keep!","player_choice":"0 cards matched","floor":7,"damage_taken":0},{"event_name":"Golden Idol","player_choice":"Lose Max HP","floor":10,"damage_taken":0},{"event_name":"Dead Adventurer","player_choice":"Searched \u00273\u0027 times","floor":13,"damage_taken":0}],"is_beta":false,"boss_relics":[],"items_purged_floors":[3],"is_endless":false,"potions_floor_spawned":[2,6,8,13,14],"killed_by":"Slime Boss","ascension_level":11}