{"gold_per_floor":[15,25,25,42,57,57,84,84,84,84,117,128,153,6,6,80,80,99,99,99,18,34,59,59,87,87,101,101],"floor_reached":28,"playtime":2521,"items_purged":[],"score":483,"play_id":"6dca63ad-8dab-4c8c-89fd-f86962c1b6ed","local_time":"20190223170740","is_ascension_mode":true,"campfire_choices":[{"floor":6,"key":"REST"},{"data":"1","floor":8,"key":"LIFT"},{"floor":15,"key":"REST"},{"floor":24,"key":"REST"}],"neow_cost":"NO_GOLD","seed_source_timestamp":235593731204873,"circlet_count":0,"master_deck":["AscendersBane","Defend_G","Defend_G","Defend_G","Defend_G","Defend_G","Strike_G","Strike_G","Survivor","Neutralize","Dagger Spray","Well Laid Plans","Escape Plan+1","PiercingWail","Tools of the Trade","Masterful Stab","Leg Sweep","Footwork","Glass Knife","Deadly Poison+1","Noxious Fumes","Flying Knee+1","Well Laid Plans","Corpse Explosion","Deflect+1"],"relics":["Ring of the Snake","Girya","Happy Flower","Gremlin Horn","Nunchaku","Smiling Mask","Ancient Tea Set","Black Star","War Paint","Regal Pillow","The Courier","Blood Vial","Dream Catcher"],"potions_floor_usage":[5,7,11,16,23,27,27],"damage_taken":[{"damage":12,"enemies":"Jaw Worm","floor":1,"turns":7},{"damage":6,"enemies":"Cultist","floor":2,"turns":4},{"damage":1,"enemies":"2 Louse","floor":4,"turns":2},{"damage":13,"enemies":"Exordium Thugs","floor":5,"turns":5},{"damage":15,"enemies":"3 Sentries","floor":7,"turns":7},{"damage":7,"enemies":"Lagavulin","floor":11,"turns":7},{"damage":0,"enemies":"Looter","floor":12,"turns":3},{"damage":6,"enemies":"3 Sentries","floor":13,"turns":7},{"damage":25,"enemies":"Slime Boss","floor":16,"turns":18},{"damage":11,"enemies":"Spheric Guardian","floor":18,"turns":5},{"damage":14,"enemies":"Shell Parasite","floor":22,"turns":7},{"damage":8,"enemies":"Gremlin Leader","floor":23,"turns":6},{"damage":40,"enemies":"Book of Stabbing","floor":25,"turns":8},{"damage":15,"enemies":"Centurion and Healer","floor":27,"turns":7},{"damage":4,"enemies":"Shelled Parasite and Fungi","floor":28,"turns":1}],"seed_played":"-3809264565891261136","potions_obtained":[{"floor":2,"key":"EssenceOfSteel"},{"floor":5,"key":"AttackPotion"},{"floor":7,"key":"Swift Potion"},{"floor":12,"key":"Fire Potion"},{"floor":16,"key":"Poison Potion"},{"floor":20,"key":"Energy Potion"},{"floor":22,"key":"PowerPotion"},{"floor":23,"key":"Strength Potion"}],"is_trial":false,"path_per_floor":["M","M","?","M","M","R","E","R","T","?","E","M","E","$","R","B",null,"M","?","?","$","M","E","R","E","T","M","M"],"character_chosen":"THE_SILENT","items_purchased":["Ancient Tea Set","Noxious Fumes"],"campfire_rested":3,"item_purchase_floors":[14,21],"current_hp_per_floor":[47,41,41,40,27,46,31,31,31,31,24,24,18,18,37,12,53,42,42,42,42,28,20,54,14,14,1,0],"gold":101,"neow_bonus":"ONE_RARE_RELIC","is_prod":false,"is_daily":false,"chose_seed":false,"campfire_upgraded":0,"win_rate":0,"timestamp":1550970460,"path_taken":["M","M","?","?","M","R","E","R","T","?","E","M","E","?","R","BOSS","M","?","?","$","?","E","R","E","T","M","M"],"build_version":"2019-01-23","purchased_purges":0,"victory":false,"max_hp_per_floor":[66,66,66,66,66,66,66,66,66,66,66,66,66,66,66,66,66,66,66,66,66,66,66,66,66,66,66,66],"card_choices":[{"not_picked":["Sucker Punch","Bane"],"picked":"Dagger Spray","floor":1},{"not_picked":["Reflex","Crippling Poison"],"picked":"Well Laid Plans","floor":2},{"not_picked":["PiercingWail","Acrobatics"],"picked":"Escape Plan","floor":4},{"not_picked":["Dodge and Roll","Acrobatics"],"picked":"PiercingWail","floor":5},{"not_picked":["All Out Attack","Concentrate"],"picked":"Tools of the Trade","floor":7},{"not_picked":["Predator","Calculated Gamble"],"picked":"Leg Sweep","floor":11},{"not_picked":["Escape Plan","Outmaneuver","Slice"],"picked":"SKIP","floor":12},{"not_picked":["Adrenaline","Caltrops"],"picked":"Footwork","floor":13},{"not_picked":["Burst","Storm of Steel"],"picked":"Glass Knife","floor":16},{"not_picked":["Slice","PiercingWail"],"picked":"Deadly Poison","floor":18},{"not_picked":["Dagger Spray","Acrobatics"],"picked":"Flying Knee+1","floor":22},{"not_picked":["Skewer","Escape Plan"],"picked":"Well Laid Plans","floor":23},{"not_picked":["Dagger Spray","Eviscerate"],"picked":"Corpse Explosion","floor":25},{"not_picked":["Dagger Throw","Outmaneuver+1"],"picked":"Deflect+1","floor":27}],"player_experience":233496,"relics_obtained":[{"floor":7,"key":"Happy Flower"},{"floor":9,"key":"Gremlin Horn"},{"floor":11,"key":"Nunchaku"},{"floor":13,"key":"Smiling Mask"},{"floor":23,"key":"War Paint"},{"floor":23,"key":"Regal Pillow"},{"floor":25,"key":"The Courier"},{"floor":25,"key":"Blood Vial"},{"floor":26,"key":"Dream Catcher"}],"event_choices":[{"cards_removed":["Strike_G"],"damage_healed":0,"gold_gain":0,"player_choice":"Offered Basic","damage_taken":0,"max_hp_gain":0,"max_hp_loss":0,"event_name":"Bonfire Elementals","floor":3,"gold_loss":0},{"damage_healed":0,"gold_gain":0,"cards_transformed":["Strike_G"],"player_choice":"Transformed","damage_taken":0,"max_hp_gain":0,"max_hp_loss":0,"event_name":"Transmorgrifier","floor":10,"gold_loss":0,"cards_obtained":["Masterful Stab"]},{"cards_removed":["Strike_G"],"damage_healed":0,"gold_gain":0,"player_choice":"Elegance","damage_taken":0,"max_hp_gain":0,"max_hp_loss":0,"event_name":"Back to Basics","floor":19,"gold_loss":0},{"damage_healed":0,"gold_gain":0,"player_choice":"Got Potions","damage_taken":0,"max_hp_gain":0,"max_hp_loss":0,"event_name":"Lab","floor":20,"gold_loss":0}],"is_beta":false,"boss_relics":[{"not_picked":["Calling Bell","Ring of the Serpent"],"picked":"Black Star"}],"items_purged_floors":[],"is_endless":false,"potions_floor_spawned":[2,5,7,12,16,22,23,25],"killed_by":"Shelled Parasite and Fungi","ascension_level":15}