{"gold_per_floor":[116,41,41,55,55,55,81,81,81,100,110,110,124,49,49,49],"floor_reached":16,"playtime":428,"items_purged":[],"score":180,"play_id":"d12e9b93-f688-42a6-814f-20d336e8744e","local_time":"20181030184533","is_ascension_mode":true,"campfire_choices":[{"data":"Tempest","floor":6,"key":"SMITH"},{"data":"Hologram","floor":8,"key":"SMITH"},{"data":"Consume","floor":15,"key":"SMITH"}],"neow_cost":"PERCENT_DAMAGE","seed_source_timestamp":282060708538389,"circlet_count":0,"master_deck":["Strike_B+1","Strike_B","Defend_B","Defend_B","Zap","Dualcast","AscendersBane","Tempest+1","Recycle","Conserve Battery","Beam Cell+1","Hologram+1","Self Repair","Coolheaded","Consume+1","Core Surge"],"relics":["Cracked Core","Whetstone","Pocketwatch","Matryoshka"],"potions_floor_usage":[7],"damage_taken":[{"damage":1,"enemies":"2 Louse","floor":1,"turns":3},{"damage":2,"enemies":"Jaw Worm","floor":4,"turns":4},{"damage":30,"enemies":"3 Sentries","floor":7,"turns":4},{"damage":0,"enemies":"Cultist","floor":10,"turns":3},{"damage":5,"enemies":"Large Slime","floor":11,"turns":6},{"damage":1,"enemies":"2 Fungi Beasts","floor":13,"turns":3},{"damage":32,"enemies":"Slime Boss","floor":16,"turns":5}],"seed_played":"-5380183641738686159","potions_obtained":[{"floor":1,"key":"Ancient Potion"},{"floor":4,"key":"Explosive Potion"}],"is_trial":false,"path_per_floor":["M","?","$","M","?","R","E","R","T","M","M","?","M","$","R"],"character_chosen":"DEFECT","items_purchased":["Core Surge"],"campfire_rested":0,"item_purchase_floors":[14],"current_hp_per_floor":[45,45,45,43,43,43,13,13,13,13,15,15,21,21,21,0],"gold":49,"neow_bonus":"TRANSFORM_TWO_CARDS","is_prod":false,"is_daily":false,"chose_seed":false,"campfire_upgraded":3,"win_rate":0,"timestamp":1540921533,"path_taken":["M","?","$","M","?","R","E","R","T","M","M","?","M","$","R","BOSS"],"build_version":"2018-10-25v2","purchased_purges":0,"victory":false,"max_hp_per_floor":[71,71,71,71,71,71,71,71,71,71,71,71,71,71,71,71],"card_choices":[{"not_picked":["Reprogram","Hologram"],"picked":"Conserve Battery","floor":1},{"not_picked":["Steam","Barrage"],"picked":"Beam Cell","floor":4},{"not_picked":["Conserve Battery","Force Field"],"picked":"Hologram","floor":7},{"not_picked":["Gash","Steam"],"picked":"Self Repair","floor":10},{"not_picked":["Darkness","Steam"],"picked":"Coolheaded","floor":11},{"not_picked":["Sweeping Beam","Streamline"],"picked":"Consume","floor":13}],"player_experience":602546,"relics_obtained":[{"floor":7,"key":"Whetstone"},{"floor":9,"key":"Pocketwatch"}],"event_choices":[{"cards_removed":["Defend_B"],"damage_healed":0,"gold_gain":0,"player_choice":"Card Removal","damage_taken":0,"max_hp_gain":0,"max_hp_loss":0,"event_name":"The Cleric","floor":2,"gold_loss":75},{"cards_removed":["Defend_B"],"damage_healed":0,"gold_gain":0,"player_choice":"Offered Basic","damage_taken":0,"max_hp_gain":0,"max_hp_loss":0,"event_name":"Bonfire Elementals","floor":5,"gold_loss":0},{"damage_healed":0,"gold_gain":0,"player_choice":"Searched \u00271\u0027 times","damage_taken":0,"relics_obtained":["Matryoshka"],"max_hp_gain":0,"max_hp_loss":0,"event_name":"Dead Adventurer","floor":12,"gold_loss":0}],"is_beta":false,"boss_relics":[],"items_purged_floors":[],"is_endless":false,"potions_floor_spawned":[1,4],"killed_by":"Slime Boss","ascension_level":16}