{"gold_per_floor":[118,41,59,59,71,71,106,136,159,19,19,50,63,74,74,74],"floor_reached":16,"playtime":1444,"items_purged":[],"score":248,"play_id":"c2729b7a-2cee-4ef4-a6cc-7fa7b98f1b38","local_time":"20180930201955","is_ascension_mode":true,"campfire_choices":[{"data":"Clothesline","floor":6,"key":"SMITH"},{"floor":11,"key":"REST"},{"data":"Heavy Blade","floor":15,"key":"SMITH"}],"neow_cost":"NONE","seed_source_timestamp":379203972510743,"circlet_count":0,"master_deck":["Strike_R","Strike_R","Strike_R","Strike_R","Strike_R","Defend_R","Defend_R","Defend_R","Defend_R","Bash+1","AscendersBane","Spot Weakness","Heavy Blade+1","Clothesline+1","Shrug It Off","Pummel","Panacea","Shrug It Off","Battle Trance","Reaper","Flex"],"relics":["Burning Blood","Anchor","Girya","Dream Catcher","Smiling Mask","Magic Flower"],"potions_floor_usage":[7],"damage_taken":[{"damage":9,"enemies":"Jaw Worm","floor":1,"turns":3},{"damage":11,"enemies":"Cultist","floor":3,"turns":4},{"damage":0,"enemies":"2 Louse","floor":5,"turns":3},{"damage":28,"enemies":"3 Sentries","floor":7,"turns":7},{"damage":23,"enemies":"Gremlin Nob","floor":8,"turns":4},{"damage":30,"enemies":"Lagavulin","floor":12,"turns":5},{"damage":11,"enemies":"Exordium Thugs","floor":13,"turns":4},{"damage":1,"enemies":"Red Slaver","floor":14,"turns":3}],"seed_played":"4084510242641090056","potions_obtained":[{"floor":5,"key":"Block Potion"},{"floor":7,"key":"SmokeBomb"},{"floor":8,"key":"Strength Potion"}],"is_trial":false,"path_per_floor":["M","?","M","?","M","R","?","E","T","$","R","E","M","M","R"],"character_chosen":"IRONCLAD","items_purchased":["Panacea","Shrug It Off"],"campfire_rested":1,"item_purchase_floors":[10,10],"current_hp_per_floor":[69,69,64,80,80,80,58,41,41,41,65,41,39,47,47,0],"gold":74,"neow_bonus":"UPGRADE_CARD","is_prod":false,"is_daily":false,"chose_seed":false,"campfire_upgraded":2,"win_rate":0,"timestamp":1538331595,"path_taken":["M","?","M","?","?","R","?","E","T","?","R","E","M","M","R","BOSS"],"build_version":"2018-09-27","purchased_purges":0,"victory":false,"max_hp_per_floor":[80,80,80,80,80,80,80,80,80,80,80,80,80,80,80,80],"card_choices":[{"not_picked":["Clothesline","Inflame"],"picked":"Spot Weakness","floor":1},{"not_picked":["Carnage","Havoc"],"picked":"Heavy Blade","floor":3},{"not_picked":["Anger","Wild Strike"],"picked":"Clothesline","floor":5},{"not_picked":["Cleave","Reckless Charge"],"picked":"Shrug It Off","floor":7},{"not_picked":["Spot Weakness","Wild Strike"],"picked":"Pummel","floor":8},{"not_picked":["Flex","Power Through"],"picked":"Battle Trance","floor":12},{"not_picked":["Anger","Headbutt"],"picked":"Reaper","floor":13},{"not_picked":["Sever Soul","Sword Boomerang"],"picked":"Flex","floor":14}],"player_experience":471225,"relics_obtained":[{"floor":7,"key":"Girya"},{"floor":8,"key":"Dream Catcher"},{"floor":9,"key":"Smiling Mask"},{"floor":12,"key":"Magic Flower"}],"event_choices":[{"event_name":"WeMeetAgain","player_choice":"Gold","floor":2,"damage_taken":0},{"event_name":"Big Fish","player_choice":"Banana","floor":4,"damage_taken":0},{"event_name":"Dead Adventurer","player_choice":"Searched \u00272\u0027 times","floor":7,"damage_taken":0}],"is_beta":false,"boss_relics":[],"items_purged_floors":[],"is_endless":false,"potions_floor_spawned":[5,7,8],"killed_by":"The Guardian","ascension_level":11}