{"gold_per_floor":[119,136,136,211,211,244,257,257,335,361,381,381,398,423,423,496,496,514,564,518,535,485,485,119,119,196,224,11,11,35,47,47,126,126,138,153,153,168,168,168,184,184,184,184,284,18,37,65,65,65],"floor_reached":51,"playtime":1946,"items_purged":["Strike_G"],"score":1419,"play_id":"69d1b5a1-7442-42ea-8f5d-eee0d41f511d","local_time":"20190111020214","is_ascension_mode":true,"campfire_choices":[{"data":"A Thousand Cuts","floor":8,"key":"SMITH"},{"data":"Footwork","floor":12,"key":"SMITH"},{"floor":15,"key":"REST"},{"floor":23,"key":"REST"},{"data":"Acrobatics","floor":25,"key":"SMITH"},{"floor":29,"key":"REST"},{"data":"Neutralize","floor":32,"key":"SMITH"},{"data":"Envenom","floor":40,"key":"SMITH"},{"floor":42,"key":"REST"},{"data":"Footwork","floor":44,"key":"SMITH"},{"floor":49,"key":"REST"}],"neow_cost":"NONE","seed_source_timestamp":1775046072082613,"circlet_count":0,"master_deck":["AscendersBane","Defend_G","Defend_G","Defend_G","Defend_G","Defend_G","Strike_G","Strike_G","Strike_G","Strike_G","Survivor","Neutralize+1","Deflect","Dash","A Thousand Cuts+1","PiercingWail","Noxious Fumes+1","Footwork+1","Deflect+1","Glass Knife+1","Bane+1","Discovery+1","Acrobatics+1","Flechettes+1","Backstab+1","Envenom+1","Deflect","Deflect+1","Poisoned Stab+1","Footwork+1","Cloak And Dagger","Dodge and Roll+1","Acrobatics","Writhe","Parasite","Crippling Poison"],"relics":["Ring of the Snake","NeowsBlessing","Smiling Mask","Vajra","Molten Egg 2","Bag of Preparation","PreservedInsect","Busted Crown","Lantern","Question Card","War Paint","OrangePellets","Orichalcum","Orrery","Gambling Chip","Ginger","Paper Crane","Nunchaku"],"potions_floor_usage":[10,14,16,18,33,36,41,50,50],"damage_taken":[{"damage":0,"enemies":"Small Slimes","floor":1,"turns":1},{"damage":0,"enemies":"2 Louse","floor":2,"turns":1},{"damage":0,"enemies":"Gremlin Nob","floor":6,"turns":1},{"damage":2,"enemies":"Jaw Worm","floor":7,"turns":5},{"damage":9,"enemies":"3 Sentries","floor":10,"turns":7},{"damage":3,"enemies":"2 Fungi Beasts","floor":11,"turns":4},{"damage":0,"enemies":"Red Slaver","floor":13,"turns":5},{"damage":0,"enemies":"Lagavulin","floor":14,"turns":7},{"damage":19,"enemies":"Slime Boss","floor":16,"turns":13},{"damage":4,"enemies":"Spheric Guardian","floor":18,"turns":6},{"damage":14,"enemies":"2 Thieves","floor":20,"turns":5},{"damage":0,"enemies":"Centurion and Healer","floor":21,"turns":7},{"damage":16,"enemies":"Slavers","floor":27,"turns":4},{"damage":10,"enemies":"Snake Plant","floor":31,"turns":2},{"damage":23,"enemies":"Collector","floor":33,"turns":7},{"damage":2,"enemies":"3 Shapes","floor":35,"turns":3},{"damage":22,"enemies":"3 Darklings","floor":36,"turns":6},{"damage":0,"enemies":"Writhing Mass","floor":38,"turns":9},{"damage":9,"enemies":"Spire Growth","floor":41,"turns":5},{"damage":0,"enemies":"Mind Bloom Boss Battle","floor":45,"turns":6},{"damage":4,"enemies":"Sphere and 2 Shapes","floor":47,"turns":5},{"damage":6,"enemies":"Nemesis","floor":48,"turns":9},{"damage":68,"enemies":"Time Eater","floor":50,"turns":15}],"seed_played":"-8228612043859017171","potions_obtained":[{"floor":2,"key":"Strength Potion"},{"floor":6,"key":"SpeedPotion"},{"floor":13,"key":"Poison Potion"},{"floor":16,"key":"Block Potion"},{"floor":27,"key":"FearPotion"},{"floor":31,"key":"PowerPotion"},{"floor":36,"key":"PowerPotion"},{"floor":41,"key":"SteroidPotion"},{"floor":48,"key":"LiquidBronze"}],"is_trial":false,"path_per_floor":["M","M","?","?","?","E","M","R","T","E","M","R","M","E","R","B",null,"M","?","M","M","?","R","$","R","T","E","$","R","T","M","R","B",null,"M","M","?","M","?","R","M","R","T","R","?","$","M","E","R","B",null],"character_chosen":"THE_SILENT","items_purchased":["Discovery","Lantern","Acrobatics","OrangePellets","Paper Crane"],"campfire_rested":5,"item_purchase_floors":[24,24,24,28,46],"current_hp_per_floor":[59,59,64,53,48,48,46,46,46,37,34,34,34,34,55,36,62,58,58,44,44,44,65,65,65,65,49,49,70,70,60,60,37,63,61,39,53,53,53,53,44,65,65,65,65,65,61,55,71,3],"gold":65,"neow_bonus":"THREE_ENEMY_KILL","is_prod":false,"is_daily":false,"chose_seed":false,"campfire_upgraded":6,"win_rate":0,"timestamp":1547168534,"path_taken":["M","M","?","?","?","E","?","R","T","E","M","R","M","E","R","BOSS","M","?","M","?","?","R","$","R","T","E","?","R","?","M","R","BOSS","M","M","?","M","?","R","M","R","T","R","?","$","M","E","R","BOSS"],"build_version":"2019-01-03v4","purchased_purges":1,"victory":true,"max_hp_per_floor":[66,66,71,71,71,71,71,71,71,71,71,71,71,71,71,71,71,71,71,71,71,71,71,71,71,71,71,71,71,71,71,71,71,71,71,71,71,71,71,71,71,71,71,71,71,71,71,71,71,71],"card_choices":[{"not_picked":["Prepared","Outmaneuver"],"picked":"Deflect","floor":1},{"not_picked":["Dagger Throw","Sucker Punch"],"picked":"Dash","floor":2},{"not_picked":["Unload","Masterful Stab"],"picked":"A Thousand Cuts","floor":6},{"not_picked":["Deflect","Blade Dance"],"picked":"PiercingWail","floor":7},{"not_picked":["Flying Knee+1","Tactician"],"picked":"Noxious Fumes","floor":10},{"not_picked":["Deflect","Riddle With Holes+1"],"picked":"Footwork","floor":11},{"not_picked":["Blade Dance","Prepared"],"picked":"Deflect","floor":13},{"not_picked":["Acrobatics","Cloak And Dagger","Eviscerate+1"],"picked":"SKIP","floor":14},{"not_picked":["Envenom","Doppelganger"],"picked":"Glass Knife+1","floor":16},{"not_picked":["Cloak And Dagger"],"picked":"SKIP","floor":18},{"not_picked":[],"picked":"Bane+1","floor":20},{"not_picked":["Slice+1"],"picked":"SKIP","floor":21},{"not_picked":["Underhanded Strike+1"],"picked":"Flechettes+1","floor":27},{"not_picked":["Masterful Stab+1"],"picked":"Backstab+1","floor":31},{"not_picked":["Grand Finale+1"],"picked":"Envenom","floor":33},{"not_picked":["Quick Slash+1"],"picked":"Deflect","floor":34},{"not_picked":["Slice+1"],"picked":"Deflect+1","floor":34},{"not_picked":["All Out Attack+1"],"picked":"Poisoned Stab+1","floor":34},{"not_picked":["Caltrops+1"],"picked":"Footwork","floor":34},{"not_picked":["Outmaneuver"],"picked":"Cloak And Dagger","floor":34},{"not_picked":["Deflect"],"picked":"Dodge and Roll+1","floor":35},{"not_picked":["Bane+1"],"picked":"Acrobatics","floor":36},{"not_picked":["Dagger Throw+1","Flying Knee+1"],"picked":"SKIP","floor":38},{"not_picked":["Masterful Stab+1","Riddle With Holes+1"],"picked":"SKIP","floor":41},{"not_picked":["Masterful Stab+1","Riddle With Holes+1"],"picked":"SKIP","floor":41},{"not_picked":["Underhanded Strike+1"],"picked":"Crippling Poison","floor":45},{"not_picked":["Endless Agony+1","PiercingWail"],"picked":"SKIP","floor":47},{"not_picked":["Prepared+1","Cloak And Dagger+1"],"picked":"SKIP","floor":48}],"player_experience":853441,"relics_obtained":[{"floor":6,"key":"Vajra"},{"floor":9,"key":"Molten Egg 2"},{"floor":10,"key":"Bag of Preparation"},{"floor":14,"key":"PreservedInsect"},{"floor":26,"key":"Question Card"},{"floor":27,"key":"War Paint"},{"floor":30,"key":"Orichalcum"},{"floor":43,"key":"Gambling Chip"},{"floor":45,"key":"Ginger"},{"floor":48,"key":"Nunchaku"}],"event_choices":[{"damage_healed":0,"gold_gain":0,"player_choice":"Donut","damage_taken":0,"max_hp_gain":5,"max_hp_loss":0,"event_name":"Big Fish","floor":3,"gold_loss":0},{"damage_healed":0,"gold_gain":75,"player_choice":"Gather Gold","damage_taken":11,"max_hp_gain":0,"max_hp_loss":0,"event_name":"World of Goop","floor":4,"gold_loss":0},{"damage_healed":0,"gold_gain":0,"player_choice":"Success","damage_taken":5,"relics_obtained":["Smiling Mask"],"max_hp_gain":0,"max_hp_loss":0,"event_name":"Scrap Ooze","floor":5,"gold_loss":0},{"damage_healed":0,"gold_gain":50,"player_choice":"Pray","damage_taken":0,"max_hp_gain":0,"max_hp_loss":0,"event_name":"Golden Shrine","floor":19,"gold_loss":0},{"damage_healed":0,"gold_gain":0,"player_choice":"Upgrade","damage_taken":0,"max_hp_gain":0,"max_hp_loss":0,"event_name":"Designer","floor":22,"gold_loss":50,"cards_upgraded":["Noxious Fumes"]},{"damage_healed":14,"gold_gain":0,"player_choice":"Writhe","damage_taken":0,"max_hp_gain":0,"max_hp_loss":0,"event_name":"Winding Halls","floor":37,"gold_loss":0,"cards_obtained":["Writhe"]},{"damage_healed":0,"gold_gain":0,"player_choice":"Memory 1","damage_taken":0,"max_hp_gain":0,"max_hp_loss":0,"event_name":"SensoryStone","floor":39,"gold_loss":0},{"damage_healed":0,"gold_gain":0,"player_choice":"Fight","damage_taken":0,"max_hp_gain":0,"max_hp_loss":0,"event_name":"MindBloom","floor":45,"gold_loss":0}],"is_beta":false,"boss_relics":[{"not_picked":["White Beast Statue","Black Star"],"picked":"Busted Crown"},{"not_picked":["HoveringKite","Snecko Eye"],"picked":"Orrery"}],"items_purged_floors":[24],"is_endless":false,"potions_floor_spawned":[2,6,7,13,16,27,31,36,41,48],"ascension_level":17}