{"gold_per_floor":[110,185,34,34,48,81,81,97,175,209,226,261,281,292,292,369,369,385,41,141,141,19,19,38,38,38,69,81,81,98,126,126,126],"floor_reached":33,"playtime":2445,"items_purged":["Strike_R","Strike_R"],"score":586,"play_id":"1a37f545-9ab5-4d98-86a5-e43f30530067","local_time":"20190131000743","is_ascension_mode":true,"campfire_choices":[{"data":"Corruption","floor":15.0,"key":"SMITH"},{"data":"Body Slam","floor":23,"key":"SMITH"},{"data":"Body Slam","floor":25,"key":"SMITH"},{"data":"Body Slam","floor":29,"key":"SMITH"},{"data":"Feel No Pain","floor":32,"key":"SMITH"}],"neow_cost":"NONE","seed_source_timestamp":34747806139252,"circlet_count":0,"master_deck":["AscendersBane","Strike_R","Strike_R","Strike_R","Defend_R","Defend_R","Defend_R","Defend_R","Bash","Metallicize","Shockwave+1","Headbutt","Dropkick","Body Slam+1","Cleave","Impervious","Disarm","Blood for Blood","Corruption+1","Dropkick","Impervious","Feel No Pain","Body Slam+1","Power Through","Flex+1","Feel No Pain+1","Bandage Up","Sever Soul","Body Slam+1","Body Slam","Metallicize+1","Iron Wave","Thunderclap+1"],"special_seed":0,"relics":["Burning Blood","NeowsBlessing","Red Skull","Ornamental Fan","Ice Cream","StoneCalendar","Orrery","Question Card","WingedGreaves","Meat on the Bone","Sundial","Boot","Bottled Flame"],"potions_floor_usage":[16,20,31,33],"damage_taken":[{"damage":0.0,"enemies":"2 Louse","floor":1.0,"turns":1.0},{"damage":0.0,"enemies":"Jaw Worm","floor":5.0,"turns":1.0},{"damage":0.0,"enemies":"3 Sentries","floor":6.0,"turns":2.0},{"damage":7.0,"enemies":"Cultist","floor":8.0,"turns":4.0},{"damage":18.0,"enemies":"Lagavulin","floor":10.0,"turns":9.0},{"damage":1.0,"enemies":"Looter","floor":11.0,"turns":4.0},{"damage":29.0,"enemies":"3 Sentries","floor":12.0,"turns":7.0},{"damage":13.0,"enemies":"Lots of Slimes","floor":13.0,"turns":3.0},{"damage":8.0,"enemies":"Large Slime","floor":14.0,"turns":6.0},{"damage":8,"enemies":"The Guardian","floor":16,"turns":11},{"damage":0,"enemies":"Chosen","floor":18,"turns":7},{"damage":14,"enemies":"Colosseum Slavers","floor":20,"turns":6},{"damage":4,"enemies":"Colosseum Nobs","floor":20,"turns":5},{"damage":16,"enemies":"3 Byrds","floor":24,"turns":6},{"damage":21,"enemies":"Slavers","floor":27,"turns":6},{"damage":30,"enemies":"Sentry and Sphere","floor":28,"turns":7},{"damage":9,"enemies":"Chosen and Byrds","floor":30,"turns":7},{"damage":23,"enemies":"Book of Stabbing","floor":31,"turns":7},{"damage":73,"enemies":"Automaton","floor":33,"turns":6}],"seed_played":"6409678595750896848","potions_obtained":[{"floor":8.0,"key":"FearPotion"},{"floor":10.0,"key":"FearPotion"},{"floor":11.0,"key":"EssenceOfSteel"},{"floor":12.0,"key":"FearPotion"},{"floor":24,"key":"Ancient Potion"},{"floor":27,"key":"Block Potion"},{"floor":30,"key":"SpeedPotion"},{"floor":31,"key":"LiquidBronze"}],"is_trial":false,"path_per_floor":["?","?","M","?","$","?","?","M"],"character_chosen":"IRONCLAD","items_purchased":["Shockwave","Question Card","Bandage Up","Sever Soul"],"campfire_rested":0,"item_purchase_floors":[3,19,22,22],"current_hp_per_floor":[74,63,63,63,69,75,75,74,74,62,67,44,37,35,35,33,65,71,71,65,51,51,51,57,57,57,58,50,50,51,50,50,0],"gold":126,"neow_bonus":"THREE_ENEMY_KILL","is_prod":false,"is_daily":false,"chose_seed":false,"campfire_upgraded":5,"win_rate":0,"timestamp":1548864463,"path_taken":["M","?","$","?","?","E","?","M","T","E","M","E","M","M","R","BOSS","M","?","?","?","$","R","M","R","T","E","M","R","?","E","R","BOSS"],"build_version":"2019-01-23","purchased_purges":2,"victory":false,"max_hp_per_floor":[75,75,75,75,75,75,75,75,75,75,75,75,75,75,75,75,75,75,75,75,80,80,80,80,80,80,80,80,80,80,80,80,80],"card_choices":[{"not_picked":["Armaments","Anger"],"picked":"Metallicize","floor":1.0},{"not_picked":["Heavy Blade","Iron Wave"],"picked":"Headbutt","floor":5.0},{"not_picked":["Intimidate","Thunderclap"],"picked":"Dropkick","floor":6.0},{"not_picked":["Warcry","Bloodletting"],"picked":"Cleave","floor":8.0},{"not_picked":["Battle Trance","Armaments"],"picked":"Impervious","floor":10.0},{"not_picked":["Cleave","Entrench"],"picked":"Disarm","floor":11.0},{"not_picked":["Heavy Blade","Thunderclap"],"picked":"Blood for Blood","floor":12.0},{"not_picked":["Infernal Blade","Body Slam"],"picked":"Corruption","floor":13.0},{"not_picked":["Seeing Red","Pommel Strike"],"picked":"Dropkick","floor":14.0},{"not_picked":["Berserk","Barricade"],"picked":"Impervious","floor":16},{"not_picked":["Wild Strike","Cleave"],"picked":"Feel No Pain","floor":17},{"not_picked":["Flex","Armaments"],"picked":"Body Slam","floor":17},{"not_picked":["Body Slam","Heavy Blade"],"picked":"Power Through","floor":17},{"not_picked":["Reckless Charge","Perfected Strike"],"picked":"Flex+1","floor":18},{"not_picked":["Combust","Twin Strike+1","Double Tap"],"picked":"Feel No Pain","floor":20},{"not_picked":["Dual Wield+1","Disarm","Perfected Strike"],"picked":"Body Slam","floor":24},{"not_picked":["Rage","Clothesline","Sever Soul"],"picked":"Body Slam","floor":27},{"not_picked":["Dual Wield+1","Entrench","Wild Strike"],"picked":"Metallicize+1","floor":28},{"not_picked":["Heavy Blade","Sever Soul","Double Tap"],"picked":"Iron Wave","floor":30},{"not_picked":["Havoc","Combust","Second Wind"],"picked":"Thunderclap+1","floor":31}],"player_experience":167340,"relics_obtained":[{"floor":6.0,"key":"Red Skull"},{"floor":9.0,"key":"Ornamental Fan"},{"floor":10.0,"key":"Ice Cream"},{"floor":12.0,"key":"StoneCalendar"},{"floor":20,"key":"WingedGreaves"},{"floor":20,"key":"Meat on the Bone"},{"floor":26,"key":"Sundial"},{"floor":27,"key":"Boot"},{"floor":31,"key":"Bottled Flame"}],"event_choices":[{"damage_healed":0.0,"max_hp_gain":0.0,"max_hp_loss":0.0,"gold_gain":75.0,"event_name":"World of Goop","player_choice":"Gather Gold","floor":2.0,"gold_loss":0.0,"damage_taken":11.0},{"damage_healed":0.0,"max_hp_gain":0.0,"max_hp_loss":0.0,"gold_gain":0.0,"event_name":"Accursed Blacksmith","player_choice":"Forge","floor":4.0,"gold_loss":0.0,"damage_taken":0.0,"cards_upgraded":["Shockwave"]},{"damage_healed":0.0,"max_hp_gain":0.0,"max_hp_loss":0.0,"gold_gain":0.0,"event_name":"Match and Keep!","player_choice":"1 cards matched","floor":7.0,"gold_loss":0.0,"damage_taken":0.0,"cards_obtained":["Body Slam"]},{"damage_healed":0,"gold_gain":0,"player_choice":"Fight","damage_taken":0,"max_hp_gain":0,"max_hp_loss":0,"event_name":"Colosseum","floor":20,"gold_loss":0},{"damage_healed":0,"gold_gain":0,"player_choice":"Fought Nobs","damage_taken":0,"max_hp_gain":0,"max_hp_loss":0,"event_name":"Colosseum","floor":20,"gold_loss":0},{"damage_healed":0,"gold_gain":0,"player_choice":"Shed Blood","damage_taken":19,"max_hp_gain":5,"max_hp_loss":0,"event_name":"Forgotten Altar","floor":21,"gold_loss":0}],"is_beta":false,"boss_relics":[{"not_picked":["Calling Bell","Philosopher\u0027s Stone"],"picked":"Orrery"}],"items_purged_floors":[3,19],"is_endless":false,"potions_floor_spawned":[8,10,11,12,13,24,27,30,31],"killed_by":"Automaton","ascension_level":14}