{"gold_per_floor":[119,22,22,22,39,39,65,82,107,107,141,49,63,63,63,139,139,150,0,0,0,26,26,26,61,109,109,209,209],"floor_reached":29,"playtime":1423,"items_purged":[],"score":417,"play_id":"cca40626-6af1-4814-83d5-6c01ef4554c2","local_time":"20190130203142","is_ascension_mode":true,"campfire_choices":[{"data":"Flex","floor":6.0,"key":"SMITH"},{"data":"Bash","floor":10.0,"key":"SMITH"},{"floor":15.0,"key":"REST"},{"data":"Pommel Strike","floor":23.0,"key":"SMITH"},{"data":"Flex","floor":27.0,"key":"SMITH"}],"neow_cost":"NONE","seed_source_timestamp":22763878064381,"circlet_count":0,"master_deck":["AscendersBane","Strike_R","Strike_R","Strike_R","Defend_R","Defend_R+1","Defend_R","Defend_R","Bash+1","Thunderclap","Flex+1","Dropkick","Ghostly Armor+1","Flex+1","Intimidate","Panacea","Feed","Pommel Strike+1","Dropkick","Clash"],"special_seed":0,"relics":["Burning Blood","Oddly Smooth Stone","Bronze Scales","Mummified Hand","Eternal Feather","Happy Flower","Ice Cream","Potion Belt","Thread and Needle","Darkstone Periapt"],"potions_floor_usage":[],"damage_taken":[{"damage":5.0,"enemies":"2 Louse","floor":1.0,"turns":4.0},{"damage":1.0,"enemies":"Cultist","floor":5.0,"turns":3.0},{"damage":48.0,"enemies":"Lagavulin","floor":7.0,"turns":9.0},{"damage":0.0,"enemies":"Jaw Worm","floor":8.0,"turns":3.0},{"damage":18.0,"enemies":"Gremlin Nob","floor":11.0,"turns":3.0},{"damage":9.0,"enemies":"Exordium Wildlife","floor":13.0,"turns":4.0},{"damage":20.0,"enemies":"Hexaghost","floor":16.0,"turns":7.0},{"damage":23.0,"enemies":"2 Thieves","floor":18.0,"turns":4.0},{"damage":49.0,"enemies":"Book of Stabbing","floor":25.0,"turns":6.0},{"damage":7.0,"enemies":"Colosseum Slavers","floor":28.0,"turns":4.0},{"damage":35.0,"enemies":"Colosseum Nobs","floor":28.0,"turns":5.0},{"damage":10,"enemies":"Shell Parasite","floor":29,"turns":3}],"seed_played":"-3586556607755295203","potions_obtained":[{"floor":7.0,"key":"PowerPotion"},{"floor":8.0,"key":"Poison Potion"},{"floor":11.0,"key":"Fire Potion"},{"floor":25.0,"key":"Explosive Potion"}],"is_trial":false,"path_per_floor":["?","?","M","?","?","?","T","?","?"],"character_chosen":"IRONCLAD","items_purchased":["Flex","Dropkick","Panacea"],"campfire_rested":1,"item_purchase_floors":[2,2,12],"current_hp_per_floor":[76,76,76,76,81,81,39,45,45,45,33,33,30,14,38,24,68,51,51,51,51,51,63,63,23,23,32,8,0],"gold":209,"neow_bonus":"TEN_PERCENT_HP_BONUS","is_prod":false,"is_daily":false,"chose_seed":false,"campfire_upgraded":4,"win_rate":0,"timestamp":1548851502,"path_taken":["M","$","?","?","M","R","E","?","T","R","E","$","M","?","R","BOSS","M","?","$","?","?","R","?","E","T","R","?","M"],"build_version":"2019-01-23","purchased_purges":0,"victory":false,"max_hp_per_floor":[82,82,82,82,82,82,82,82,82,82,82,82,82,82,82,82,82,82,82,82,82,82,82,82,85,85,85,91,91],"card_choices":[{"not_picked":["Clothesline","Shrug It Off"],"picked":"Thunderclap","floor":1.0},{"not_picked":["Reckless Charge","True Grit"],"picked":"Ghostly Armor","floor":5.0},{"not_picked":["Pommel Strike","Thunderclap"],"picked":"Flex","floor":7.0},{"not_picked":["Wild Strike","Perfected Strike","Thunderclap"],"picked":"SKIP","floor":8.0},{"not_picked":["Flame Barrier","Demon Form"],"picked":"Intimidate","floor":11.0},{"not_picked":["Wild Strike","True Grit","Havoc"],"picked":"SKIP","floor":13.0},{"not_picked":["Brutality","Impervious"],"picked":"Feed","floor":16.0},{"not_picked":["Intimidate+1","Flex"],"picked":"Pommel Strike","floor":18.0},{"not_picked":["Body Slam","Seeing Red","Pommel Strike"],"picked":"SKIP","floor":25.0},{"not_picked":["Armaments","Flex"],"picked":"Clash","floor":28.0}],"player_experience":157149,"relics_obtained":[{"floor":7.0,"key":"Oddly Smooth Stone"},{"floor":9.0,"key":"Bronze Scales"},{"floor":11.0,"key":"Mummified Hand"},{"floor":22.0,"key":"Happy Flower"},{"floor":25.0,"key":"Ice Cream"},{"floor":26.0,"key":"Potion Belt"},{"floor":28.0,"key":"Thread and Needle"},{"floor":28.0,"key":"Darkstone Periapt"}],"event_choices":[{"damage_healed":0.0,"max_hp_gain":0.0,"max_hp_loss":0.0,"gold_gain":0.0,"event_name":"Liars Game","player_choice":"Ignored","floor":3.0,"gold_loss":0.0,"damage_taken":0.0},{"cards_removed":["Strike_R"],"damage_healed":0.0,"max_hp_gain":0.0,"max_hp_loss":0.0,"gold_gain":0.0,"event_name":"Bonfire Elementals","player_choice":"Offered Basic","floor":4.0,"gold_loss":0.0,"damage_taken":0.0},{"damage_healed":0.0,"max_hp_gain":0.0,"max_hp_loss":0.0,"gold_gain":0.0,"event_name":"Shining Light","player_choice":"Entered Light","floor":14.0,"gold_loss":0.0,"damage_taken":16.0,"cards_upgraded":["Ghostly Armor","Defend_R"]},{"damage_healed":0.0,"max_hp_gain":0.0,"max_hp_loss":0.0,"gold_gain":0.0,"event_name":"Masked Bandits","player_choice":"Paid Fearfully","floor":19.0,"gold_loss":150.0,"damage_taken":0.0},{"damage_healed":0.0,"max_hp_gain":0.0,"max_hp_loss":0.0,"gold_gain":0.0,"event_name":"The Library","player_choice":"Read","floor":21.0,"gold_loss":0.0,"damage_taken":0.0,"cards_obtained":["Dropkick"]},{"cards_removed":["Strike_R"],"damage_healed":0.0,"max_hp_gain":0.0,"max_hp_loss":0.0,"gold_gain":0.0,"event_name":"Back to Basics","player_choice":"Elegance","floor":24.0,"gold_loss":0.0,"damage_taken":0.0},{"damage_healed":0.0,"max_hp_gain":0.0,"max_hp_loss":0.0,"gold_gain":0.0,"event_name":"Colosseum","player_choice":"Fight","floor":28.0,"gold_loss":0.0,"damage_taken":0.0},{"damage_healed":0.0,"max_hp_gain":0.0,"max_hp_loss":0.0,"gold_gain":0.0,"event_name":"Colosseum","player_choice":"Fought Nobs","floor":28.0,"gold_loss":0.0,"damage_taken":0.0}],"is_beta":false,"boss_relics":[{"not_picked":["Orrery","Coffee Dripper"],"picked":"Eternal Feather"}],"items_purged_floors":[],"is_endless":false,"potions_floor_spawned":[7,8,11,25],"killed_by":"Shell Parasite","ascension_level":14}