{"gold_per_floor":[132,132,132,57,70,70,124,202,274,93,136,211,211,19,19,166,166,186,198,28,28,28,28,63,103,127,127,127,162,212,271,271,372,372,387,398,438,288,288,314,314,391,391,391,442,505,528,556,556,570,570,570,65,111,185],"floor_reached":55,"playtime":3355,"items_purged":["Strike_R","Strike_R","Strike_R","Strike_R","Strike_R","Defend_R"],"score":2001,"play_id":"d5278b91-c5e6-480d-8351-d5e7ea8bd012","local_time":"20190125231123","is_ascension_mode":true,"campfire_choices":[{"data":"BettingIsNotGood","floor":6.0,"key":"SMITH"},{"data":"Bash","floor":13.0,"key":"SMITH"},{"data":"Double Tap","floor":15.0,"key":"SMITH"},{"data":"Offering","floor":23.0,"key":"SMITH"},{"data":"Entrench","floor":28.0,"key":"SMITH"},{"data":"Shrug It Off","floor":32.0,"key":"SMITH"},{"data":"Defend_R","floor":44.0,"key":"SMITH"},{"floor":49.0,"key":"RECALL"},{"floor":52.0,"key":"REST"}],"neow_cost":"","seed_source_timestamp":263229872393182,"circlet_count":0,"master_deck":["AscendersBane","Defend_R","Defend_R","Defend_R+1","Bash+1","BettingIsNotGood+1","Rampage+1","Swift Strike+1","Double Tap+1","Offering+1","Pommel Strike+1","Entrench+1","Shrug It Off+1"],"special_seed":0,"relics":["Burning Blood","HushsDoor","PokeGo","Kunai","Molten Egg 2","BookofShadows","TheAbacus","Busted Crown","Incubus","Juzu Bracelet","Ancient Tea Set","Letter Opener","MaYiHuaBei","Sozu","Art of War","SalivaCoin","Bronze Scales","Ice Cream","OrangePellets","SteamSale"],"potions_floor_usage":[],"damage_taken":[{"damage":3.0,"enemies":"2 Louse","floor":1.0,"turns":7.0},{"damage":0.0,"enemies":"Cultist","floor":5.0,"turns":4.0},{"damage":35.0,"enemies":"Lagavulin","floor":7.0,"turns":6.0},{"damage":0.0,"enemies":"Small Slimes","floor":11.0,"turns":4.0},{"damage":18.0,"enemies":"The Guardian","floor":16.0,"turns":10.0},{"damage":20.0,"enemies":"Shell Parasite","floor":18.0,"turns":4.0},{"damage":2.0,"enemies":"Chosen","floor":19.0,"turns":3.0},{"damage":6.0,"enemies":"Book of Stabbing","floor":24.0,"turns":5.0},{"damage":6.0,"enemies":"Centurion and Healer","floor":25.0,"turns":12.0},{"damage":0.0,"enemies":"Slavers","floor":27.0,"turns":1.0},{"damage":12.0,"enemies":"Gremlin Leader","floor":29.0,"turns":4.0},{"damage":12.0,"enemies":"Book of Stabbing","floor":31.0,"turns":5.0},{"damage":26.0,"enemies":"Collector","floor":33.0,"turns":8.0},{"damage":6.0,"enemies":"3 Darklings","floor":35.0,"turns":6.0},{"damage":13.0,"enemies":"3 Shapes","floor":36.0,"turns":6.0},{"damage":1.0,"enemies":"3 Darklings","floor":37.0,"turns":4.0},{"damage":6.0,"enemies":"Reptomancer","floor":40.0,"turns":4.0},{"damage":3.0,"enemies":"Nemesis","floor":42.0,"turns":5.0},{"damage":12.0,"enemies":"4 Shapes","floor":45.0,"turns":6.0},{"damage":6.0,"enemies":"Giant Head","floor":46.0,"turns":4.0},{"damage":6.0,"enemies":"Maw","floor":47.0,"turns":2.0},{"damage":12.0,"enemies":"Spire Growth","floor":48.0,"turns":2.0},{"damage":41.0,"enemies":"Time Eater","floor":50.0,"turns":7.0},{"damage":8.0,"enemies":"Shield and Spear","floor":54.0,"turns":4.0},{"damage":63,"enemies":"LittleHush","floor":55,"turns":14}],"seed_played":"-5631738771866927488","potions_obtained":[{"floor":1.0,"key":"Swift Potion"},{"floor":2.0,"key":"Fruit Juice"},{"floor":2.0,"key":"SmokeBomb"},{"floor":24.0,"key":"AttackPotion"},{"floor":33.0,"key":"Block Potion"}],"is_trial":false,"path_per_floor":["M","?","?","$","M","R","E","T","T","$","M","?","R","$","R","B",null,"M","M","$","?","$","R","E","M","T","E","R","E","?","E","R","B",null,"M","M","M","$","?","E","?","E","T","R","M","E","M","M","R","B",null,"R","$","E","B"],"character_chosen":"IRONCLAD","items_purchased":["Swift Strike+1","TheAbacus","Incubus","Pommel Strike+1","Ice Cream","OrangePellets"],"campfire_rested":1,"item_purchase_floors":[10,14,17,20,53,53],"current_hp_per_floor":[71,76,76,76,80,80,51,51,51,51,57,46,46,46,46,44,52,41,45,45,45,45,45,55,55,55,55,55,55,55,49,49,39,46,48,41,46,46,46,46,46,48,48,48,42,48,48,42,42,7,38,48,48,46,0],"gold":185,"neow_bonus":"","is_prod":false,"is_daily":false,"chose_seed":false,"campfire_upgraded":7,"win_rate":0,"timestamp":1548429083,"path_taken":["M","?","?","$","M","R","E","?","T","$","M","?","R","$","R","BOSS","M","M","$","?","$","R","E","M","T","E","R","E","?","E","R","BOSS","M","M","M","$","?","E","?","E","T","R","M","E","M","M","R","BOSS","R","$","E","BOSS"],"build_version":"2019-01-23","purchased_purges":6,"victory":false,"max_hp_per_floor":[75,80,80,80,80,80,80,80,80,80,80,80,80,80,80,80,55,55,55,55,55,55,55,55,55,55,55,55,55,55,55,55,55,48,48,48,48,48,48,48,48,48,48,48,48,48,48,48,48,48,48,48,48,48,48],"card_choices":[{"not_picked":[],"picked":"BettingIsNotGood","floor":0.0},{"not_picked":["Havoc","Thunderclap"],"picked":"Rampage","floor":1.0},{"not_picked":["Iron Wave","Sword Boomerang","Clash"],"picked":"SKIP","floor":5.0},{"not_picked":["Corruption","Anger","Twin Strike"],"picked":"SKIP","floor":7.0},{"not_picked":["Corruption","Armaments"],"picked":"Double Tap","floor":11.0},{"not_picked":["Immolate+1","Fiend Fire+1"],"picked":"Offering","floor":16.0},{"not_picked":["Anger+1"],"picked":"SKIP","floor":18.0},{"not_picked":["Burning Pact"],"picked":"SKIP","floor":19.0},{"not_picked":[],"picked":"Entrench","floor":24.0},{"not_picked":[],"picked":"Shrug It Off","floor":25.0},{"not_picked":["Burning Pact"],"picked":"SKIP","floor":29.0},{"not_picked":["Burning Pact"],"picked":"SKIP","floor":29.0},{"not_picked":["Armaments"],"picked":"SKIP","floor":31.0},{"not_picked":["Sword Boomerang+1"],"picked":"SKIP","floor":35.0},{"not_picked":[],"picked":"Evolve+1","floor":36.0},{"not_picked":["Infernal Blade+1"],"picked":"SKIP","floor":37.0},{"not_picked":["Pommel Strike+1"],"picked":"SKIP","floor":40.0},{"not_picked":["Sword Boomerang+1"],"picked":"SKIP","floor":42.0},{"not_picked":["Armaments"],"picked":"SKIP","floor":45.0},{"not_picked":["Ghostly Armor+1"],"picked":"SKIP","floor":46.0},{"not_picked":["Feed+1"],"picked":"SKIP","floor":47.0},{"not_picked":["Havoc"],"picked":"SKIP","floor":48.0},{"not_picked":["Warcry"],"picked":"SKIP","floor":54.0}],"player_experience":738244,"relics_obtained":[{"floor":7.0,"key":"Kunai"},{"floor":8.0,"key":"Molten Egg 2"},{"floor":9.0,"key":"BookofShadows"},{"floor":24.0,"key":"Juzu Bracelet"},{"floor":26.0,"key":"Ancient Tea Set"},{"floor":29.0,"key":"Letter Opener"},{"floor":31.0,"key":"MaYiHuaBei"},{"floor":40.0,"key":"Art of War"},{"floor":42.0,"key":"SalivaCoin"},{"floor":46.0,"key":"Bronze Scales"},{"floor":54.0,"key":"SteamSale"}],"event_choices":[{"damage_healed":0.0,"max_hp_gain":0.0,"max_hp_loss":0.0,"gold_gain":0.0,"event_name":"Lab","player_choice":"Got Potions","floor":2.0,"gold_loss":0.0,"damage_taken":0.0},{"damage_healed":0.0,"max_hp_gain":0.0,"max_hp_loss":0.0,"gold_gain":0.0,"event_name":"Upgrade Shrine","player_choice":"Upgraded","floor":3.0,"gold_loss":0.0,"damage_taken":0.0,"cards_upgraded":["Rampage"]},{"damage_healed":0.0,"max_hp_gain":0.0,"max_hp_loss":0.0,"gold_gain":75.0,"event_name":"World of Goop","player_choice":"Gather Gold","floor":12.0,"gold_loss":0.0,"damage_taken":11.0},{"damage_healed":0.0,"max_hp_gain":0.0,"max_hp_loss":0.0,"gold_gain":50.0,"event_name":"Golden Shrine","player_choice":"Pray","floor":30.0,"gold_loss":0.0,"damage_taken":0.0},{"damage_healed":0.0,"max_hp_gain":0.0,"max_hp_loss":0.0,"gold_gain":0.0,"event_name":"Tomb of Lord Red Mask","player_choice":"Ignored","floor":39.0,"gold_loss":0.0,"damage_taken":0.0},{"cards_removed":["Evolve"],"damage_healed":0.0,"max_hp_gain":0.0,"max_hp_loss":0.0,"gold_gain":0.0,"event_name":"Falling","player_choice":"Removed Power","floor":41.0,"gold_loss":0.0,"damage_taken":0.0}],"is_beta":false,"boss_relics":[{"not_picked":["Pandora\u0027s Box","Velvet Choker"],"picked":"Busted Crown"},{"not_picked":[]},{"not_picked":["Calling Bell","Fusion Hammer"],"picked":"Sozu"},{"not_picked":[]}],"items_purged_floors":[4,10,17,20,34,38],"is_endless":false,"potions_floor_spawned":[1,5,24,27,33,37,40,42,46,48],"killed_by":"LittleHush","ascension_level":15}