{"gold_per_floor":[118,43,118,131,149,183,183,194,194,194,144,175,190,203,203,298,298,312,312],"floor_reached":19,"playtime":1279,"items_purged":["Strike_R"],"score":258,"play_id":"a9b6b896-014d-4547-95ec-f25a930f77a7","local_time":"20190128191103","is_ascension_mode":true,"campfire_choices":[{"floor":7,"key":"REST"},{"data":"Whirlwind","floor":10,"key":"SMITH"},{"data":"Shockwave","floor":15,"key":"SMITH"}],"neow_cost":"PERCENT_DAMAGE","seed_source_timestamp":9363321166876,"circlet_count":0,"master_deck":["Strike_R","Strike_R","Strike_R","Defend_R","Defend_R","Defend_R+1","Defend_R+1","Bash","Whirlwind+1","Combust","Intimidate","Feed","Havoc","Thunderclap","Flex","Shockwave+1","Offering"],"relics":["Burning Blood","War Paint","Bottled Tornado","Du-Vu Doll","Sozu"],"potions_floor_usage":[16,16,16],"damage_taken":[{"damage":11,"enemies":"Jaw Worm","floor":1,"turns":6},{"damage":6,"enemies":"Cultist","floor":4,"turns":4},{"damage":5,"enemies":"2 Louse","floor":5,"turns":2},{"damage":30,"enemies":"3 Sentries","floor":6,"turns":7},{"damage":3,"enemies":"Looter","floor":8,"turns":4},{"damage":35,"enemies":"Gremlin Nob","floor":12,"turns":4},{"damage":0,"enemies":"Exordium Wildlife","floor":13,"turns":1},{"damage":2,"enemies":"2 Fungi Beasts","floor":14,"turns":3},{"damage":34,"enemies":"Hexaghost","floor":16,"turns":9},{"damage":33,"enemies":"Spheric Guardian","floor":18,"turns":4},{"damage":23,"enemies":"Colosseum Slavers","floor":19,"turns":3},{"damage":42,"enemies":"Colosseum Nobs","floor":19,"turns":4}],"seed_played":"-5207572740817887692","potions_obtained":[{"floor":5,"key":"SkillPotion"},{"floor":6,"key":"Dexterity Potion"},{"floor":13,"key":"SkillPotion"}],"is_trial":false,"path_per_floor":["?","M","?","?"],"character_chosen":"IRONCLAD","items_purchased":[],"campfire_rested":1,"item_purchase_floors":[],"current_hp_per_floor":[62,62,53,53,54,30,58,61,61,61,61,32,38,45,45,17,79,55,0],"gold":312,"neow_bonus":"TWENTY_PERCENT_HP_BONUS","is_prod":false,"is_daily":false,"chose_seed":false,"campfire_upgraded":2,"win_rate":0,"timestamp":1548673863,"path_taken":["M","$","?","?","M","E","R","M","T","R","?","E","M","M","R","BOSS","M","?"],"build_version":"2019-01-23","purchased_purges":1,"victory":false,"max_hp_per_floor":[96,96,96,96,96,96,96,96,96,96,96,96,96,99,99,99,99,102,102],"card_choices":[{"not_picked":["Anger","Pommel Strike"],"picked":"Whirlwind","floor":1},{"not_picked":["Headbutt","Wild Strike"],"picked":"Combust","floor":4},{"not_picked":["Feel No Pain","Rupture"],"picked":"Intimidate","floor":5},{"not_picked":["Intimidate","Perfected Strike"],"picked":"Feed","floor":6},{"not_picked":["Wild Strike","Perfected Strike"],"picked":"Havoc","floor":8},{"not_picked":["Rampage","Iron Wave"],"picked":"Thunderclap","floor":12},{"not_picked":["Blood for Blood","Feel No Pain"],"picked":"Flex","floor":13},{"not_picked":["Headbutt","Heavy Blade"],"picked":"Shockwave","floor":14},{"not_picked":["Juggernaut","Double Tap"],"picked":"Offering","floor":16},{"not_picked":["Perfected Strike","Sever Soul","Anger+1"],"picked":"SKIP","floor":18}],"player_experience":92989,"relics_obtained":[{"floor":6,"key":"War Paint"},{"floor":9,"key":"Bottled Tornado"},{"floor":12,"key":"Du-Vu Doll"}],"event_choices":[{"damage_healed":0,"gold_gain":75,"player_choice":"Touch","damage_taken":9,"max_hp_gain":0,"max_hp_loss":0,"event_name":"FaceTrader","floor":3,"gold_loss":0},{"cards_removed":["Strike_R"],"damage_healed":0,"gold_gain":0,"player_choice":"Card Removal","damage_taken":0,"max_hp_gain":0,"max_hp_loss":0,"event_name":"The Cleric","floor":11,"gold_loss":50},{"damage_healed":0,"gold_gain":0,"player_choice":"Fight","damage_taken":0,"max_hp_gain":0,"max_hp_loss":0,"event_name":"Colosseum","floor":19,"gold_loss":0},{"damage_healed":0,"gold_gain":0,"player_choice":"Fought Nobs","damage_taken":0,"max_hp_gain":0,"max_hp_loss":0,"event_name":"Colosseum","floor":19,"gold_loss":0}],"is_beta":false,"boss_relics":[{"not_picked":["Orrery","Black Blood"],"picked":"Sozu"}],"items_purged_floors":[2],"is_endless":false,"potions_floor_spawned":[5,6,13,18],"killed_by":"Colosseum Nobs","ascension_level":6}