{"gold_per_floor":[117,135,210,65,65,65,98,98,98,98,98,130,28,28,28,126,126,143,67,67,83,83,83,111,111,158,175,186,186,186,186,186,186],"floor_reached":33,"playtime":1331,"items_purged":[],"score":387,"play_id":"7ed1fd70-5319-4367-a73b-9477d918d6ca","local_time":"20190226222513","is_ascension_mode":true,"campfire_choices":[{"data":"Bash","floor":6,"key":"SMITH"},{"floor":8,"key":"REST"},{"floor":10,"key":"REST"},{"data":"Whirlwind","floor":15,"key":"SMITH"},{"floor":23,"key":"REST"},{"data":"Offering","floor":25,"key":"SMITH"},{"floor":29,"key":"REST"},{"floor":32,"key":"REST"}],"neow_cost":"TEN_PERCENT_HP_LOSS","seed_source_timestamp":893386728863936,"circlet_count":0,"master_deck":["Strike_R","Strike_R","Strike_R","Defend_R","Defend_R","Defend_R","Bash+1","Battle Trance","Whirlwind+1","Metallicize","Offering+1","True Grit+1","Spot Weakness+1","Pummel+1","Rampage+1","Twin Strike+1"],"relics":["Black Blood","Juzu Bracelet","Torii","Letter Opener","Bag of Marbles","Molten Egg 2","Calipers","Vajra","Enchiridion"],"potions_floor_usage":[18,18,28,33,33],"damage_taken":[{"damage":9,"enemies":"Jaw Worm","floor":1,"turns":6},{"damage":6,"enemies":"Cultist","floor":2,"turns":4},{"damage":55,"enemies":"3 Sentries","floor":7,"turns":12},{"damage":24,"enemies":"Gremlin Nob","floor":12,"turns":4},{"damage":26,"enemies":"The Guardian","floor":16,"turns":16},{"damage":35,"enemies":"Shell Parasite","floor":18,"turns":6},{"damage":7,"enemies":"Chosen","floor":21,"turns":4},{"damage":29,"enemies":"Book of Stabbing","floor":24,"turns":4},{"damage":24,"enemies":"Snake Plant","floor":27,"turns":5},{"damage":32,"enemies":"Shelled Parasite and Fungi","floor":28,"turns":5},{"damage":82,"enemies":"Automaton","floor":33,"turns":6}],"seed_played":"-8471274726823514656","potions_obtained":[{"floor":7,"key":"Explosive Potion"},{"floor":16,"key":"SpeedPotion"},{"floor":21,"key":"Energy Potion"},{"floor":27,"key":"Regen Potion"},{"floor":28,"key":"Energy Potion"}],"is_trial":false,"path_per_floor":["M","M","?","$","?","R","E","R","T","R","?","E","$","T","R","B",null,"M","$","?","M","?","R","E","R","T","M","M","R","?","?","R","B"],"character_chosen":"IRONCLAD","items_purchased":["Juzu Bracelet","Whirlwind","Metallicize","Spot Weakness"],"campfire_rested":5,"item_purchase_floors":[4,13,13,19],"current_hp_per_floor":[69,69,62,62,67,67,18,41,41,64,64,46,46,46,46,26,64,39,39,39,42,42,65,46,46,46,32,22,45,45,29,52,0],"gold":186,"neow_bonus":"REMOVE_TWO","is_prod":false,"is_daily":false,"chose_seed":false,"campfire_upgraded":3,"win_rate":0,"timestamp":1551216313,"path_taken":["M","M","?","$","?","R","E","R","T","R","?","E","$","?","R","BOSS","M","$","?","M","?","R","E","R","T","M","M","R","?","?","R","BOSS"],"build_version":"2019-01-23","purchased_purges":0,"victory":false,"max_hp_per_floor":[72,72,72,72,77,77,77,77,77,77,77,77,77,77,77,77,77,77,77,77,77,77,77,77,77,77,77,77,77,77,77,77,77],"card_choices":[{"not_picked":["Havoc","Anger","Iron Wave"],"picked":"SKIP","floor":1},{"not_picked":["Perfected Strike","Sword Boomerang"],"picked":"Battle Trance","floor":2},{"not_picked":["Second Wind","Reckless Charge","Dual Wield"],"picked":"SKIP","floor":7},{"not_picked":["Thunderclap","Battle Trance","Flex"],"picked":"SKIP","floor":12},{"not_picked":["Double Tap","Bludgeon+1"],"picked":"Offering","floor":16},{"not_picked":["Perfected Strike+1","Heavy Blade+1"],"picked":"True Grit+1","floor":18},{"not_picked":["Evolve","True Grit"],"picked":"Pummel+1","floor":21},{"not_picked":["Clash+1","Body Slam+1"],"picked":"Rampage+1","floor":24},{"not_picked":["Rupture","Wild Strike+1","Berserk"],"picked":"SKIP","floor":27},{"not_picked":["Rupture+1","Flex"],"picked":"Twin Strike+1","floor":28}],"player_experience":473334,"relics_obtained":[{"floor":7,"key":"Torii"},{"floor":9,"key":"Letter Opener"},{"floor":12,"key":"Bag of Marbles"},{"floor":14,"key":"Molten Egg 2"},{"floor":24,"key":"Calipers"},{"floor":26,"key":"Vajra"},{"floor":31,"key":"Enchiridion"}],"event_choices":[{"damage_healed":0,"gold_gain":75,"player_choice":"Touch","damage_taken":7,"max_hp_gain":0,"max_hp_loss":0,"event_name":"FaceTrader","floor":3,"gold_loss":0},{"damage_healed":0,"gold_gain":0,"player_choice":"Donut","damage_taken":0,"max_hp_gain":5,"max_hp_loss":0,"event_name":"Big Fish","floor":5,"gold_loss":0},{"damage_healed":0,"gold_gain":0,"player_choice":"Bought 0 Potions","damage_taken":0,"max_hp_gain":0,"max_hp_loss":0,"event_name":"The Woman in Blue","floor":11,"gold_loss":0},{"damage_healed":0,"gold_gain":0,"player_choice":"Upgraded","damage_taken":0,"max_hp_gain":0,"max_hp_loss":0,"event_name":"Upgrade Shrine","floor":20,"gold_loss":0,"cards_upgraded":["Spot Weakness"]},{"damage_healed":0,"gold_gain":0,"player_choice":"Ignored","damage_taken":0,"max_hp_gain":0,"max_hp_loss":0,"event_name":"Vampires","floor":22,"gold_loss":0},{"cards_removed":["Strike_R"],"damage_healed":0,"gold_gain":0,"player_choice":"Purged","damage_taken":0,"max_hp_gain":0,"max_hp_loss":0,"event_name":"Purifier","floor":30,"gold_loss":0},{"damage_healed":0,"gold_gain":0,"player_choice":"Obtained Book","damage_taken":16,"max_hp_gain":0,"max_hp_loss":0,"event_name":"Cursed Tome","floor":31,"gold_loss":0}],"is_beta":false,"boss_relics":[{"not_picked":["Runic Dome","Snecko Eye"],"picked":"Black Blood"}],"items_purged_floors":[],"is_endless":false,"potions_floor_spawned":[7,16,21,27,28],"killed_by":"Automaton","ascension_level":9}