{"gold_per_floor":[110,124,13,13,13,39,39,59,59,59,92,104,135,161,173,263,275,297,321,92,102,119,119,153,153,153,168,168,168,168,68,68,146,146,163,180,200,116,116,116,141,141,217,217,236,236,247,259,259,259],"floor_reached":50,"playtime":5775,"items_purged":["Strike_G","Strike_G"],"score":895,"play_id":"6be51c0c-cc6d-4ec4-b597-0161140fc436","local_time":"20181211152410","is_ascension_mode":true,"campfire_choices":[{"floor":7.0,"key":"RECALL"},{"floor":10.0,"key":"REST"},{"floor":15,"key":"REST"},{"floor":23,"key":"REST"},{"floor":25,"key":"REST"},{"floor":29,"key":"REST"},{"floor":32,"key":"REST"},{"floor":40,"key":"REST"},{"floor":44,"key":"REST"},{"floor":49,"key":"REST"}],"neow_cost":"NONE","seed_source_timestamp":343253208072881,"circlet_count":0,"master_deck":["AscendersBane","Defend_G+1","Defend_G","Defend_G","Defend_G","Defend_G","Strike_G","Strike_G+1","Strike_G","Survivor","Neutralize","Poisoned Stab","Footwork","Noxious Fumes","Catalyst","Blur","Deadly Poison","Backflip","Deadly Poison","Dodge and Roll","Corpse Explosion","Blur","Discovery","Backflip+1","Noxious Fumes","Doubt","Crippling Poison+1","Well Laid Plans","Caltrops","PiercingWail","Parasite","Deadly Poison+1","Catalyst+1"],"special_seed":0,"relics":["Fusion Hammer","Dead Branch","Blood Vial","Pear","MawBank","Cursed Key","Ornamental Fan","Blue Candle","Runic Dome","Toxic Egg 2","Kunai"],"potions_floor_usage":[16,24,24,27,37,47],"damage_taken":[{"damage":0.0,"enemies":"Cultist","floor":1.0,"turns":6.0},{"damage":0.0,"enemies":"Small Slimes","floor":2.0,"turns":3.0},{"damage":10.0,"enemies":"Gremlin Nob","floor":6.0,"turns":3.0},{"damage":0.0,"enemies":"2 Louse","floor":8.0,"turns":3.0},{"damage":22,"enemies":"3 Sentries","floor":11,"turns":6},{"damage":0,"enemies":"Exordium Thugs","floor":13,"turns":6},{"damage":0,"enemies":"2 Fungi Beasts","floor":14,"turns":4},{"damage":41,"enemies":"Slime Boss","floor":16,"turns":10},{"damage":13,"enemies":"Shell Parasite","floor":18,"turns":5},{"damage":17,"enemies":"Spheric Guardian","floor":19,"turns":5},{"damage":11,"enemies":"Snecko","floor":21,"turns":7},{"damage":0,"enemies":"Cultist and Chosen","floor":22,"turns":5},{"damage":20,"enemies":"Slavers","floor":24,"turns":4},{"damage":8,"enemies":"Snake Plant","floor":27,"turns":4},{"damage":9,"enemies":"Colosseum Slavers","floor":30,"turns":6},{"damage":25,"enemies":"Automaton","floor":33,"turns":11},{"damage":10,"enemies":"3 Shapes","floor":35,"turns":4},{"damage":0,"enemies":"Orb Walker","floor":36,"turns":4},{"damage":0,"enemies":"Jaw Worm Horde","floor":37,"turns":2},{"damage":46,"enemies":"Giant Head","floor":41,"turns":7},{"damage":17,"enemies":"3 Darklings","floor":45,"turns":3},{"damage":10,"enemies":"Spire Growth","floor":47,"turns":5},{"damage":27,"enemies":"Sphere and 2 Shapes","floor":48,"turns":5},{"damage":55,"enemies":"Time Eater","floor":50,"turns":4}],"seed_played":"-6745693265461914363","potions_obtained":[{"floor":2.0,"key":"Strength Potion"},{"floor":14,"key":"AttackPotion"},{"floor":16,"key":"Fire Potion"},{"floor":21,"key":"SteroidPotion"},{"floor":22,"key":"Weak Potion"},{"floor":24,"key":"EssenceOfSteel"},{"floor":35,"key":"Fire Potion"},{"floor":37,"key":"Ancient Potion"},{"floor":48,"key":"SpeedPotion"}],"is_trial":false,"path_per_floor":["M","M","$","?","?","E","R","M","T","R","E","?","M","M","R","B",null,"M","M","$","M","M","R","E","R","T","M","?","R","?","$","R","B",null,"M","M","M","$","?","R","E","?","T","R","M","?","M","M","R","B"],"character_chosen":"THE_SILENT","items_purchased":["Noxious Fumes","Catalyst","Blur","Discovery","Caltrops","PiercingWail"],"campfire_rested":9,"item_purchase_floors":[3,3,20,20,38,38],"current_hp_per_floor":[63,63,63,49,46,36,36,38,48,72,52,52,54,56,80,39,70,59,44,44,35,37,61,43,67,67,61,46,71,64,64,85,60,79,71,73,75,75,75,85,39,39,39,64,49,49,41,16,41,0],"gold":259,"neow_bonus":"BOSS_RELIC","is_prod":false,"is_daily":false,"chose_seed":false,"campfire_upgraded":0,"win_rate":0,"timestamp":1544538250,"path_taken":["M","?","$","?","?","E","R","M","T","R","E","?","M","M","R","BOSS","M","M","$","M","M","R","E","R","T","M","?","R","?","$","R","BOSS","M","M","M","$","?","R","E","?","T","R","M","?","M","M","R","BOSS"],"build_version":"2018-12-06","purchased_purges":2,"victory":false,"max_hp_per_floor":[70,70,70,70,70,70,70,70,80,80,80,80,80,80,80,80,80,80,80,80,80,80,80,80,80,80,80,85,85,85,85,85,85,85,85,85,85,85,85,85,85,85,85,85,85,85,85,85,85,85],"card_choices":[{"not_picked":["Underhanded Strike","Bouncing Flask"],"picked":"Poisoned Stab","floor":1.0},{"not_picked":["Flying Knee","Blade Dance"],"picked":"Footwork","floor":2.0},{"not_picked":["A Thousand Cuts","Eviscerate"],"picked":"Blur","floor":6.0},{"not_picked":["Flying Knee","Dodge and Roll"],"picked":"Deadly Poison","floor":8.0},{"not_picked":["Dash","Deadly Poison"],"picked":"Backflip","floor":11},{"not_picked":["Backflip","Poisoned Stab"],"picked":"Deadly Poison","floor":13},{"not_picked":["Sucker Punch","Caltrops"],"picked":"Dodge and Roll","floor":14},{"not_picked":["Venomology","Glass Knife"],"picked":"Corpse Explosion","floor":16},{"not_picked":["Dodge and Roll","Dagger Spray","Underhanded Strike"],"picked":"SKIP","floor":18},{"not_picked":["Quick Slash","Dagger Spray","Setup"],"picked":"SKIP","floor":19},{"not_picked":["Choke","PiercingWail"],"picked":"Backflip+1","floor":21},{"not_picked":["Escape Plan","Backflip"],"picked":"Noxious Fumes","floor":22},{"not_picked":["Outmaneuver","Choke","Blade Dance"],"picked":"SKIP","floor":24},{"not_picked":["Outmaneuver","Poisoned Stab","Deflect"],"picked":"SKIP","floor":27},{"not_picked":["Underhanded Strike","Flying Knee+1","Crippling Poison+1"],"picked":"SKIP","floor":35},{"not_picked":["Underhanded Strike","Flying Knee+1"],"picked":"Crippling Poison+1","floor":35},{"not_picked":["Finisher+1","Masterful Stab"],"picked":"Well Laid Plans","floor":36},{"not_picked":["Dagger Throw","Poisoned Stab","Backstab+1"],"picked":"SKIP","floor":37},{"not_picked":["Grand Finale","Poisoned Stab","Finisher"],"picked":"SKIP","floor":41},{"not_picked":["Cloak And Dagger+1","Flying Knee"],"picked":"Deadly Poison+1","floor":45},{"not_picked":["Backstab","Calculated Gamble+1"],"picked":"Catalyst+1","floor":47},{"not_picked":["Endless Agony","Masterful Stab","Dash"],"picked":"SKIP","floor":48}],"player_experience":734979,"relics_obtained":[{"floor":6.0,"key":"Blood Vial"},{"floor":9.0,"key":"Pear"},{"floor":11,"key":"MawBank"},{"floor":24,"key":"Ornamental Fan"},{"floor":26,"key":"Blue Candle"},{"floor":41,"key":"Toxic Egg 2"},{"floor":43,"key":"Kunai"}],"event_choices":[{"damage_healed":0.0,"max_hp_gain":0.0,"max_hp_loss":0.0,"gold_gain":0.0,"event_name":"Shining Light","player_choice":"Entered Light","floor":4.0,"gold_loss":0.0,"damage_taken":14.0,"cards_upgraded":["Defend_G","Strike_G"]},{"damage_healed":0.0,"max_hp_gain":0.0,"max_hp_loss":0.0,"gold_gain":0.0,"event_name":"Scrap Ooze","player_choice":"Success","floor":5.0,"gold_loss":0.0,"damage_taken":3.0,"relics_obtained":["Dead Branch"]},{"damage_healed":0,"gold_gain":0,"player_choice":"Ignored","damage_taken":0,"max_hp_gain":0,"max_hp_loss":0,"event_name":"Liars Game","floor":12,"gold_loss":0},{"damage_healed":0,"gold_gain":0,"player_choice":"Shed Blood","damage_taken":20,"max_hp_gain":5,"max_hp_loss":0,"event_name":"Forgotten Altar","floor":28,"gold_loss":0},{"damage_healed":0,"gold_gain":0,"player_choice":"Fight","damage_taken":0,"max_hp_gain":0,"max_hp_loss":0,"event_name":"Colosseum","floor":30,"gold_loss":0},{"damage_healed":0,"gold_gain":0,"player_choice":"Fled From Nobs","damage_taken":0,"max_hp_gain":0,"max_hp_loss":0,"event_name":"Colosseum","floor":30,"gold_loss":0},{"damage_healed":0,"gold_gain":0,"player_choice":"Ignored","damage_taken":0,"max_hp_gain":0,"max_hp_loss":0,"event_name":"Tomb of Lord Red Mask","floor":39,"gold_loss":0},{"damage_healed":0,"gold_gain":0,"player_choice":"Ignored","damage_taken":0,"max_hp_gain":0,"max_hp_loss":0,"event_name":"The Moai Head","floor":42,"gold_loss":0},{"damage_healed":0,"gold_gain":0,"player_choice":"Ignored","damage_taken":0,"max_hp_gain":0,"max_hp_loss":0,"event_name":"Mysterious Sphere","floor":46,"gold_loss":0}],"is_beta":false,"boss_relics":[{"not_picked":["Tiny House","WristBlade"],"picked":"Cursed Key"},{"not_picked":["Orrery","Empty Cage"],"picked":"Runic Dome"}],"items_purged_floors":[20,31],"is_endless":false,"potions_floor_spawned":[2,14,16,21,22,24,35,37,48],"killed_by":"Time Eater","ascension_level":13}