{"gold_per_floor":[99,99,99,99,99,99,69,69,69,69,69,69,69,69,69,69],"floor_reached":16,"playtime":1110,"items_purged":[],"score":134,"play_id":"8c286c18-c136-4d14-b555-4969b925e981","local_time":"20180915094119","is_ascension_mode":true,"campfire_choices":[{"floor":10,"key":"REST"},{"floor":12,"key":"REST"},{"floor":15,"key":"REST"}],"neow_cost":"NONE","seed_source_timestamp":249335199132843,"circlet_count":0,"master_deck":["Strike_R","Strike_R","Strike_R","Strike_R","Strike_R","Defend_R","Defend_R","Defend_R","Defend_R","Bash","Whirlwind","Armaments","Clothesline","Regret","Bloodletting","Shockwave","Evolve","Limit Break","Impervious"],"relics":["Ectoplasm","Pantograph","Gremlin Horn","Omamori","Regal Pillow"],"potions_floor_usage":[11,13,13,16],"damage_taken":[{"damage":1,"enemies":"Cultist","floor":1,"turns":3},{"damage":0,"enemies":"Small Slimes","floor":2,"turns":2},{"damage":2,"enemies":"Jaw Worm","floor":3,"turns":3},{"damage":10,"enemies":"Red Slaver","floor":5,"turns":4},{"damage":52,"enemies":"3 Sentries","floor":6,"turns":10},{"damage":5,"enemies":"Looter","floor":7,"turns":4},{"damage":7,"enemies":"Blue Slaver","floor":11,"turns":4},{"damage":9,"enemies":"Gremlin Nob","floor":13,"turns":3},{"damage":80,"enemies":"Slime Boss","floor":16,"turns":13}],"seed_played":"-6261882224064149004","potions_obtained":[{"floor":1,"key":"Strength Potion"},{"floor":3,"key":"Weak Potion"},{"floor":5,"key":"SteroidPotion"},{"floor":13,"key":"AttackPotion"}],"is_trial":false,"path_per_floor":["M","M","M","?","M","E","M","$","T","R","M","R","E","?","R"],"character_chosen":"IRONCLAD","items_purchased":[],"campfire_rested":3,"item_purchase_floors":[],"current_hp_per_floor":[79,79,77,77,67,15,10,10,10,34,27,51,42,42,80,0],"gold":69,"neow_bonus":"BOSS_RELIC","is_prod":false,"is_daily":false,"chose_seed":false,"campfire_upgraded":0,"win_rate":0,"timestamp":1537022479,"path_taken":["M","M","?","?","M","E","M","$","T","R","?","R","E","?","R","BOSS"],"build_version":"2018-09-06","purchased_purges":0,"victory":false,"max_hp_per_floor":[80,80,80,80,80,80,80,80,80,80,80,80,80,80,80,80],"card_choices":[{"not_picked":["Anger","Spot Weakness"],"picked":"Whirlwind","floor":1},{"not_picked":["Pommel Strike","Sever Soul"],"picked":"Armaments","floor":2},{"not_picked":["Body Slam","Twin Strike"],"picked":"Clothesline","floor":3},{"not_picked":["Iron Wave","Heavy Blade"],"picked":"Bloodletting","floor":5},{"not_picked":["Flex","Iron Wave"],"picked":"Shockwave","floor":6},{"not_picked":["Thunderclap","Cleave"],"picked":"Evolve","floor":7},{"not_picked":["Burning Pact","Body Slam"],"picked":"Limit Break","floor":11},{"not_picked":["Dual Wield","Bloodletting"],"picked":"Impervious","floor":13}],"player_experience":256632,"relics_obtained":[{"floor":6,"key":"Gremlin Horn"},{"floor":9,"key":"Omamori"},{"floor":13,"key":"Regal Pillow"}],"event_choices":[{"event_name":"Big Fish","player_choice":"Box","floor":4,"damage_taken":0},{"event_name":"Shining Light","player_choice":"Ignored","floor":14,"damage_taken":0}],"is_beta":false,"boss_relics":[],"items_purged_floors":[],"is_endless":false,"potions_floor_spawned":[1,3,5,13],"killed_by":"Slime Boss","ascension_level":4}