{"gold_per_floor":[118,30,30,42,57,57,57,57,57,6,41,56,87,162,162,240,240,258,258,258],"floor_reached":20,"playtime":838,"items_purged":[],"score":324,"play_id":"7a0e7ad8-0556-438c-84b2-91650f5dab14","local_time":"20190222220022","is_ascension_mode":true,"campfire_choices":[{"data":"Searing Blow","floor":6,"key":"SMITH"},{"data":"Searing Blow+1","floor":8,"key":"SMITH"},{"data":"Searing Blow+2","floor":15,"key":"SMITH"}],"neow_cost":"NONE","seed_source_timestamp":476285526477472,"circlet_count":0,"master_deck":["AscendersBane","Strike_R","Strike_R","Strike_R","Strike_R","Strike_R","Defend_R","Defend_R","Defend_R","Defend_R","Bash","Cleave","Searing Blow+3","True Grit","Thunderclap","Shrug It Off","Metallicize","Flame Barrier","Impervious","Armaments","J.A.X."],"relics":["Burning Blood","NeowsBlessing","Torii","Paper Frog","WingedGreaves","Sundial","Runic Pyramid"],"potions_floor_usage":[12,16,20],"damage_taken":[{"damage":0,"enemies":"Small Slimes","floor":1,"turns":1},{"damage":0,"enemies":"Cultist","floor":4,"turns":1},{"damage":0,"enemies":"2 Louse","floor":5,"turns":1},{"damage":32,"enemies":"Gremlin Nob","floor":11,"turns":4},{"damage":1,"enemies":"Exordium Wildlife","floor":12,"turns":4},{"damage":17,"enemies":"3 Sentries","floor":13,"turns":9},{"damage":40,"enemies":"Hexaghost","floor":16,"turns":14},{"damage":19,"enemies":"Spheric Guardian","floor":18,"turns":6},{"damage":49,"enemies":"Masked Bandits","floor":20,"turns":5}],"seed_played":"319280385621104113","potions_obtained":[{"floor":5,"key":"SteroidPotion"},{"floor":11,"key":"Regen Potion"},{"floor":18,"key":"Fire Potion"}],"is_trial":false,"path_per_floor":["M","$","?","M","M","R","?","R","T","$","E","M","E","?","R","B",null,"M","?","?"],"character_chosen":"IRONCLAD","items_purchased":["Searing Blow","Shrug It Off"],"campfire_rested":0,"item_purchase_floors":[2,10],"current_hp_per_floor":[74,74,74,75,75,75,75,75,75,75,49,63,52,52,52,18,61,48,48,0],"gold":258,"neow_bonus":"THREE_ENEMY_KILL","is_prod":false,"is_daily":false,"chose_seed":false,"campfire_upgraded":3,"win_rate":0,"timestamp":1550901622,"path_taken":["M","$","?","?","M","R","?","R","T","$","E","M","E","?","R","BOSS","M","?","?"],"build_version":"2019-01-23","purchased_purges":0,"victory":false,"max_hp_per_floor":[75,75,75,75,75,75,75,75,75,75,75,75,75,75,75,75,75,75,75,75],"card_choices":[{"not_picked":["Clash","Armaments"],"picked":"Cleave","floor":1},{"not_picked":["Perfected Strike","Pommel Strike"],"picked":"True Grit","floor":4},{"not_picked":["Heavy Blade","Reckless Charge"],"picked":"Thunderclap","floor":5},{"not_picked":["Rampage","Berserk","Twin Strike"],"picked":"SKIP","floor":11},{"not_picked":["Battle Trance","Thunderclap"],"picked":"Metallicize","floor":12},{"not_picked":["Havoc","Sword Boomerang"],"picked":"Flame Barrier","floor":13},{"not_picked":["Berserk","Brutality"],"picked":"Impervious","floor":16},{"not_picked":["Headbutt","Perfected Strike"],"picked":"Armaments","floor":18}],"player_experience":545823,"relics_obtained":[{"floor":3,"key":"Torii"},{"floor":9,"key":"Paper Frog"},{"floor":11,"key":"WingedGreaves"},{"floor":13,"key":"Sundial"}],"event_choices":[{"damage_healed":0,"gold_gain":0,"player_choice":"Relic","damage_taken":0,"max_hp_gain":0,"max_hp_loss":0,"event_name":"Wheel of Change","floor":3,"gold_loss":0},{"damage_healed":0,"gold_gain":0,"player_choice":"Leave","damage_taken":0,"max_hp_gain":0,"max_hp_loss":0,"event_name":"The Cleric","floor":7,"gold_loss":0},{"damage_healed":0,"gold_gain":75,"player_choice":"Gained Gold","damage_taken":0,"max_hp_gain":0,"max_hp_loss":0,"event_name":"Golden Wing","floor":14,"gold_loss":0},{"damage_healed":0,"gold_gain":0,"player_choice":"Obtain J.A.X.","damage_taken":0,"max_hp_gain":0,"max_hp_loss":0,"event_name":"Drug Dealer","floor":19,"gold_loss":0,"cards_obtained":["J.A.X."]},{"damage_healed":0,"gold_gain":0,"player_choice":"Fought Bandits","damage_taken":0,"max_hp_gain":0,"max_hp_loss":0,"event_name":"Masked Bandits","floor":20,"gold_loss":0}],"is_beta":false,"boss_relics":[{"not_picked":["Calling Bell","Coffee Dripper"],"picked":"Runic Pyramid"}],"items_purged_floors":[],"is_endless":false,"potions_floor_spawned":[5,11,18],"killed_by":"Masked Bandits","ascension_level":16}