{"gold_per_floor":[368,293,293,293,10,36,36,55,110,110,36,68,88,88,88,160,160,173,173,173],"floor_reached":20,"playtime":719,"items_purged":[],"score":312,"play_id":"2932ca6a-df1a-4237-8e0b-bfb68cbc46de","local_time":"20181016160304","is_ascension_mode":true,"campfire_choices":[{"data":"Offering","floor":7.0,"key":"SMITH"},{"data":"Demon Form","floor":10.0,"key":"SMITH"},{"data":"Armaments","floor":15.0,"key":"SMITH"}],"neow_cost":"TEN_PERCENT_HP_LOSS","seed_source_timestamp":532869418505513,"circlet_count":0,"master_deck":["Strike_R","Strike_R","Strike_R","Strike_R","Defend_R","Defend_R","Defend_R","Defend_R","Bash","AscendersBane","Headbutt","Demon Form+1","Offering+1","Shrug It Off","Demon Form+1","Shrug It Off","Evolve+1","Armaments+1","Twin Strike","Exhume","Shrug It Off"],"special_seed":0,"relics":["Burning Blood","Bottled Lightning","Frozen Egg 2","PreservedInsect","Happy Flower","Velvet Choker"],"potions_floor_usage":[],"damage_taken":[{"damage":7.0,"enemies":"Jaw Worm","floor":1.0,"turns":4.0},{"damage":34.0,"enemies":"Lagavulin","floor":6.0,"turns":9.0},{"damage":4.0,"enemies":"Small Slimes","floor":8.0,"turns":5.0},{"damage":16.0,"enemies":"Gremlin Nob","floor":12.0,"turns":3.0},{"damage":1.0,"enemies":"2 Louse","floor":13.0,"turns":3.0},{"damage":14.0,"enemies":"The Guardian","floor":16.0,"turns":10.0},{"damage":37.0,"enemies":"2 Thieves","floor":18.0,"turns":5.0},{"damage":29.0,"enemies":"Colosseum Slavers","floor":19.0,"turns":5.0},{"damage":14,"enemies":"Shell Parasite","floor":20,"turns":3}],"seed_played":"8486290955461194301","potions_obtained":[{"floor":4.0,"key":"SteroidPotion"},{"floor":4.0,"key":"BloodPotion"},{"floor":6.0,"key":"EssenceOfSteel"},{"floor":8.0,"key":"Fire Potion"},{"floor":13.0,"key":"Ancient Potion"}],"is_trial":false,"path_per_floor":["M","?","T","?","$","E","R","M","T","R","$","E","M","?","R","B",null,"M","?"],"character_chosen":"IRONCLAD","items_purchased":["Demon Form","Offering","Shrug It Off","Evolve+1"],"campfire_rested":0,"item_purchase_floors":[5,5,5,11],"current_hp_per_floor":[67,67,67,67,67,39,39,41,41,41,41,31,36,41,41,33,63,32,9,0],"gold":173,"neow_bonus":"TWO_FIFTY_GOLD","is_prod":false,"is_daily":false,"chose_seed":false,"campfire_upgraded":3,"win_rate":0,"timestamp":1539698584,"path_taken":["M","?","?","?","$","E","R","M","T","R","$","E","M","?","R","BOSS","M","?","M"],"build_version":"2018-10-11","purchased_purges":0,"victory":false,"max_hp_per_floor":[68,68,68,68,68,68,68,68,68,68,68,68,68,73,73,73,73,73,73,73],"card_choices":[{"not_picked":["Clothesline","Clash"],"picked":"Headbutt","floor":1.0},{"not_picked":["Burning Pact","Evolve"],"picked":"Demon Form","floor":6.0},{"not_picked":["Armaments","Wild Strike"],"picked":"Shrug It Off","floor":8.0},{"not_picked":["Spot Weakness","Bloodletting"],"picked":"Armaments","floor":12.0},{"not_picked":["Body Slam","Dropkick"],"picked":"Twin Strike","floor":13.0},{"not_picked":["Demon Form+1","Feed"],"picked":"Exhume","floor":16.0},{"not_picked":["Anger","Rampage"],"picked":"Shrug It Off","floor":18.0}],"player_experience":525603,"relics_obtained":[{"floor":3.0,"key":"Bottled Lightning"},{"floor":6.0,"key":"Frozen Egg 2"},{"floor":9.0,"key":"PreservedInsect"},{"floor":12.0,"key":"Happy Flower"}],"event_choices":[{"event_name":"The Cleric","player_choice":"Card Removal","floor":2.0,"damage_taken":0.0},{"event_name":"The Lab","player_choice":"Got Potions","floor":4.0,"damage_taken":0.0},{"event_name":"Big Fish","player_choice":"Donut","floor":14.0,"damage_taken":0.0},{"event_name":"Colosseum","player_choice":"Fight","floor":19.0,"damage_taken":0.0},{"event_name":"Colosseum","player_choice":"Fled From Nobs","floor":19.0,"damage_taken":0.0}],"is_beta":false,"boss_relics":[{"not_picked":["Ectoplasm","Runic Dome"],"picked":"Velvet Choker"}],"items_purged_floors":[],"is_endless":false,"potions_floor_spawned":[6,8,12,13],"killed_by":"Shell Parasite","ascension_level":15}