{"gold_per_floor":[109,126,143,143,161,191,191,146,146,146,146,65,84,115,115,214,264,278,193,36,32,32,32,52,69,93,93,93,111,127,139,139,234,234,250,350,350,350,365,365,382,394,394,394,394,406,421,436,436,436],"floor_reached":51,"playtime":7044,"items_purged":[],"score":663,"play_id":"7a9eb535-8941-4dc5-a5d0-4bcfe062e17e","local_time":"20190227162546","is_ascension_mode":false,"campfire_choices":[{"data":"After Image","floor":7,"key":"SMITH"},{"data":"Footwork","floor":10,"key":"SMITH"},{"data":"Footwork","floor":15,"key":"SMITH"},{"floor":23,"key":"REST"},{"data":"Footwork","floor":28,"key":"SMITH"},{"data":"Bouncing Flask","floor":32,"key":"SMITH"},{"floor":40,"key":"REST"},{"floor":45,"key":"REST"},{"floor":49,"key":"REST"}],"neow_cost":"NONE","seed_source_timestamp":1284698089875089,"circlet_count":0,"master_deck":["Defend_G","Defend_G","Defend_G","Defend_G","Defend_G","Strike_G","Strike_G","Strike_G","Strike_G","Survivor","Neutralize","Poisoned Stab","Distraction","Footwork+1","Underhanded Strike+1","Blur","Flying Knee","After Image+1","Dagger Throw","Footwork+1","Tactician","Footwork+1","Caltrops","Infinite Blades+1","Outmaneuver+1","Escape Plan","Escape Plan","Die Die Die","Bouncing Flask+1","Unload","Envenom","Deflect+1","Infinite Blades","Noxious Fumes","Venomology","Distraction+1","Mind Blast","Blade Dance+1","Quick Slash+1","Slice+1"],"relics":["Ring of the Snake","Question Card","Mummified Hand","Sundial","Matryoshka","Tiny House","Mercury Hourglass","Happy Flower","Gremlin Horn","Potion Belt","Philosopher\u0027s Stone","Pocketwatch","Strawberry","Vajra"],"potions_floor_usage":[6,6,39,42,46,48,50,50,50,50,50],"damage_taken":[{"damage":0,"enemies":"Cultist","floor":1,"turns":4},{"damage":1,"enemies":"2 Louse","floor":2,"turns":3},{"damage":0,"enemies":"Small Slimes","floor":3,"turns":4},{"damage":0,"enemies":"Blue Slaver","floor":5,"turns":5},{"damage":8,"enemies":"Lagavulin","floor":6,"turns":8},{"damage":0,"enemies":"Looter","floor":8,"turns":5},{"damage":0,"enemies":"Exordium Thugs","floor":13,"turns":5},{"damage":13,"enemies":"Gremlin Nob","floor":14,"turns":6},{"damage":28,"enemies":"Slime Boss","floor":16,"turns":18},{"damage":5,"enemies":"Spheric Guardian","floor":18,"turns":8},{"damage":8,"enemies":"2 Thieves","floor":21,"turns":4},{"damage":0,"enemies":"Centurion and Healer","floor":24,"turns":9},{"damage":7,"enemies":"Snake Plant","floor":25,"turns":5},{"damage":3,"enemies":"Cultist and Chosen","floor":29,"turns":8},{"damage":1,"enemies":"Centurion and Healer","floor":30,"turns":10},{"damage":8,"enemies":"Snecko","floor":31,"turns":6},{"damage":9,"enemies":"Collector","floor":33,"turns":9},{"damage":27,"enemies":"3 Darklings","floor":35,"turns":5},{"damage":14,"enemies":"Mind Bloom Boss Battle","floor":36,"turns":6},{"damage":0,"enemies":"Orb Walker","floor":39,"turns":4},{"damage":3,"enemies":"Transient","floor":41,"turns":5},{"damage":29,"enemies":"Jaw Worm Horde","floor":42,"turns":5},{"damage":0,"enemies":"Maw","floor":46,"turns":7},{"damage":0,"enemies":"Transient","floor":47,"turns":5},{"damage":4,"enemies":"Spire Growth","floor":48,"turns":4},{"damage":43,"enemies":"Donu and Deca","floor":50,"turns":9}],"seed_played":"-3187764146961346121","potions_obtained":[{"floor":2,"key":"Weak Potion"},{"floor":3,"key":"Fire Potion"},{"floor":6,"key":"Weak Potion"},{"floor":16,"key":"Poison Potion"},{"floor":17,"key":"GamblersBrew"},{"floor":18,"key":"Ancient Potion"},{"floor":29,"key":"FearPotion"},{"floor":31,"key":"FearPotion"},{"floor":39,"key":"Energy Potion"},{"floor":48,"key":"Dexterity Potion"}],"is_trial":false,"path_per_floor":["M","M","M","?","M","E","R","M","T","R","?","$","M","E","R","B",null,"M","?","$","M","?","R","M","M","T","?","R","M","M","M","R","B",null,"M","?","?","?","M","R","M","M","T","?","R","M","M","M","R","B",null],"character_chosen":"THE_SILENT","items_purchased":["Footwork","Happy Flower"],"campfire_rested":4,"item_purchase_floors":[12,20],"current_hp_per_floor":[77,76,76,76,76,68,68,68,68,68,68,68,68,55,55,27,82,77,77,77,69,53,79,79,72,72,97,97,94,93,85,85,76,97,70,56,56,56,56,83,80,51,58,58,87,87,87,83,99,56],"gold":436,"neow_bonus":"TEN_PERCENT_HP_BONUS","is_prod":false,"is_daily":false,"chose_seed":false,"campfire_upgraded":5,"win_rate":0.0,"timestamp":1551302746,"path_taken":["M","M","M","?","?","E","R","M","T","R","?","$","?","E","R","BOSS","M","?","$","M","?","R","M","M","T","?","R","M","M","M","R","BOSS","M","?","?","?","M","R","M","M","T","?","R","M","M","M","R","BOSS"],"build_version":"2019-01-23","purchased_purges":0,"victory":true,"max_hp_per_floor":[77,77,77,77,77,77,77,77,77,77,77,77,77,77,77,77,82,82,82,82,82,87,87,87,87,87,97,97,97,97,97,97,97,97,97,97,92,92,92,92,92,92,99,99,99,99,99,99,99,99],"card_choices":[{"not_picked":["Slice","Infinite Blades"],"picked":"Poisoned Stab","floor":1},{"not_picked":["Expertise","Prepared"],"picked":"Distraction","floor":2},{"not_picked":["Skewer","Deflect"],"picked":"Footwork","floor":3},{"not_picked":["Sucker Punch","Backflip"],"picked":"Flying Knee","floor":5},{"not_picked":["Poisoned Stab","Dagger Throw"],"picked":"After Image","floor":6},{"not_picked":["Endless Agony","PiercingWail","Backflip"],"picked":"Dagger Throw","floor":8},{"not_picked":["Backflip","Skewer","Slice"],"picked":"Tactician","floor":13},{"not_picked":["Masterful Stab","All Out Attack","Distraction"],"picked":"Footwork","floor":14},{"not_picked":["Night Terror","Malaise","Phantasmal Killer"],"picked":"Bullet Time","floor":16},{"not_picked":["Blade Dance","Prepared","Quick Slash"],"picked":"Caltrops","floor":17},{"not_picked":["Caltrops","Dodge and Roll","Wraith Form v2"],"picked":"Infinite Blades+1","floor":18},{"not_picked":["Deadly Poison","Blade Dance","Backflip"],"picked":"Outmaneuver+1","floor":21},{"not_picked":["Poisoned Stab","Dagger Spray","Flechettes"],"picked":"Escape Plan","floor":24},{"not_picked":["Deadly Poison","Backflip","Acrobatics"],"picked":"Escape Plan","floor":25},{"not_picked":["Prepared","Quick Slash","Backflip"],"picked":"Die Die Die","floor":29},{"not_picked":["Sucker Punch","PiercingWail","Acrobatics+1"],"picked":"Bouncing Flask","floor":30},{"not_picked":["Underhanded Strike+1","Reflex","Escape Plan"],"picked":"Unload","floor":31},{"not_picked":["Venomology","A Thousand Cuts","Doppelganger"],"picked":"Envenom","floor":33},{"not_picked":["Sucker Punch","Slice","Predator"],"picked":"Deflect+1","floor":35},{"not_picked":["Finisher","Flying Knee","Slice"],"picked":"Infinite Blades","floor":36},{"not_picked":["PiercingWail","Flying Knee","Quick Slash+1"],"picked":"Noxious Fumes","floor":39},{"not_picked":["Sucker Punch","Blade Dance","Backflip"],"picked":"Venomology","floor":41},{"not_picked":["Underhanded Strike","Dagger Throw+1","Poisoned Stab+1"],"picked":"Distraction+1","floor":42},{"not_picked":["Dark Shackles","Thinking Ahead","Finesse"],"picked":"Mind Blast","floor":44},{"not_picked":["Dodge and Roll+1","Quick Slash+1","Outmaneuver"],"picked":"Blade Dance+1","floor":46},{"not_picked":["Expertise","Blade Dance","Eviscerate+1"],"picked":"Quick Slash+1","floor":47},{"not_picked":["Dash","Heel Hook+1","Backflip+1"],"picked":"Slice+1","floor":48}],"player_experience":34861,"relics_obtained":[{"floor":6,"key":"Question Card"},{"floor":9,"key":"Mummified Hand"},{"floor":14,"key":"Matryoshka"},{"floor":26,"key":"Gremlin Horn"},{"floor":26,"key":"Potion Belt"},{"floor":36,"key":"Pocketwatch"},{"floor":43,"key":"Strawberry"},{"floor":43,"key":"Vajra"}],"event_choices":[{"damage_healed":0,"gold_gain":0,"player_choice":"2 cards matched","damage_taken":0,"max_hp_gain":0,"max_hp_loss":0,"event_name":"Match and Keep!","floor":4,"gold_loss":0,"cards_obtained":["Underhanded Strike","Blur"]},{"damage_healed":0,"gold_gain":0,"player_choice":"Gave Potion","damage_taken":0,"relics_obtained":["Sundial"],"max_hp_gain":0,"max_hp_loss":0,"event_name":"WeMeetAgain","floor":11,"gold_loss":0},{"damage_healed":0,"gold_gain":0,"player_choice":"Obtained Relic","damage_taken":0,"relics_obtained":["Mercury Hourglass"],"max_hp_gain":0,"max_hp_loss":0,"event_name":"Addict","floor":19,"gold_loss":85},{"damage_healed":0,"gold_gain":0,"player_choice":"Shed Blood","damage_taken":21,"max_hp_gain":5,"max_hp_loss":0,"event_name":"Forgotten Altar","floor":22,"gold_loss":0},{"cards_removed":["Bullet Time"],"damage_healed":15,"gold_gain":0,"player_choice":"Offered Rare","damage_taken":0,"max_hp_gain":10,"max_hp_loss":0,"event_name":"Bonfire Elementals","floor":27,"gold_loss":0},{"damage_healed":0,"gold_gain":0,"player_choice":"Fight","damage_taken":0,"max_hp_gain":0,"max_hp_loss":0,"event_name":"MindBloom","floor":36,"gold_loss":0},{"damage_healed":0,"gold_gain":0,"player_choice":"Max HP","damage_taken":0,"max_hp_gain":0,"max_hp_loss":5,"event_name":"Winding Halls","floor":37,"gold_loss":0},{"cards_removed":["Strike_G"],"damage_healed":0,"gold_gain":0,"player_choice":"Removed Attack","damage_taken":0,"max_hp_gain":0,"max_hp_loss":0,"event_name":"Falling","floor":38,"gold_loss":0},{"damage_healed":0,"gold_gain":0,"player_choice":"Memory 1","damage_taken":0,"max_hp_gain":0,"max_hp_loss":0,"event_name":"SensoryStone","floor":44,"gold_loss":0}],"is_beta":false,"boss_relics":[{"not_picked":["Coffee Dripper","Snecko Eye"],"picked":"Tiny House"},{"not_picked":["Black Star","Astrolabe"],"picked":"Philosopher\u0027s Stone"}],"items_purged_floors":[],"is_endless":false,"potions_floor_spawned":[2,3,6,16,18,29,31,39,42,47,48],"ascension_level":0}