{"gold_per_floor":[109,109,109,126,141,171,171,246,296,296,328,344,369,383,383,461,461,461,17,17,17,0,0,0,0,0,0,0,0,0,0,0,0,0,0,0,0,0,0,0,0,0,0,0,0,0,0,0,0,0],"floor_reached":51,"playtime":3922,"items_purged":["Defend_B"],"score":1377,"play_id":"c5f3943f-3b8a-4f5d-97d4-00819a205c55","local_time":"20190225160252","is_ascension_mode":true,"campfire_choices":[{"floor":7,"key":"REST"},{"floor":10,"key":"REST"},{"data":"Hologram","floor":15,"key":"SMITH"},{"floor":24,"key":"REST"},{"data":"Amplify","floor":29,"key":"SMITH"},{"floor":32,"key":"REST"},{"floor":41,"key":"REST"},{"data":"Recycle","floor":47,"key":"SMITH"},{"floor":49,"key":"REST"}],"neow_cost":"NONE","seed_source_timestamp":781440920502325,"circlet_count":0,"master_deck":["AscendersBane","Strike_B","Strike_B","Strike_B","Strike_B","Defend_B","Defend_B","Defend_B","Zap+1","Dualcast+1","BootSequence","Hologram+1","Creative AI+1","Glacier","Coolheaded","Amplify+1","Cold Snap","Gash","Ball Lightning","Loop","Decay","Recycle+1","Biased Cognition","FTL+1","Writhe","Steam+1","Barrage+1"],"relics":["Cracked Core","DataDisk","Meat on the Bone","Bag of Marbles","Symbiotic Virus","Dream Catcher","Ectoplasm","Bronze Scales","Oddly Smooth Stone","Pen Nib","Pear","PreservedInsect","Regal Pillow","Busted Crown","Old Coin","Strawberry","Ornamental Fan","Blue Candle","Happy Flower"],"potions_floor_usage":[6,11,13,16,33,38,50],"damage_taken":[{"damage":0,"enemies":"Small Slimes","floor":1,"turns":3},{"damage":7,"enemies":"Jaw Worm","floor":4,"turns":3},{"damage":1,"enemies":"Cultist","floor":5,"turns":3},{"damage":20,"enemies":"3 Sentries","floor":6,"turns":9},{"damage":17,"enemies":"Lagavulin","floor":11,"turns":6},{"damage":2,"enemies":"3 Louse","floor":12,"turns":3},{"damage":15,"enemies":"3 Sentries","floor":13,"turns":6},{"damage":1,"enemies":"Looter","floor":14,"turns":3},{"damage":25,"enemies":"Hexaghost","floor":16,"turns":11},{"damage":27,"enemies":"3 Byrds","floor":18,"turns":9},{"damage":12,"enemies":"Book of Stabbing","floor":23,"turns":6},{"damage":40,"enemies":"Gremlin Leader","floor":25,"turns":9},{"damage":29,"enemies":"Slavers","floor":27,"turns":9},{"damage":12,"enemies":"Shell Parasite","floor":30,"turns":7},{"damage":62,"enemies":"Collector","floor":33,"turns":12},{"damage":15,"enemies":"Orb Walker","floor":35,"turns":3},{"damage":8,"enemies":"3 Darklings","floor":37,"turns":8},{"damage":42,"enemies":"2 Orb Walkers","floor":38,"turns":7},{"damage":24,"enemies":"Nemesis","floor":40,"turns":7},{"damage":11,"enemies":"4 Shapes","floor":42,"turns":5},{"damage":30,"enemies":"Giant Head","floor":44,"turns":7},{"damage":1,"enemies":"Writhing Mass","floor":45,"turns":5},{"damage":13,"enemies":"Nemesis","floor":46,"turns":4},{"damage":13,"enemies":"Spire Growth","floor":48,"turns":6},{"damage":52,"enemies":"Donu and Deca","floor":50,"turns":14}],"seed_played":"8320211927281525393","potions_obtained":[{"floor":4,"key":"Weak Potion"},{"floor":5,"key":"FocusPotion"},{"floor":6,"key":"PowerPotion"},{"floor":12,"key":"Poison Potion"},{"floor":27,"key":"GamblersBrew"},{"floor":33,"key":"Strength Potion"},{"floor":37,"key":"EssenceOfSteel"},{"floor":42,"key":"EssenceOfSteel"},{"floor":44,"key":"FocusPotion"},{"floor":48,"key":"Energy Potion"}],"is_trial":false,"path_per_floor":["M","?","?","M","M","E","R","?","T","R","E","M","E","M","R","B",null,"M","$","?","?","?","E","R","E","T","E","?","R","M","?","R","B",null,"M","$","M","?","?","E","R","M","T","E","M","E","R","M","R","B",null],"character_chosen":"DEFECT","items_purchased":["Bronze Scales","Oddly Smooth Stone","FocusPotion"],"campfire_rested":6,"item_purchase_floors":[19,19,19],"current_hp_per_floor":[68,61,61,54,53,33,55,44,44,66,49,47,44,43,43,30,64,49,49,49,49,49,49,71,53,53,36,36,36,36,36,76,26,70,55,55,47,17,38,33,75,64,64,46,57,56,56,55,92,52],"gold":0,"neow_bonus":"UPGRADE_CARD","is_prod":false,"is_daily":false,"chose_seed":false,"campfire_upgraded":3,"win_rate":0,"timestamp":1551106972,"path_taken":["M","?","?","M","?","E","R","?","T","R","E","M","E","M","R","BOSS","M","$","?","?","?","E","R","E","T","E","?","R","?","?","R","BOSS","M","?","M","?","?","E","R","?","T","E","M","E","R","M","R","BOSS"],"build_version":"2019-01-23","purchased_purges":1,"victory":true,"max_hp_per_floor":[75,75,75,75,75,75,75,75,75,75,75,75,75,75,75,75,75,75,75,75,75,75,75,75,85,85,85,85,85,85,85,85,85,85,85,85,85,85,85,92,92,92,92,92,92,92,92,92,92,92],"card_choices":[{"not_picked":["Beam Cell","Turbo","Redo"],"picked":"SKIP","floor":1},{"not_picked":["Rip and Tear","Rebound","Sweeping Beam"],"picked":"SKIP","floor":4},{"not_picked":["Turbo","Go for the Eyes"],"picked":"BootSequence","floor":5},{"not_picked":["Lockon","Barrage"],"picked":"Hologram","floor":6},{"not_picked":["Hello World","Turbo","Hologram"],"picked":"SKIP","floor":11},{"not_picked":["Steam","Coolheaded"],"picked":"Creative AI","floor":12},{"not_picked":["Gash","Hello World"],"picked":"Glacier","floor":13},{"not_picked":["Genetic Algorithm","Skim"],"picked":"Coolheaded","floor":14},{"not_picked":["Buffer","Reboot"],"picked":"Amplify","floor":16},{"not_picked":["Melter","Streamline","Leap"],"picked":"SKIP","floor":18},{"not_picked":["Gash","Rip and Tear"],"picked":"Cold Snap","floor":23},{"not_picked":["Hologram","Beam Cell"],"picked":"Gash","floor":24},{"not_picked":["Melter","Redo"],"picked":"Ball Lightning","floor":25},{"not_picked":["Genetic Algorithm","Cold Snap","Creative AI"],"picked":"SKIP","floor":27},{"not_picked":["Beam Cell","Leap"],"picked":"Loop","floor":30},{"not_picked":["Chaos","Hologram"],"picked":"Recycle","floor":32},{"not_picked":["Multi-Cast","Rainbow"],"picked":"Biased Cognition","floor":33},{"not_picked":["Sweeping Beam"],"picked":"SKIP","floor":35},{"not_picked":["Rebound+1"],"picked":"SKIP","floor":37},{"not_picked":[],"picked":"FTL+1","floor":38},{"not_picked":["BootSequence"],"picked":"SKIP","floor":40},{"not_picked":[],"picked":"Steam+1","floor":41},{"not_picked":[],"picked":"Barrage+1","floor":42},{"not_picked":["Aggregate+1"],"picked":"SKIP","floor":44},{"not_picked":["Redo"],"picked":"SKIP","floor":45},{"not_picked":["Rip and Tear+1"],"picked":"SKIP","floor":46},{"not_picked":["FTL"],"picked":"SKIP","floor":48}],"player_experience":451741,"relics_obtained":[{"floor":6,"key":"Meat on the Bone"},{"floor":9,"key":"Bag of Marbles"},{"floor":11,"key":"Symbiotic Virus"},{"floor":13,"key":"Dream Catcher"},{"floor":23,"key":"Pen Nib"},{"floor":25,"key":"Pear"},{"floor":26,"key":"PreservedInsect"},{"floor":27,"key":"Regal Pillow"},{"floor":38,"key":"Old Coin"},{"floor":40,"key":"Strawberry"},{"floor":43,"key":"Ornamental Fan"},{"floor":44,"key":"Blue Candle"},{"floor":46,"key":"Happy Flower"}],"event_choices":[{"damage_healed":0,"gold_gain":0,"player_choice":"Success","damage_taken":7,"relics_obtained":["DataDisk"],"max_hp_gain":0,"max_hp_loss":0,"event_name":"Scrap Ooze","floor":2,"gold_loss":0},{"damage_healed":0,"gold_gain":0,"player_choice":"Upgraded","damage_taken":0,"max_hp_gain":0,"max_hp_loss":0,"event_name":"Upgrade Shrine","floor":3,"gold_loss":0,"cards_upgraded":["Dualcast"]},{"damage_healed":0,"gold_gain":75,"player_choice":"Gather Gold","damage_taken":11,"max_hp_gain":0,"max_hp_loss":0,"event_name":"World of Goop","floor":8,"gold_loss":0},{"damage_healed":0,"gold_gain":0,"player_choice":"Ignored","damage_taken":0,"max_hp_gain":0,"max_hp_loss":0,"event_name":"Ghosts","floor":20,"gold_loss":0},{"damage_healed":0,"gold_gain":0,"player_choice":"Ignored","damage_taken":0,"max_hp_gain":0,"max_hp_loss":0,"event_name":"Beggar","floor":21,"gold_loss":0},{"damage_healed":0,"gold_gain":0,"player_choice":"Paid Fearfully","damage_taken":0,"max_hp_gain":0,"max_hp_loss":0,"event_name":"Masked Bandits","floor":22,"gold_loss":17},{"damage_healed":0,"gold_gain":0,"player_choice":"Forge","damage_taken":0,"max_hp_gain":0,"max_hp_loss":0,"event_name":"Accursed Blacksmith","floor":28,"gold_loss":0,"cards_upgraded":["Creative AI"]},{"damage_healed":0,"gold_gain":0,"player_choice":"Cursed","damage_taken":0,"max_hp_gain":0,"max_hp_loss":0,"event_name":"Wheel of Change","floor":31,"gold_loss":0,"cards_obtained":["Decay"]},{"damage_healed":0,"gold_gain":0,"player_choice":"Fight","damage_taken":0,"max_hp_gain":0,"max_hp_loss":0,"event_name":"Mysterious Sphere","floor":38,"gold_loss":0},{"damage_healed":21,"gold_gain":0,"player_choice":"Writhe","damage_taken":0,"max_hp_gain":0,"max_hp_loss":0,"event_name":"Winding Halls","floor":39,"gold_loss":0,"cards_obtained":["Writhe"]}],"is_beta":false,"boss_relics":[{"not_picked":["Velvet Choker","Sozu"],"picked":"Ectoplasm"},{"not_picked":["Orrery","White Beast Statue"],"picked":"Busted Crown"}],"items_purged_floors":[19],"is_endless":false,"potions_floor_spawned":[4,5,6,12,27,33,37,42,44,48],"ascension_level":13}