{"gold_per_floor":[11,11,11,24,34,34,63,63,63,94,19,19,19,37,37,141,141,161,161,180,133,153,153,188,188,188,222,242,167,167,22,22,117,117,127,0,19,38,51,51,51],"floor_reached":41,"playtime":2564,"items_purged":["Bash"],"score":618,"play_id":"5719ce74-04bb-4323-90fe-3551e26879dc","local_time":"20190128215204","is_ascension_mode":true,"campfire_choices":[{"data":"Perfected Strike","floor":6.0,"key":"SMITH"},{"data":"Flex","floor":8.0,"key":"SMITH"},{"data":"Perfected Strike","floor":13.0,"key":"SMITH"},{"floor":15.0,"key":"REST"},{"floor":23,"key":"REST"},{"data":"Double Tap","floor":25,"key":"SMITH"},{"data":"Combust","floor":30,"key":"SMITH"},{"floor":32,"key":"REST"},{"floor":40,"key":"REST"}],"neow_cost":"NO_GOLD","seed_source_timestamp":0,"circlet_count":0,"master_deck":["Strike_R","Strike_R","Strike_R","Strike_R","Strike_R","Defend_R","Defend_R","Perfected Strike+1","Bash+1","Dropkick","Flex+1","Perfected Strike+1","Combust+1","Double Tap+1","Thunderclap","Twin Strike","Twin Strike","Limit Break","Battle Trance+1","Wild Strike+1","Havoc+1"],"special_seed":0,"relics":["Burning Blood","Gremlin Horn","Self Forming Clay","Ancient Tea Set","Black Star","Vajra","Potion Belt","Bird Faced Urn","Mummified Hand","Orichalcum","Juzu Bracelet","White Beast Statue","Red Mask"],"potions_floor_usage":[24,28,33,38,39,39,39,41,41],"damage_taken":[{"damage":0.0,"enemies":"Small Slimes","floor":1.0,"turns":3.0},{"damage":6.0,"enemies":"Cultist","floor":4.0,"turns":4.0},{"damage":2.0,"enemies":"Jaw Worm","floor":5.0,"turns":3.0},{"damage":8.0,"enemies":"Gremlin Nob","floor":7.0,"turns":3.0},{"damage":42.0,"enemies":"Lagavulin","floor":10.0,"turns":7.0},{"damage":0.0,"enemies":"Exordium Thugs","floor":14.0,"turns":1.0},{"damage":39.0,"enemies":"The Guardian","floor":16.0,"turns":9.0},{"damage":22.0,"enemies":"3 Byrds","floor":18.0,"turns":4.0},{"damage":11.0,"enemies":"Spheric Guardian","floor":20.0,"turns":3.0},{"damage":32,"enemies":"3 Cultists","floor":22,"turns":6},{"damage":11,"enemies":"Slavers","floor":24,"turns":3},{"damage":8,"enemies":"Gremlin Leader","floor":27,"turns":3},{"damage":20,"enemies":"Sentry and Sphere","floor":28,"turns":4},{"damage":91,"enemies":"Champ","floor":33,"turns":8},{"damage":31,"enemies":"3 Darklings","floor":35,"turns":4},{"damage":12,"enemies":"3 Shapes","floor":37,"turns":2},{"damage":40,"enemies":"Maw","floor":38,"turns":6},{"damage":16,"enemies":"Sphere and 2 Shapes","floor":39,"turns":3},{"damage":55,"enemies":"Giant Head","floor":41,"turns":5}],"seed_played":"-4829454728315138337","potions_obtained":[{"floor":4.0,"key":"Swift Potion"},{"floor":5.0,"key":"BloodPotion"},{"floor":14.0,"key":"FairyPotion"},{"floor":20.0,"key":"Ancient Potion"},{"floor":24,"key":"SkillPotion"},{"floor":27,"key":"SkillPotion"},{"floor":33,"key":"SkillPotion"},{"floor":35,"key":"Explosive Potion"},{"floor":37,"key":"FearPotion"},{"floor":38,"key":"Weak Potion"},{"floor":39,"key":"Strength Potion"}],"is_trial":false,"path_per_floor":["?","M","?","?","M","?","?"],"character_chosen":"IRONCLAD","items_purchased":["Thunderclap","Juzu Bracelet"],"campfire_rested":4,"item_purchase_floors":[21,31],"current_hp_per_floor":[94,94,94,94,96,96,94,94,94,58,58,51,51,57,85,52,85,69,69,64,64,38,66,61,61,61,59,45,45,45,45,73,14,76,53,53,47,15,16,44,0],"gold":51,"neow_bonus":"TWENTY_PERCENT_HP_BONUS","is_prod":false,"is_daily":false,"chose_seed":false,"campfire_upgraded":5,"win_rate":0,"timestamp":1548683524,"path_taken":["M","$","?","M","?","R","E","R","T","E","$","?","R","M","R","BOSS","M","?","M","$","M","R","E","R","T","E","?","?","R","$","R","BOSS","M","?","M","M","M","R","E"],"build_version":"2019-01-23","purchased_purges":1,"victory":false,"max_hp_per_floor":[96,96,96,96,96,96,96,96,96,96,96,96,96,96,96,96,96,96,96,96,96,96,96,96,96,96,96,96,96,96,96,96,96,96,96,96,96,96,96,96,96],"card_choices":[{"not_picked":["Headbutt","Cleave"],"picked":"Perfected Strike","floor":1.0},{"not_picked":["Barricade","Clothesline"],"picked":"Dropkick","floor":4.0},{"not_picked":["Body Slam","Heavy Blade","Evolve"],"picked":"SKIP","floor":5.0},{"not_picked":["Sword Boomerang","Clothesline"],"picked":"Flex","floor":7.0},{"not_picked":["Body Slam","Hemokinesis"],"picked":"Perfected Strike","floor":10.0},{"not_picked":["Sever Soul","Rupture"],"picked":"Combust","floor":14.0},{"not_picked":["Reaper","Dark Embrace"],"picked":"Double Tap","floor":16.0},{"not_picked":["Anger+1","Clash","Fire Breathing+1"],"picked":"SKIP","floor":18.0},{"not_picked":["Clothesline","Iron Wave","Sword Boomerang+1"],"picked":"SKIP","floor":20.0},{"not_picked":["Clash","Juggernaut"],"picked":"Twin Strike","floor":22},{"not_picked":["Armaments","Barricade","Thunderclap+1"],"picked":"SKIP","floor":24},{"not_picked":["Flame Barrier","Anger","Disarm"],"picked":"SKIP","floor":27},{"not_picked":["Rupture","Rage"],"picked":"Twin Strike","floor":28},{"not_picked":["Exhume","Dark Embrace"],"picked":"Limit Break","floor":33},{"not_picked":["Perfected Strike","Sever Soul+1"],"picked":"Battle Trance+1","floor":35},{"not_picked":["Battle Trance","True Grit+1"],"picked":"Wild Strike+1","floor":37},{"not_picked":["Evolve","Body Slam"],"picked":"Havoc+1","floor":38},{"not_picked":["Thunderclap","Burning Pact+1","Sentinel"],"picked":"SKIP","floor":39}],"player_experience":99982,"relics_obtained":[{"floor":7.0,"key":"Gremlin Horn"},{"floor":9.0,"key":"Self Forming Clay"},{"floor":10.0,"key":"Ancient Tea Set"},{"floor":24,"key":"Vajra"},{"floor":24,"key":"Potion Belt"},{"floor":26,"key":"Bird Faced Urn"},{"floor":27,"key":"Mummified Hand"},{"floor":27,"key":"Orichalcum"}],"event_choices":[{"damage_healed":0.0,"max_hp_gain":0.0,"max_hp_loss":0.0,"gold_gain":0.0,"event_name":"Match and Keep!","player_choice":"1 cards matched","floor":3.0,"gold_loss":0.0,"damage_taken":0.0,"cards_obtained":["Bash"]},{"cards_removed":["Defend_R"],"damage_healed":0.0,"max_hp_gain":0.0,"max_hp_loss":0.0,"gold_gain":0.0,"event_name":"Golden Wing","player_choice":"Card Removal","floor":12.0,"gold_loss":0.0,"damage_taken":7.0},{"damage_healed":0.0,"max_hp_gain":0.0,"max_hp_loss":0.0,"gold_gain":0.0,"event_name":"Accursed Blacksmith","player_choice":"Forge","floor":19.0,"gold_loss":0.0,"damage_taken":0.0,"cards_upgraded":["Bash"]},{"cards_removed":["Defend_R"],"damage_healed":0,"gold_gain":0,"player_choice":"Gave Gold","damage_taken":0,"max_hp_gain":0,"max_hp_loss":0,"event_name":"Beggar","floor":29,"gold_loss":75},{"damage_healed":0,"gold_gain":0,"player_choice":"Paid","damage_taken":0,"relics_obtained":["Red Mask"],"max_hp_gain":0,"max_hp_loss":0,"event_name":"Tomb of Lord Red Mask","floor":36,"gold_loss":127}],"is_beta":false,"boss_relics":[{"not_picked":["Runic Dome","Orrery"],"picked":"Black Star"},{"not_picked":["Calling Bell","Fusion Hammer"],"picked":"White Beast Statue"}],"items_purged_floors":[11],"is_endless":false,"potions_floor_spawned":[4,5,14,20,24,27,33,35,37,38,39],"killed_by":"Giant Head","ascension_level":7}