{"gold_per_floor":[117,117,136,136,148,148,148,180,207,2,2,2,28,40,40,111,111,123,134,160,160,174,185,185,218,518,518,518,518,518,544,544,615,615,625,375,375,597,597,597,611,636,636,636,636,64,84,97,97,97],"floor_reached":50,"playtime":2586,"items_purged":["Strike_G","Defend_G"],"score":898,"play_id":"d3d6768a-f0e3-406c-a2b4-419f1f8354ad","local_time":"20181210234428","is_ascension_mode":true,"campfire_choices":[{"data":"Sucker Punch","floor":6.0,"key":"SMITH"},{"floor":12.0,"key":"REST"},{"data":"Predator","floor":15.0,"key":"SMITH"},{"data":"Acrobatics","floor":24.0,"key":"SMITH"},{"data":"Underhanded Strike","floor":30.0,"key":"SMITH"},{"floor":32.0,"key":"REST"},{"data":"Underhanded Strike","floor":40,"key":"SMITH"},{"data":"Deflect","floor":45,"key":"SMITH"},{"data":"Die Die Die","floor":49,"key":"SMITH"}],"neow_cost":"NONE","seed_source_timestamp":297101395144187,"circlet_count":0,"master_deck":["AscendersBane","Defend_G","Defend_G+1","Defend_G+1","Strike_G","Strike_G","Survivor","Neutralize+1","Heel Hook","Underhanded Strike+1","Sucker Punch+1","Deflect+1","Acrobatics+1","Predator+1","Bullet Time+1","Phantasmal Killer+1","Terror+1","Reflex+1","Prepared+1","Calculated Gamble+1","Decay","Corpse Explosion+1","Tactician+1","Underhanded Strike+1","Backflip+1","Phantasmal Killer+1","Violence+1","Backflip+1","Deflect+1","Secret Technique+1","Blind+1","Calculated Gamble+1","Die Die Die+1"],"special_seed":0,"relics":["Ring of the Serpent","Blood Vial","War Paint","Vajra","Toxic Egg 2","Red Mask","Ninja Scroll","Old Coin","Question Card","Lantern","Orrery","Bottled Lightning","Thread and Needle"],"potions_floor_usage":[50,50],"damage_taken":[{"damage":0.0,"enemies":"Jaw Worm","floor":1.0,"turns":6.0},{"damage":1.0,"enemies":"Small Slimes","floor":3.0,"turns":5.0},{"damage":0.0,"enemies":"2 Louse","floor":5.0,"turns":2.0},{"damage":31.0,"enemies":"3 Sentries","floor":8.0,"turns":12.0},{"damage":15.0,"enemies":"Gremlin Nob","floor":13.0,"turns":4.0},{"damage":0.0,"enemies":"Blue Slaver","floor":14.0,"turns":3.0},{"damage":27.0,"enemies":"Slime Boss","floor":16.0,"turns":10.0},{"damage":2.0,"enemies":"Spheric Guardian","floor":18.0,"turns":3.0},{"damage":0.0,"enemies":"3 Byrds","floor":19.0,"turns":6.0},{"damage":11.0,"enemies":"Masked Bandits","floor":20.0,"turns":4.0},{"damage":4.0,"enemies":"Snecko","floor":22.0,"turns":4.0},{"damage":10.0,"enemies":"Centurion and Healer","floor":23.0,"turns":6.0},{"damage":20.0,"enemies":"Slavers","floor":25.0,"turns":6.0},{"damage":36.0,"enemies":"Gremlin Leader","floor":31.0,"turns":4.0},{"damage":39.0,"enemies":"Collector","floor":33.0,"turns":8.0},{"damage":25,"enemies":"3 Darklings","floor":35,"turns":3},{"damage":0,"enemies":"Orb Walker","floor":41,"turns":2},{"damage":1,"enemies":"Giant Head","floor":42,"turns":5},{"damage":1,"enemies":"Maw","floor":47,"turns":3},{"damage":1,"enemies":"Writhing Mass","floor":48,"turns":3},{"damage":79,"enemies":"Awakened One","floor":50,"turns":15}],"seed_played":"4382876627865587142","potions_obtained":[{"floor":8.0,"key":"Dexterity Potion"},{"floor":13.0,"key":"GamblersBrew"},{"floor":16.0,"key":"PowerPotion"},{"floor":20.0,"key":"Strength Potion"},{"floor":22.0,"key":"Block Potion"},{"floor":25.0,"key":"FearPotion"},{"floor":33.0,"key":"SteroidPotion"}],"is_trial":false,"path_per_floor":["M","?","M","?","M","R","?","E","T","$","?","R","E","M","R","B",null,"M","M","?","?","M","M","R","E","T","?","?","?","R","E","R","B",null,"M","$","?","?","?","R","M","E","T","?","R","$","M","M","R","B"],"character_chosen":"THE_SILENT","items_purchased":["Vajra","Acrobatics","Violence+1","Secret Technique+1","Blind+1","Calculated Gamble+1","Die Die Die"],"campfire_rested":2,"item_purchase_floors":[10,10,36,46,46,46,46],"current_hp_per_floor":[63,56,55,55,55,55,60,29,29,29,29,51,38,40,40,15,60,60,62,53,53,51,43,43,25,25,25,50,50,50,16,38,1,57,34,34,34,34,71,71,71,70,70,70,70,70,70,70,70,0],"gold":97,"neow_bonus":"UPGRADE_CARD","is_prod":false,"is_daily":false,"chose_seed":false,"campfire_upgraded":7,"win_rate":0,"timestamp":1544481868,"path_taken":["M","?","M","?","M","R","?","E","T","$","?","R","E","?","R","BOSS","M","?","?","?","?","?","R","E","T","?","?","?","R","E","R","BOSS","M","$","?","?","?","R","?","E","T","?","R","$","M","M","R","BOSS"],"build_version":"2018-12-06","purchased_purges":2,"victory":false,"max_hp_per_floor":[70,70,70,70,70,70,75,75,75,75,75,75,75,75,75,75,75,75,75,75,75,75,75,75,75,75,75,75,75,75,75,75,75,75,75,75,71,71,71,71,71,71,71,71,71,71,71,71,71,71],"card_choices":[{"not_picked":["Blade Dance","Underhanded Strike"],"picked":"Heel Hook","floor":1.0},{"not_picked":["Dagger Throw","PiercingWail"],"picked":"Underhanded Strike","floor":3.0},{"not_picked":["Dodge and Roll","Acrobatics"],"picked":"Sucker Punch","floor":5.0},{"not_picked":["Reflex","Distraction"],"picked":"Deflect","floor":8.0},{"not_picked":["Sucker Punch","Quick Slash"],"picked":"Predator","floor":13.0},{"not_picked":["Flying Knee","Slice"],"picked":"Bullet Time+1","floor":14.0},{"not_picked":["Bullet Time+1","Night Terror+1"],"picked":"Phantasmal Killer+1","floor":16.0},{"not_picked":["Eviscerate","Bane+1","Bouncing Flask+1"],"picked":"SKIP","floor":18.0},{"not_picked":["Bane","Endless Agony"],"picked":"Terror+1","floor":19.0},{"not_picked":["Dagger Spray","Finisher"],"picked":"Reflex+1","floor":20.0},{"not_picked":["Quick Slash","Caltrops","Finisher"],"picked":"SKIP","floor":22.0},{"not_picked":["Unload","Deadly Poison+1"],"picked":"Prepared+1","floor":23.0},{"not_picked":["Poisoned Stab+1","Underhanded Strike"],"picked":"Calculated Gamble+1","floor":25.0},{"not_picked":["Accuracy","Poisoned Stab","Outmaneuver+1","Cloak And Dagger+1"],"picked":"SKIP","floor":31.0},{"not_picked":["A Thousand Cuts","Night Terror+1","Burst+1"],"picked":"Corpse Explosion+1","floor":33.0},{"not_picked":["Blade Dance+1","Poisoned Stab","Terror+1"],"picked":"Tactician+1","floor":34.0},{"not_picked":["Heel Hook","Prepared+1","Deadly Poison+1"],"picked":"Underhanded Strike","floor":34.0},{"not_picked":["Cloak And Dagger+1","Outmaneuver+1","Poisoned Stab"],"picked":"Backflip+1","floor":34.0},{"not_picked":["Accuracy","Blade Dance+1","Deadly Poison+1"],"picked":"Phantasmal Killer+1","floor":34.0},{"not_picked":["Caltrops","Slice+1","Dagger Spray","Dodge and Roll+1"],"picked":"SKIP","floor":35},{"not_picked":["Tactician+1","Dash+1","Prepared+1"],"picked":"Backflip+1","floor":41},{"not_picked":["Dodge and Roll+1","Poisoned Stab","Infinite Blades"],"picked":"Deflect+1","floor":42},{"not_picked":["Deadly Poison+1","Outmaneuver+1","Slice","Setup+1"],"picked":"SKIP","floor":47},{"not_picked":["Dodge and Roll+1","Infinite Blades+1","Quick Slash","PiercingWail+1"],"picked":"SKIP","floor":48}],"player_experience":732393,"relics_obtained":[{"floor":8.0,"key":"Blood Vial"},{"floor":9.0,"key":"War Paint"},{"floor":13.0,"key":"Toxic Egg 2"},{"floor":20.0,"key":"Red Mask"},{"floor":25.0,"key":"Ninja Scroll"},{"floor":26.0,"key":"Old Coin"},{"floor":31.0,"key":"Lantern"},{"floor":42,"key":"Bottled Lightning"},{"floor":43,"key":"Thread and Needle"}],"event_choices":[{"cards_removed":["Defend_G"],"damage_healed":0.0,"max_hp_gain":0.0,"max_hp_loss":0.0,"gold_gain":0.0,"event_name":"Golden Wing","player_choice":"Card Removal","floor":2.0,"gold_loss":0.0,"damage_taken":7.0},{"damage_healed":0.0,"max_hp_gain":0.0,"max_hp_loss":0.0,"gold_gain":0.0,"event_name":"Liars Game","player_choice":"Ignored","floor":4.0,"gold_loss":0.0,"damage_taken":0.0},{"damage_healed":0.0,"max_hp_gain":5.0,"max_hp_loss":0.0,"gold_gain":0.0,"event_name":"Big Fish","player_choice":"Donut","floor":7.0,"gold_loss":0.0,"damage_taken":0.0},{"cards_removed":["Strike_G"],"damage_healed":0.0,"max_hp_gain":0.0,"max_hp_loss":0.0,"gold_gain":0.0,"event_name":"Living Wall","player_choice":"Forget","floor":11.0,"gold_loss":0.0,"damage_taken":0.0},{"damage_healed":0.0,"max_hp_gain":0.0,"max_hp_loss":0.0,"gold_gain":0.0,"event_name":"Masked Bandits","player_choice":"Fought Bandits","floor":20.0,"gold_loss":0.0,"damage_taken":0.0},{"cards_removed":["Strike_G"],"damage_healed":0.0,"max_hp_gain":0.0,"max_hp_loss":0.0,"gold_gain":0.0,"event_name":"Bonfire Elementals","player_choice":"Offered Basic","floor":21.0,"gold_loss":0.0,"damage_taken":0.0},{"damage_healed":0.0,"max_hp_gain":0.0,"max_hp_loss":0.0,"gold_gain":0.0,"event_name":"Forgotten Altar","player_choice":"Smashed Altar","floor":27.0,"gold_loss":0.0,"damage_taken":0.0,"cards_obtained":["Decay"]},{"damage_healed":25.0,"max_hp_gain":0.0,"max_hp_loss":0.0,"gold_gain":0.0,"event_name":"The Library","player_choice":"Heal","floor":28.0,"gold_loss":0.0,"damage_taken":0.0},{"damage_healed":0.0,"max_hp_gain":0.0,"max_hp_loss":0.0,"gold_gain":0.0,"event_name":"The Mausoleum","player_choice":"Opened","floor":29.0,"gold_loss":0.0,"damage_taken":0.0,"relics_obtained":["Question Card"]},{"damage_healed":0,"gold_gain":0,"player_choice":"Max HP","damage_taken":0,"max_hp_gain":0,"max_hp_loss":4,"event_name":"Winding Halls","floor":37,"gold_loss":0},{"damage_healed":0,"gold_gain":222,"player_choice":"Wore Mask","damage_taken":0,"max_hp_gain":0,"max_hp_loss":0,"event_name":"Tomb of Lord Red Mask","floor":38,"gold_loss":0},{"damage_healed":37,"gold_gain":0,"player_choice":"Full Heal","damage_taken":0,"max_hp_gain":0,"max_hp_loss":0,"event_name":"Wheel of Change","floor":39,"gold_loss":0},{"damage_healed":0,"gold_gain":0,"player_choice":"Ignored","damage_taken":0,"max_hp_gain":0,"max_hp_loss":0,"event_name":"Mysterious Sphere","floor":44,"gold_loss":0}],"is_beta":false,"boss_relics":[{"not_picked":["Black Star","Cursed Key"],"picked":"Ring of the Serpent"},{"not_picked":["Philosopher\u0027s Stone","Lizard Tail"],"picked":"Orrery"}],"items_purged_floors":[36,46],"is_endless":false,"potions_floor_spawned":[8,13,16,20,22,25,33,41,47],"killed_by":"Awakened One","ascension_level":13}