{"gold_per_floor":[112,125,139,139,139,169,181,191,261,261,292,292,310,326,326,404,404,417,417,303,303,314,347,347,373,399,399,432,446,458,458,458,529,529,543,559,577,216,236,236,269,13,92,104,104,104,104,122,122,122],"floor_reached":51,"playtime":2229,"items_purged":["Eviscerate","Strike_G"],"score":1273,"play_id":"bab8c0b6-0aa8-4eee-89d6-67d9b6aa3315","local_time":"20190103232629","is_ascension_mode":true,"campfire_choices":[{"data":"Deadly Poison","floor":10,"key":"SMITH"},{"data":"Bane","floor":12,"key":"SMITH"},{"data":"Neutralize","floor":15,"key":"SMITH"},{"floor":24,"key":"REST"},{"data":"Glass Knife","floor":27,"key":"SMITH"},{"floor":32,"key":"REST"},{"floor":40,"key":"REST"},{"floor":45,"key":"REST"},{"floor":47,"key":"REST"},{"data":"Predator","floor":49,"key":"SMITH"}],"neow_cost":"NONE","seed_source_timestamp":1160576502224805,"circlet_count":0,"master_deck":["AscendersBane","Defend_G","Defend_G","Defend_G","Defend_G","Defend_G","Strike_G","Strike_G","Strike_G","Strike_G","Survivor","Neutralize","Cloak And Dagger+1","Quick Slash","Neutralize+1","Bane+1","Deadly Poison+1","Blur","Wraith Form v2+1","PiercingWail","Noxious Fumes+1","Glass Knife+1","Dagger Spray+1","Predator+1","Leg Sweep","Glass Knife+1","PiercingWail","Noxious Fumes+1","Wraith Form v2+1","Malaise+1"],"relics":["Ring of the Snake","Oddly Smooth Stone","Blood Vial","Frozen Egg 2","Calipers","Velvet Choker","Gremlin Horn","PreservedInsect","Happy Flower","Boot","Art of War","Philosopher\u0027s Stone","Toolbox","Bottled Lightning","Mercury Hourglass","Meat on the Bone"],"potions_floor_usage":[11,16,16,18,23,25,33,36,39,50,50],"damage_taken":[{"damage":2,"enemies":"Cultist","floor":1,"turns":5},{"damage":0,"enemies":"2 Louse","floor":2,"turns":4},{"damage":0,"enemies":"Jaw Worm","floor":3,"turns":5},{"damage":20,"enemies":"3 Sentries","floor":6,"turns":11},{"damage":0,"enemies":"Blue Slaver","floor":7,"turns":4},{"damage":0,"enemies":"2 Fungi Beasts","floor":8,"turns":3},{"damage":8,"enemies":"Lagavulin","floor":11,"turns":6},{"damage":4,"enemies":"Red Slaver","floor":13,"turns":3},{"damage":1,"enemies":"Looter","floor":14,"turns":4},{"damage":24,"enemies":"Slime Boss","floor":16,"turns":11},{"damage":0,"enemies":"Chosen","floor":18,"turns":4},{"damage":8,"enemies":"2 Thieves","floor":22,"turns":4},{"damage":25,"enemies":"Slavers","floor":23,"turns":5},{"damage":8,"enemies":"Book of Stabbing","floor":25,"turns":4},{"damage":1,"enemies":"Gremlin Leader","floor":28,"turns":5},{"damage":3,"enemies":"Snake Plant","floor":29,"turns":3},{"damage":0,"enemies":"3 Cultists","floor":30,"turns":5},{"damage":50,"enemies":"Automaton","floor":33,"turns":9},{"damage":1,"enemies":"Orb Walker","floor":35,"turns":4},{"damage":3,"enemies":"3 Shapes","floor":36,"turns":5},{"damage":37,"enemies":"Spire Growth","floor":37,"turns":6},{"damage":14,"enemies":"Maw","floor":39,"turns":8},{"damage":12,"enemies":"Giant Head","floor":41,"turns":8},{"damage":1,"enemies":"Sphere and 2 Shapes","floor":44,"turns":3},{"damage":0,"enemies":"3 Darklings","floor":48,"turns":5},{"damage":43,"enemies":"Donu and Deca","floor":50,"turns":10}],"seed_played":"183100615421742630","potions_obtained":[{"floor":6,"key":"EssenceOfSteel"},{"floor":7,"key":"Energy Potion"},{"floor":11,"key":"Energy Potion"},{"floor":16,"key":"Explosive Potion"},{"floor":18,"key":"Weak Potion"},{"floor":23,"key":"LiquidBronze"},{"floor":28,"key":"Block Potion"},{"floor":33,"key":"Swift Potion"},{"floor":37,"key":"GamblersBrew"},{"floor":41,"key":"SteroidPotion"}],"is_trial":false,"path_per_floor":["M","M","M","?","?","E","M","M","T","R","E","R","M","M","R","B",null,"M","?","$","T","M","E","R","E","T","R","E","M","M","?","R","B",null,"M","M","M","$","M","R","E","$","T","M","R","?","R","M","R","B",null],"character_chosen":"THE_SILENT","items_purchased":["Predator","FearPotion","Toolbox","Mercury Hourglass"],"campfire_rested":5,"item_purchase_floors":[20,38,38,42],"current_hp_per_floor":[57,57,57,57,57,37,39,41,41,41,35,35,33,34,34,12,53,55,55,55,55,49,26,45,39,39,39,40,39,41,41,60,12,53,54,53,18,18,6,25,15,15,15,28,47,47,66,66,66,35],"gold":122,"neow_bonus":"RANDOM_COMMON_RELIC","is_prod":false,"is_daily":false,"chose_seed":false,"campfire_upgraded":5,"win_rate":0,"timestamp":1546554389,"path_taken":["M","M","M","?","?","E","M","M","T","R","E","R","?","M","R","BOSS","M","?","$","?","M","E","R","E","T","R","E","?","M","?","R","BOSS","M","M","M","$","M","R","E","$","T","M","R","?","R","?","R","BOSS"],"build_version":"2018-12-20","purchased_purges":2,"victory":true,"max_hp_per_floor":[66,66,66,66,66,66,66,66,66,66,66,66,66,66,66,66,66,66,66,66,66,66,66,66,66,66,66,66,66,66,66,66,66,66,66,66,66,66,66,66,66,66,66,66,66,66,66,66,66,66],"card_choices":[{"not_picked":["Deadly Poison","Flying Knee"],"picked":"Cloak And Dagger","floor":1},{"not_picked":["Distraction","Tactician"],"picked":"Quick Slash","floor":2},{"not_picked":["Grand Finale","Underhanded Strike","Catalyst"],"picked":"SKIP","floor":3},{"not_picked":["Poisoned Stab","Acrobatics"],"picked":"Deadly Poison","floor":6},{"not_picked":["Acrobatics","Sucker Punch","Slice"],"picked":"SKIP","floor":7},{"not_picked":["Underhanded Strike","Infinite Blades"],"picked":"Blur","floor":8},{"not_picked":["Outmaneuver","Blade Dance"],"picked":"Wraith Form v2+1","floor":11},{"not_picked":["Sucker Punch","Flying Knee"],"picked":"PiercingWail","floor":13},{"not_picked":["Heel Hook","All Out Attack"],"picked":"Noxious Fumes+1","floor":14},{"not_picked":["Burst","A Thousand Cuts+1"],"picked":"Glass Knife","floor":16},{"not_picked":["Underhanded Strike","Acrobatics"],"picked":"Dagger Spray+1","floor":18},{"not_picked":["Night Terror","Bouncing Flask+1","Acrobatics"],"picked":"SKIP","floor":22},{"not_picked":["Night Terror","Bouncing Flask+1","Acrobatics"],"picked":"SKIP","floor":22},{"not_picked":["Backflip","Dodge and Roll"],"picked":"Leg Sweep","floor":23},{"not_picked":["Concentrate+1","Dagger Throw"],"picked":"Glass Knife","floor":25},{"not_picked":["PiercingWail","Setup","Endless Agony"],"picked":"SKIP","floor":28},{"not_picked":["Setup","Endless Agony"],"picked":"PiercingWail","floor":28},{"not_picked":["Dagger Throw","Sucker Punch","Backflip"],"picked":"SKIP","floor":29},{"not_picked":["Blade Dance","Dagger Throw","Poisoned Stab"],"picked":"SKIP","floor":30},{"not_picked":["Bullet Time","Doppelganger"],"picked":"Wraith Form v2+1","floor":33},{"not_picked":["Reflex","Deflect","Cloak And Dagger"],"picked":"SKIP","floor":35},{"not_picked":["Cloak And Dagger+1","Prepared+1","Bane"],"picked":"SKIP","floor":36},{"not_picked":["Eviscerate","Choke","Flying Knee"],"picked":"SKIP","floor":37},{"not_picked":["Poisoned Stab","Deadly Poison","Leg Sweep"],"picked":"SKIP","floor":39},{"not_picked":["Blade Dance+1","Masterful Stab","Predator"],"picked":"SKIP","floor":41},{"not_picked":["Outmaneuver","Cloak And Dagger"],"picked":"Malaise","floor":44},{"not_picked":["Dodge and Roll","Deflect","Quick Slash"],"picked":"SKIP","floor":48}],"player_experience":813206,"relics_obtained":[{"floor":6,"key":"Blood Vial"},{"floor":9,"key":"Frozen Egg 2"},{"floor":11,"key":"Calipers"},{"floor":21,"key":"Gremlin Horn"},{"floor":23,"key":"PreservedInsect"},{"floor":25,"key":"Happy Flower"},{"floor":26,"key":"Boot"},{"floor":28,"key":"Art of War"},{"floor":41,"key":"Bottled Lightning"},{"floor":43,"key":"Meat on the Bone"}],"event_choices":[{"damage_healed":0,"gold_gain":0,"player_choice":"Grow","damage_taken":0,"max_hp_gain":0,"max_hp_loss":0,"event_name":"Living Wall","floor":4,"gold_loss":0,"cards_upgraded":["Cloak And Dagger"]},{"damage_healed":0,"gold_gain":0,"player_choice":"3 cards matched","damage_taken":0,"max_hp_gain":0,"max_hp_loss":0,"event_name":"Match and Keep!","floor":5,"gold_loss":0,"cards_obtained":["Neutralize","Eviscerate","Bane"]},{"damage_healed":0,"gold_gain":0,"player_choice":"3 cards matched","damage_taken":0,"max_hp_gain":0,"max_hp_loss":0,"event_name":"Match and Keep!","floor":5,"gold_loss":0,"cards_obtained":["Neutralize","Eviscerate","Bane"]},{"damage_healed":0,"gold_gain":0,"player_choice":"Upgraded","damage_taken":0,"max_hp_gain":0,"max_hp_loss":0,"event_name":"Upgrade Shrine","floor":19,"gold_loss":0,"cards_upgraded":["Glass Knife"]},{"damage_healed":0,"gold_gain":0,"player_choice":"Read","damage_taken":0,"max_hp_gain":0,"max_hp_loss":0,"event_name":"The Library","floor":31,"gold_loss":0,"cards_obtained":["Noxious Fumes"]},{"damage_healed":0,"gold_gain":0,"player_choice":"Forge","damage_taken":0,"max_hp_gain":0,"max_hp_loss":0,"event_name":"Accursed Blacksmith","floor":46,"gold_loss":0,"cards_upgraded":["Malaise"]}],"is_beta":false,"boss_relics":[{"not_picked":["Calling Bell","White Beast Statue"],"picked":"Velvet Choker"},{"not_picked":["HoveringKite","Lizard Tail"],"picked":"Philosopher\u0027s Stone"}],"items_purged_floors":[20,38],"is_endless":false,"potions_floor_spawned":[6,7,11,14,16,18,23,28,33,37,41],"ascension_level":15}