{"gold_per_floor":[117,135,135,149,163,163,188,188,188,213,227,227,227,227,227,323,323,336,346,346,362,362,362,391,391,448,476,486,486,502,537,537,637,687,705,705,724,824,824,824,824],"floor_reached":41,"playtime":2253,"items_purged":[],"score":727,"play_id":"f24a680f-f786-4a01-828f-f7d2279dbd59","local_time":"20190226142130","is_ascension_mode":true,"campfire_choices":[{"data":"Flex","floor":6.0,"key":"SMITH"},{"floor":8.0,"key":"REST"},{"data":"Whirlwind","floor":12,"key":"SMITH"},{"data":"Bash","floor":15,"key":"SMITH"},{"data":"Searing Blow","floor":23,"key":"SMITH"},{"data":"Searing Blow+1","floor":25,"key":"SMITH"},{"data":"Searing Blow+2","floor":29,"key":"SMITH"},{"data":"Warcry","floor":32,"key":"SMITH"},{"floor":40,"key":"REST"}],"neow_cost":"NONE","seed_source_timestamp":930240267379930,"circlet_count":0,"master_deck":["Strike_R+1","Strike_R","Strike_R","Strike_R","Strike_R","Defend_R","Defend_R","Bash+1","Whirlwind+1","Flex+1","Impervious","Iron Wave","Seeing Red","Demon Form","Regret","Injury","Normality","Anger","Seeing Red+1","Ghostly","Ghostly+1","Ghostly","Ghostly","Ghostly+1","Searing Blow+3","Battle Trance","Heavy Blade","Warcry+1","Offering","Havoc+1","Warcry+1","Headbutt+1","Burning Pact","Bandage Up"],"special_seed":0,"relics":["Burning Blood","Bronze Scales","Du-Vu Doll","Self Forming Clay","Sundial","Calling Bell","Anchor","Shuriken","Incense Burner","Centennial Puzzle","Tiny Chest","War Paint","Paper Frog","Tiny House","Torii"],"potions_floor_usage":[11,21,27,27,37,38,41],"damage_taken":[{"damage":6.0,"enemies":"Cultist","floor":1.0,"turns":3.0},{"damage":14.0,"enemies":"Jaw Worm","floor":2.0,"turns":3.0},{"damage":8.0,"enemies":"Small Slimes","floor":4.0,"turns":1.0},{"damage":21.0,"enemies":"Blue Slaver","floor":5.0,"turns":3.0},{"damage":35.0,"enemies":"Lagavulin","floor":7.0,"turns":5.0},{"damage":12.0,"enemies":"3 Sentries","floor":10.0,"turns":7.0},{"damage":0,"enemies":"Lots of Slimes","floor":11,"turns":1},{"damage":29,"enemies":"Hexaghost","floor":16,"turns":9},{"damage":30,"enemies":"3 Byrds","floor":18,"turns":3},{"damage":3,"enemies":"Spheric Guardian","floor":19,"turns":4},{"damage":1,"enemies":"Cultist and Chosen","floor":21,"turns":4},{"damage":11,"enemies":"Gremlin Leader","floor":24,"turns":6},{"damage":2,"enemies":"Slavers","floor":27,"turns":4},{"damage":0,"enemies":"Snake Plant","floor":28,"turns":3},{"damage":5,"enemies":"3 Cultists","floor":30,"turns":6},{"damage":7,"enemies":"Gremlin Leader","floor":31,"turns":7},{"damage":8,"enemies":"Champ","floor":33,"turns":7},{"damage":47,"enemies":"3 Darklings","floor":35,"turns":6},{"damage":3,"enemies":"3 Shapes","floor":37,"turns":6},{"damage":4,"enemies":"Mind Bloom Boss Battle","floor":38,"turns":8},{"damage":56,"enemies":"Giant Head","floor":41,"turns":7}],"seed_played":"-7761553467718477948","potions_obtained":[{"floor":2.0,"key":"SteroidPotion"},{"floor":7.0,"key":"SkillPotion"},{"floor":10,"key":"SteroidPotion"},{"floor":16,"key":"SteroidPotion"},{"floor":19,"key":"LiquidBronze"},{"floor":22,"key":"FearPotion"},{"floor":22,"key":"Block Potion"},{"floor":28,"key":"Poison Potion"},{"floor":30,"key":"Ancient Potion"},{"floor":34,"key":"SteroidPotion"},{"floor":38,"key":"LiquidBronze"}],"is_trial":false,"path_per_floor":["M","M","?","M","M","R","E","R","T","E","M","R","?","?","R","B",null,"M","M","?","M","?","R","E","R","T","E","M","R","M","E","R","B",null,"M","?","M","?","?","R","E"],"character_chosen":"IRONCLAD","items_purchased":[],"campfire_rested":2,"item_purchase_floors":[],"current_hp_per_floor":[80,72,65,63,48,48,19,45,45,39,45,45,45,45,45,22,72,48,51,44,44,44,44,39,39,39,43,44,44,44,43,43,41,48,7,7,10,12,12,26,0],"gold":824,"neow_bonus":"TEN_PERCENT_HP_BONUS","is_prod":false,"is_daily":false,"chose_seed":false,"campfire_upgraded":7,"win_rate":0,"timestamp":1551169290,"path_taken":["M","?","?","M","M","R","E","R","T","E","M","R","?","?","R","BOSS","M","?","?","M","?","R","E","R","T","E","?","R","?","E","R","BOSS","M","?","?","?","?","R","E"],"build_version":"2019-01-23","purchased_purges":0,"victory":false,"max_hp_per_floor":[88,88,88,88,88,88,88,88,88,88,88,88,88,88,88,88,88,88,88,44,44,44,44,44,44,44,44,44,44,44,44,44,44,49,49,49,49,49,49,49,49],"card_choices":[{"not_picked":["Warcry","Havoc"],"picked":"Whirlwind","floor":1.0},{"not_picked":["Hemokinesis","Armaments","Corruption"],"picked":"SKIP","floor":2.0},{"not_picked":["Anger","Perfected Strike"],"picked":"Flex","floor":4.0},{"not_picked":["Perfected Strike","Shrug It Off","Power Through"],"picked":"SKIP","floor":5.0},{"not_picked":["Intimidate","Rage"],"picked":"Impervious","floor":7.0},{"not_picked":["Ghostly Armor","True Grit"],"picked":"Iron Wave","floor":10},{"not_picked":["Anger","Rage","Seeing Red"],"picked":"SKIP","floor":11},{"not_picked":["Juggernaut","Double Tap"],"picked":"Demon Form","floor":16},{"not_picked":["Sentinel","Clothesline+1"],"picked":"Anger","floor":18},{"not_picked":["Body Slam+1","Evolve"],"picked":"Seeing Red+1","floor":19},{"not_picked":["Rupture","Twin Strike+1"],"picked":"Searing Blow","floor":21},{"not_picked":["Sever Soul","Anger"],"picked":"Battle Trance","floor":24},{"not_picked":["Shrug It Off","Rampage","Demon Form"],"picked":"SKIP","floor":27},{"not_picked":["Sword Boomerang","Shrug It Off"],"picked":"Heavy Blade","floor":28},{"not_picked":["Hemokinesis+1","Clash+1","Intimidate"],"picked":"SKIP","floor":30},{"not_picked":["Spot Weakness","Thunderclap+1"],"picked":"Warcry","floor":31},{"not_picked":["Immolate","Bludgeon"],"picked":"Offering","floor":33},{"not_picked":["Body Slam+1","Twin Strike"],"picked":"Havoc","floor":34},{"not_picked":["Combust","Shrug It Off+1"],"picked":"Warcry+1","floor":35},{"not_picked":["Clothesline","Hemokinesis"],"picked":"Headbutt+1","floor":37},{"not_picked":["Flex+1","Heavy Blade+1"],"picked":"Burning Pact","floor":38},{"not_picked":["Mind Blast","Madness"],"picked":"Bandage Up","floor":39}],"player_experience":888803,"relics_obtained":[{"floor":7.0,"key":"Du-Vu Doll"},{"floor":9.0,"key":"Self Forming Clay"},{"floor":10,"key":"Sundial"},{"floor":17,"key":"Anchor"},{"floor":17,"key":"Shuriken"},{"floor":17,"key":"Incense Burner"},{"floor":24,"key":"Centennial Puzzle"},{"floor":26,"key":"Tiny Chest"},{"floor":27,"key":"War Paint"},{"floor":31,"key":"Paper Frog"},{"floor":38,"key":"Torii"}],"event_choices":[{"damage_healed":0.0,"max_hp_gain":0.0,"max_hp_loss":0.0,"gold_gain":0.0,"event_name":"Scrap Ooze","player_choice":"Success","floor":3.0,"gold_loss":0.0,"damage_taken":7.0,"relics_obtained":["Bronze Scales"]},{"cards_removed":["Defend_R"],"damage_healed":0,"gold_gain":0,"player_choice":"Forget","damage_taken":0,"max_hp_gain":0,"max_hp_loss":0,"event_name":"Living Wall","floor":13,"gold_loss":0},{"damage_healed":0,"gold_gain":0,"cards_transformed":["Defend_R"],"player_choice":"Transformed","damage_taken":0,"max_hp_gain":0,"max_hp_loss":0,"event_name":"Transmorgrifier","floor":14,"gold_loss":0,"cards_obtained":["Seeing Red"]},{"damage_healed":0,"gold_gain":0,"player_choice":"Became a Ghost","damage_taken":0,"max_hp_gain":0,"max_hp_loss":44,"event_name":"Ghosts","floor":20,"gold_loss":0,"cards_obtained":["Ghostly","Ghostly","Ghostly","Ghostly","Ghostly"]},{"damage_healed":0,"gold_gain":0,"player_choice":"Got Potions","damage_taken":0,"max_hp_gain":0,"max_hp_loss":0,"event_name":"Lab","floor":22,"gold_loss":0},{"damage_healed":0,"gold_gain":0,"player_choice":"Upgraded","damage_taken":0,"max_hp_gain":0,"max_hp_loss":0,"event_name":"Upgrade Shrine","floor":36,"gold_loss":0,"cards_upgraded":["Havoc"]},{"damage_healed":0,"gold_gain":0,"player_choice":"Fight","damage_taken":0,"max_hp_gain":0,"max_hp_loss":0,"event_name":"MindBloom","floor":38,"gold_loss":0},{"damage_healed":0,"gold_gain":0,"player_choice":"Memory 1","damage_taken":0,"max_hp_gain":0,"max_hp_loss":0,"event_name":"SensoryStone","floor":39,"gold_loss":0}],"is_beta":false,"boss_relics":[{"not_picked":["White Beast Statue","Ectoplasm"],"picked":"Calling Bell"},{"not_picked":["Fusion Hammer","Mark of Pain"],"picked":"Tiny House"}],"items_purged_floors":[],"is_endless":false,"potions_floor_spawned":[2,7,10,16,19,24,28,30,31,38],"killed_by":"Giant Head","ascension_level":9}