{"gold_per_floor":[117,117,131,146,161,161,193,193,243,243,260,277,290,290,290,290],"floor_reached":16,"playtime":1570,"items_purged":[],"score":120,"play_id":"74f8ace0-9366-436e-a213-b5bd6ccff2b4","local_time":"20180913235205","is_ascension_mode":true,"campfire_choices":[{"data":"Body Slam","floor":6,"key":"SMITH"},{"floor":8,"key":"REST"},{"floor":15,"key":"REST"}],"neow_cost":"TEN_PERCENT_HP_LOSS","seed_source_timestamp":170472949147985,"circlet_count":0,"master_deck":["Strike_R","Strike_R","Strike_R","Strike_R","Strike_R","Defend_R","Defend_R","Defend_R","Defend_R","Bash","Demon Form","Pommel Strike","Burning Pact","Body Slam+1","Sever Soul","Uppercut","Evolve","Second Wind+1"],"relics":["Burning Blood","Paper Frog","Vajra","Omamori"],"potions_floor_usage":[5,12,16],"damage_taken":[{"damage":0,"enemies":"2 Louse","floor":1,"turns":3},{"damage":4,"enemies":"Small Slimes","floor":3,"turns":4},{"damage":2,"enemies":"Jaw Worm","floor":4,"turns":3},{"damage":16,"enemies":"Looter","floor":5,"turns":4},{"damage":50,"enemies":"3 Sentries","floor":7,"turns":12},{"damage":19,"enemies":"Lots of Slimes","floor":11,"turns":5},{"damage":8,"enemies":"Blue Slaver","floor":12,"turns":3},{"damage":17,"enemies":"Looter","floor":13,"turns":3},{"damage":36,"enemies":"Hexaghost","floor":16,"turns":11}],"seed_played":"-6922747106687602563","potions_obtained":[{"floor":3,"key":"Regen Potion"},{"floor":5,"key":"Ancient Potion"},{"floor":13,"key":"FearPotion"}],"is_trial":false,"path_per_floor":["M","?","M","M","M","R","E","R","T","?","M","M","M","?","R"],"character_chosen":"IRONCLAD","items_purchased":[],"campfire_rested":2,"item_purchase_floors":[],"current_hp_per_floor":[72,69,71,72,62,62,18,39,39,39,26,24,13,13,34,0],"gold":290,"neow_bonus":"THREE_RARE_CARDS","is_prod":false,"is_daily":false,"chose_seed":false,"campfire_upgraded":1,"win_rate":0,"timestamp":1536900725,"path_taken":["M","?","M","M","M","R","E","R","T","?","M","?","M","?","R","BOSS"],"build_version":"2018-09-06","purchased_purges":0,"victory":false,"max_hp_per_floor":[72,72,72,72,72,72,72,72,72,72,72,72,72,72,72,72],"card_choices":[{"not_picked":["Offering","Dark Embrace"],"picked":"Demon Form","floor":0},{"not_picked":["Clothesline","Burning Pact"],"picked":"Pommel Strike","floor":1},{"not_picked":["Pommel Strike","Armaments"],"picked":"Burning Pact","floor":3},{"not_picked":["Havoc","Wild Strike","Clash"],"picked":"SKIP","floor":4},{"not_picked":["Sword Boomerang","Armaments"],"picked":"Body Slam","floor":5},{"not_picked":["Berserk","Twin Strike"],"picked":"Sever Soul","floor":7},{"not_picked":["Headbutt","Wild Strike"],"picked":"Uppercut","floor":11},{"not_picked":["Searing Blow","Twin Strike"],"picked":"Evolve","floor":12},{"not_picked":["Uppercut","Metallicize"],"picked":"Second Wind","floor":13}],"player_experience":243605,"relics_obtained":[{"floor":7,"key":"Vajra"},{"floor":9,"key":"Omamori"}],"event_choices":[{"event_name":"Scrap Ooze","player_choice":"success","floor":2,"damage_taken":3},{"event_name":"Shining Light","player_choice":"Ignored","floor":10,"damage_taken":0},{"event_name":"Living Wall","player_choice":"Grow","floor":14,"damage_taken":0}],"is_beta":false,"boss_relics":[],"items_purged_floors":[],"is_endless":false,"potions_floor_spawned":[3,5,13],"killed_by":"Hexaghost","ascension_level":3}