{"gold_per_floor":[115,40,40,52,71,71,105,105,105,22,35,35,35,62,62,139,139,155,169,169,119,17,17],"floor_reached":23,"playtime":692,"items_purged":[],"score":374,"play_id":"bd7bb2d0-3ef9-4d79-b1ef-98ae3d0f6f3a","local_time":"20181227144011","is_ascension_mode":true,"campfire_choices":[{"data":"Whirlwind","floor":6,"key":"SMITH"},{"data":"Uppercut","floor":12,"key":"SMITH"},{"data":"Inflame","floor":15,"key":"SMITH"}],"neow_cost":"NONE","seed_source_timestamp":525746552261430,"circlet_count":0,"master_deck":["AscendersBane","Strike_R","Strike_R","Strike_R","Strike_R","Strike_R","Defend_R","Defend_R","Defend_R","Defend_R","Bash","Whirlwind+1","Spot Weakness","Pummel","Flex","Uppercut+1","Power Through+1","Inflame+1","Fiend Fire","Shrug It Off+1","Warcry+1","Decay","Flame Barrier+1","Armaments+1"],"relics":["Burning Blood","Art of War","Blue Candle","Toxic Egg 2","Dodecahedron","Pantograph","Kunai","Mark of Pain"],"potions_floor_usage":[5,11,14],"damage_taken":[{"damage":9,"enemies":"Small Slimes","floor":1,"turns":4},{"damage":9,"enemies":"Jaw Worm","floor":4,"turns":3},{"damage":6,"enemies":"Cultist","floor":5,"turns":4},{"damage":20,"enemies":"3 Sentries","floor":7,"turns":5},{"damage":32,"enemies":"Exordium Thugs","floor":11,"turns":5},{"damage":20,"enemies":"Lagavulin","floor":14,"turns":5},{"damage":26,"enemies":"Hexaghost","floor":16,"turns":8},{"damage":38,"enemies":"Shell Parasite","floor":18,"turns":4},{"damage":22,"enemies":"Spheric Guardian","floor":19,"turns":4},{"damage":17,"enemies":"Snake Plant","floor":23,"turns":2}],"seed_played":"6268764725572146571","potions_obtained":[{"floor":1,"key":"SpeedPotion"},{"floor":4,"key":"Block Potion"},{"floor":11,"key":"Poison Potion"},{"floor":16,"key":"Ancient Potion"}],"is_trial":false,"path_per_floor":["M","$","?","M","M","R","E","T","T","$","M","R","T","E","R","B",null,"M","M","?","?","$","M"],"character_chosen":"IRONCLAD","items_purchased":["Spot Weakness","Power Through+1","Flame Barrier+1","Armaments+1"],"campfire_rested":0,"item_purchase_floors":[2,10,22,22],"current_hp_per_floor":[65,65,65,62,62,62,48,48,48,48,22,22,22,8,8,13,60,28,12,12,12,12,0],"gold":17,"neow_bonus":"RANDOM_COMMON_RELIC","is_prod":false,"is_daily":false,"chose_seed":false,"campfire_upgraded":3,"win_rate":0,"timestamp":1545918011,"path_taken":["M","$","?","M","M","R","E","?","T","$","?","R","?","E","R","BOSS","M","M","?","?","$","M"],"build_version":"2018-12-20","purchased_purges":0,"victory":false,"max_hp_per_floor":[75,75,75,75,75,75,75,75,75,75,75,75,75,75,75,75,75,75,75,75,75,75,75],"card_choices":[{"not_picked":["Havoc","Iron Wave"],"picked":"Whirlwind","floor":1},{"not_picked":["Flex","Searing Blow"],"picked":"Pummel","floor":4},{"not_picked":["Sword Boomerang","Wild Strike"],"picked":"Flex","floor":5},{"not_picked":["Rage","Dual Wield"],"picked":"Uppercut","floor":7},{"not_picked":["Anger","Burning Pact+1","Armaments+1"],"picked":"SKIP","floor":11},{"not_picked":["Rage+1","Feel No Pain"],"picked":"Inflame","floor":14},{"not_picked":["Juggernaut","Barricade"],"picked":"Fiend Fire","floor":16},{"not_picked":["Inflame+1","Armaments+1"],"picked":"Shrug It Off+1","floor":18},{"not_picked":["Armaments+1","Clash"],"picked":"Warcry+1","floor":19}],"player_experience":792606,"relics_obtained":[{"floor":7,"key":"Blue Candle"},{"floor":8,"key":"Toxic Egg 2"},{"floor":9,"key":"Dodecahedron"},{"floor":13,"key":"Pantograph"},{"floor":14,"key":"Kunai"}],"event_choices":[{"damage_healed":0,"gold_gain":0,"player_choice":"Ignored","damage_taken":0,"max_hp_gain":0,"max_hp_loss":0,"event_name":"Liars Game","floor":3,"gold_loss":0},{"damage_healed":0,"gold_gain":0,"player_choice":"Smashed Altar","damage_taken":0,"max_hp_gain":0,"max_hp_loss":0,"event_name":"Forgotten Altar","floor":20,"gold_loss":0,"cards_obtained":["Decay"]},{"damage_healed":0,"gold_gain":0,"player_choice":"Bet on Murderer","damage_taken":0,"max_hp_gain":0,"max_hp_loss":0,"event_name":"The Joust","floor":21,"gold_loss":50}],"is_beta":false,"boss_relics":[{"not_picked":["Coffee Dripper","White Beast Statue"],"picked":"Mark of Pain"}],"items_purged_floors":[],"is_endless":false,"potions_floor_spawned":[1,4,11,16],"killed_by":"Snake Plant","ascension_level":18}