{"gold_per_floor":[219,169,242,261,273,273,273,316,316,340,364,364,364,378,378,378],"floor_reached":16,"playtime":1099,"items_purged":[],"score":153,"play_id":"78ac98c9-e17f-4b91-a1c3-294cdf1cce15","local_time":"20190129194011","is_ascension_mode":true,"campfire_choices":[{"data":"Armaments","floor":6.0,"key":"SMITH"},{"floor":12.0,"key":"REST"},{"data":"Bash","floor":15.0,"key":"SMITH"}],"neow_cost":"NONE","seed_source_timestamp":5051709781062,"circlet_count":0,"master_deck":["AscendersBane","Strike_R","Strike_R","Strike_R","Strike_R","Defend_R","Defend_R","Defend_R","Defend_R","Bash+1","Thunderclap","Impervious","Armaments+1","Injury","Metallicize","Dropkick","Cleave"],"special_seed":0,"relics":["Burning Blood","Letter Opener","Golden Idol","Incense Burner","Happy Flower"],"potions_floor_usage":[],"damage_taken":[{"damage":1.0,"enemies":"Cultist","floor":1.0,"turns":3.0},{"damage":20.0,"enemies":"Jaw Worm","floor":4.0,"turns":7.0},{"damage":8.0,"enemies":"2 Louse","floor":5.0,"turns":3.0},{"damage":52.0,"enemies":"Lagavulin","floor":8.0,"turns":12.0},{"damage":3.0,"enemies":"Large Slime","floor":10.0,"turns":9.0},{"damage":0.0,"enemies":"2 Fungi Beasts","floor":11.0,"turns":2.0},{"damage":7.0,"enemies":"3 Louse","floor":14.0,"turns":5.0},{"damage":49,"enemies":"Hexaghost","floor":16,"turns":12}],"seed_played":"2054097283921180188","potions_obtained":[{"floor":5.0,"key":"SneckoOil"},{"floor":10.0,"key":"Fire Potion"}],"is_trial":false,"path_per_floor":["?","T","M","?","?"],"character_chosen":"IRONCLAD","items_purchased":[],"campfire_rested":1,"item_purchase_floors":[],"current_hp_per_floor":[77,77,77,63,61,61,61,15,15,18,24,48,48,47,47,0],"gold":378,"neow_bonus":"HUNDRED_GOLD","is_prod":false,"is_daily":false,"chose_seed":false,"campfire_upgraded":2,"win_rate":0,"timestamp":1548762011,"path_taken":["M","?","?","?","M","R","?","E","T","M","M","R","?","M","R","BOSS"],"build_version":"2019-01-23","purchased_purges":0,"victory":false,"max_hp_per_floor":[80,80,80,80,80,80,80,80,80,80,80,80,80,80,80,80],"card_choices":[{"not_picked":["Wild Strike","Clothesline"],"picked":"Thunderclap","floor":1.0},{"not_picked":["Sword Boomerang","Armaments"],"picked":"Impervious","floor":4.0},{"not_picked":["Uppercut","Reckless Charge"],"picked":"Armaments","floor":5.0},{"not_picked":["Thunderclap","Anger"],"picked":"Metallicize","floor":8.0},{"not_picked":["Havoc","Sword Boomerang","Spot Weakness"],"picked":"SKIP","floor":10.0},{"not_picked":["Clothesline","Anger"],"picked":"Dropkick","floor":11.0},{"not_picked":["Warcry","Reckless Charge"],"picked":"Cleave","floor":14.0}],"player_experience":128103,"relics_obtained":[{"floor":3.0,"key":"Letter Opener"},{"floor":8.0,"key":"Incense Burner"},{"floor":9.0,"key":"Happy Flower"}],"event_choices":[{"cards_removed":["Strike_R"],"damage_healed":0.0,"max_hp_gain":0.0,"max_hp_loss":0.0,"gold_gain":0.0,"event_name":"The Cleric","player_choice":"Card Removal","floor":2.0,"gold_loss":50.0,"damage_taken":0.0},{"damage_healed":0.0,"max_hp_gain":0.0,"max_hp_loss":0.0,"gold_gain":0.0,"event_name":"Golden Idol","player_choice":"Take Wound","floor":7.0,"gold_loss":0.0,"damage_taken":0.0,"relics_obtained":["Golden Idol"],"cards_obtained":["Injury"]},{"damage_healed":0.0,"max_hp_gain":0.0,"max_hp_loss":0.0,"gold_gain":0.0,"event_name":"Golden Wing","player_choice":"Ignored","floor":13.0,"gold_loss":0.0,"damage_taken":0.0}],"is_beta":false,"boss_relics":[],"items_purged_floors":[],"is_endless":false,"potions_floor_spawned":[5,10],"killed_by":"Hexaghost","ascension_level":10}