{"gold_per_floor":[217,50,63,78,38,38,138,170,225,236,236,73,88,119,119,197,197,213,213,224,242,242],"floor_reached":22,"playtime":1456,"items_purged":["Strike_R"],"score":372,"play_id":"795ee89e-86cc-49f9-8563-699276b52386","local_time":"20181223131700","is_ascension_mode":true,"campfire_choices":[{"data":"Uppercut","floor":6,"key":"SMITH"},{"data":"Body Slam","floor":11,"key":"SMITH"},{"data":"Demon Form","floor":15,"key":"SMITH"}],"neow_cost":"NONE","seed_source_timestamp":174382190575875,"circlet_count":0,"master_deck":["AscendersBane","Strike_R","Strike_R","Strike_R","Strike_R","Defend_R","Defend_R","Defend_R","Defend_R","Bash","Uppercut+1","Metallicize","Body Slam+1","Demon Form+1","Power Through","Battle Trance","Ghostly Armor","Entrench","Heavy Blade","Limit Break","Shrug It Off+1","Sword Boomerang"],"relics":["Burning Blood","Potion Belt","Vajra","Bag of Preparation","Question Card","Snecko Eye"],"potions_floor_usage":[8,14,21],"damage_taken":[{"damage":7,"enemies":"2 Louse","floor":1,"turns":3},{"damage":4,"enemies":"Cultist","floor":3,"turns":4},{"damage":4,"enemies":"Small Slimes","floor":4,"turns":5},{"damage":3,"enemies":"Looter","floor":5,"turns":4},{"damage":27,"enemies":"3 Sentries","floor":8,"turns":10},{"damage":26,"enemies":"Large Slime","floor":10,"turns":7},{"damage":0,"enemies":"2 Fungi Beasts","floor":13,"turns":4},{"damage":6,"enemies":"Gremlin Nob","floor":14,"turns":3},{"damage":8,"enemies":"Hexaghost","floor":16,"turns":7},{"damage":0,"enemies":"Spheric Guardian","floor":18,"turns":4},{"damage":1,"enemies":"Shell Parasite","floor":20,"turns":4},{"damage":20,"enemies":"3 Cultists","floor":21,"turns":4},{"damage":59,"enemies":"Shelled Parasite and Fungi","floor":22,"turns":6}],"seed_played":"-6351284859549325808","potions_obtained":[{"floor":1,"key":"SkillPotion"},{"floor":4,"key":"FairyPotion"},{"floor":10,"key":"AttackPotion"},{"floor":13,"key":"Fire Potion"},{"floor":16,"key":"Dexterity Potion"},{"floor":20,"key":"Ancient Potion"},{"floor":21,"key":"Energy Potion"}],"is_trial":false,"path_per_floor":["M","$","M","M","M","R","?","E","T","M","R","$","M","E","R","B",null,"M","?","M","M","M"],"character_chosen":"IRONCLAD","items_purchased":["Metallicize","Body Slam","Bag of Preparation"],"campfire_rested":0,"item_purchase_floors":[2,2,12],"current_hp_per_floor":[67,67,69,71,74,74,74,53,53,33,33,33,39,39,39,37,66,72,51,56,42,0],"gold":242,"neow_bonus":"HUNDRED_GOLD","is_prod":false,"is_daily":false,"chose_seed":false,"campfire_upgraded":3,"win_rate":0,"timestamp":1545567420,"path_taken":["M","$","M","M","M","R","?","E","T","M","R","$","?","E","R","BOSS","M","?","M","M","M"],"build_version":"2018-12-20","purchased_purges":1,"victory":false,"max_hp_per_floor":[75,75,75,75,75,75,75,75,75,75,75,75,75,75,75,75,75,75,80,80,80,80],"card_choices":[{"not_picked":["Body Slam","Shrug It Off"],"picked":"Uppercut","floor":1},{"not_picked":["Anger","Flex"],"picked":"Demon Form","floor":3},{"not_picked":["Clothesline","Thunderclap"],"picked":"Power Through","floor":4},{"not_picked":["Body Slam","Reckless Charge"],"picked":"Battle Trance","floor":5},{"not_picked":["Spot Weakness","Pommel Strike"],"picked":"Ghostly Armor","floor":8},{"not_picked":["Dropkick","Dual Wield","Havoc"],"picked":"SKIP","floor":10},{"not_picked":["Bloodletting","Headbutt"],"picked":"Entrench","floor":13},{"not_picked":["Infernal Blade","Wild Strike"],"picked":"Heavy Blade","floor":14},{"not_picked":["Brutality","Juggernaut","Demon Form"],"picked":"Limit Break","floor":16},{"not_picked":["Body Slam+1","Iron Wave","Anger"],"picked":"Shrug It Off+1","floor":18},{"not_picked":["Heavy Blade","Cleave","Ghostly Armor"],"picked":"Sword Boomerang","floor":20},{"not_picked":["Blood for Blood","Heavy Blade","Corruption","Sword Boomerang"],"picked":"SKIP","floor":21}],"player_experience":782865,"relics_obtained":[{"floor":8,"key":"Potion Belt"},{"floor":9,"key":"Vajra"},{"floor":14,"key":"Question Card"}],"event_choices":[{"damage_healed":0,"gold_gain":100,"player_choice":"Gold","damage_taken":0,"max_hp_gain":0,"max_hp_loss":0,"event_name":"Wheel of Change","floor":7,"gold_loss":0},{"damage_healed":0,"gold_gain":0,"player_choice":"Shed Blood","damage_taken":26,"max_hp_gain":5,"max_hp_loss":0,"event_name":"Forgotten Altar","floor":19,"gold_loss":0}],"is_beta":false,"boss_relics":[{"not_picked":["Black Blood","Calling Bell"],"picked":"Snecko Eye"}],"items_purged_floors":[2],"is_endless":false,"potions_floor_spawned":[1,4,10,13,16,20,21],"killed_by":"Shelled Parasite and Fungi","ascension_level":18}