{"gold_per_floor":[119,138,1,15,15,15,50,50,121,121,121,147,166,199,199,300,300,317,317,317,317,417,417,446,446,446,446,466,482,497,510,510,605,605,616,636,154,154,7,7,23,36,59,72,19,19,49,49,49,49],"floor_reached":50,"playtime":1747,"items_purged":["Decay"],"score":813,"play_id":"046ea870-9a5d-48f3-8275-46cb49689572","local_time":"20181004194220","is_ascension_mode":true,"campfire_choices":[{"data":"Whirlwind","floor":6,"key":"SMITH"},{"data":"Seeing Red","floor":8,"key":"SMITH"},{"floor":10,"key":"REST"},{"data":"Battle Trance","floor":15,"key":"SMITH"},{"floor":23,"key":"REST"},{"floor":25,"key":"REST"},{"floor":32,"key":"REST"},{"data":"Rupture","floor":40,"key":"SMITH"},{"floor":46,"key":"REST"},{"floor":49,"key":"REST"}],"neow_cost":"PERCENT_DAMAGE","seed_source_timestamp":9544369967255,"circlet_count":0,"master_deck":["Bash","AscendersBane","Inflame","Battle Trance+1","Whirlwind+1","Bloodletting","Seeing Red+1","Flame Barrier+1","Armaments+1","Flex+1","Limit Break+1","Ghostly Armor+1","Headbutt","Rage+1","Twin Strike","Cleave","Blood for Blood","Body Slam","Thunderclap+1","Bloodletting+1","Impervious+1","Intimidate+1","Flex+1","Rupture+1","Deep Breath+1","Thinking Ahead+1","True Grit+1","Blind+1","Corruption"],"relics":["Black Blood","Mango","Orichalcum","Toxic Egg 2","Letter Opener","Regal Pillow","Pandora\u0027s Box","Torii","Mercury Hourglass","Happy Flower","Matryoshka","Oddly Smooth Stone","Membership Card","Thread and Needle","Bronze Scales","Ancient Tea Set","Art of War","The Courier","Dream Catcher","Lantern"],"potions_floor_usage":[7,12,13,16,33,33,41,47,47],"damage_taken":[{"damage":6,"enemies":"Cultist","floor":1,"turns":4},{"damage":7,"enemies":"Jaw Worm","floor":2,"turns":3},{"damage":0,"enemies":"2 Louse","floor":4,"turns":2},{"damage":43,"enemies":"Lagavulin","floor":7,"turns":6},{"damage":17,"enemies":"Gremlin Nob","floor":12,"turns":4},{"damage":2,"enemies":"Looter","floor":13,"turns":2},{"damage":14,"enemies":"3 Sentries","floor":14,"turns":5},{"damage":25,"enemies":"Hexaghost","floor":16,"turns":9},{"damage":20,"enemies":"2 Thieves","floor":18,"turns":2},{"damage":14,"enemies":"Colosseum Slavers","floor":22,"turns":6},{"damage":31,"enemies":"Colosseum Nobs","floor":22,"turns":4},{"damage":43,"enemies":"Slavers","floor":24,"turns":4},{"damage":12,"enemies":"Shell Parasite","floor":28,"turns":4},{"damage":9,"enemies":"Cultist and Chosen","floor":29,"turns":4},{"damage":34,"enemies":"Snake Plant","floor":30,"turns":3},{"damage":9,"enemies":"Centurion and Healer","floor":31,"turns":4},{"damage":31,"enemies":"Collector","floor":33,"turns":6},{"damage":7,"enemies":"3 Darklings","floor":35,"turns":3},{"damage":19,"enemies":"Orb Walker","floor":36,"turns":4},{"damage":17,"enemies":"3 Darklings","floor":41,"turns":5},{"damage":29,"enemies":"Reptomancer","floor":42,"turns":5},{"damage":30,"enemies":"Transient","floor":44,"turns":5},{"damage":13,"enemies":"2 Orb Walkers","floor":47,"turns":4},{"damage":105,"enemies":"Time Eater","floor":50,"turns":11}],"seed_played":"6207426263221733719","potions_obtained":[{"floor":1,"key":"GamblersBrew"},{"floor":4,"key":"LiquidBronze"},{"floor":12,"key":"Weak Potion"},{"floor":13,"key":"Dexterity Potion"},{"floor":24,"key":"Ancient Potion"},{"floor":29,"key":"GamblersBrew"},{"floor":35,"key":"Block Potion"},{"floor":41,"key":"SteroidPotion"},{"floor":44,"key":"Weak Potion"},{"floor":47,"key":"Energy Potion"}],"is_trial":false,"path_per_floor":["M","M","$","M","$","R","E","R","T","R","?","E","M","E","R","B",null,"M","?","?","?","?","R","E","R","T","?","M","M","M","M","R","B",null,"M","M","$","?","$","R","M","M","T","M","$","R","E","T","R"],"character_chosen":"IRONCLAD","items_purchased":["Whirlwind","Bloodletting","Membership Card","Thread and Needle","Bronze Scales","Flex+1","Deep Breath+1","Thinking Ahead+1","Blind+1"],"campfire_rested":6,"item_purchase_floors":[3,3,37,37,37,37,39,39,45],"current_hp_per_floor":[65,64,64,70,70,70,33,33,33,61,61,50,54,46,46,27,77,63,63,63,63,30,73,36,79,79,79,73,70,42,39,82,57,85,88,79,79,79,79,79,72,53,53,33,33,76,73,73,94,0],"gold":49,"neow_bonus":"ONE_RARE_RELIC","is_prod":false,"is_daily":false,"chose_seed":false,"campfire_upgraded":4,"win_rate":0,"timestamp":1538674940,"path_taken":["M","?","?","M","$","R","E","R","T","R","?","E","?","E","R","BOSS","M","?","?","?","?","R","E","R","T","?","M","M","M","M","R","BOSS","M","M","$","?","$","R","?","M","T","M","$","R","E","?","R","BOSS"],"build_version":"2018-09-27","purchased_purges":1,"victory":false,"max_hp_per_floor":[94,94,94,94,94,94,94,94,94,94,94,94,94,94,94,94,94,94,94,94,94,94,94,94,94,94,94,94,94,94,94,94,94,94,94,94,94,94,94,94,94,94,94,94,94,94,94,94,94,94],"card_choices":[{"not_picked":["Intimidate","Sword Boomerang"],"picked":"Inflame","floor":1},{"not_picked":["Headbutt","Seeing Red"],"picked":"Battle Trance","floor":2},{"not_picked":["Anger","Brutality","Iron Wave"],"picked":"SKIP","floor":4},{"not_picked":["Headbutt","Sever Soul"],"picked":"Seeing Red","floor":7},{"not_picked":["Perfected Strike","Sword Boomerang"],"picked":"Flame Barrier+1","floor":12},{"not_picked":["Clothesline","Inflame"],"picked":"Armaments+1","floor":13},{"not_picked":["Brutality","Blood for Blood"],"picked":"Flex+1","floor":14},{"not_picked":["Exhume+1","Berserk"],"picked":"Limit Break+1","floor":16},{"not_picked":["Dual Wield+1","Evolve","Twin Strike"],"picked":"SKIP","floor":18},{"not_picked":["Clothesline","Anger"],"picked":"Thunderclap+1","floor":22},{"not_picked":["Cleave","Thunderclap","Clash"],"picked":"SKIP","floor":24},{"not_picked":["Thunderclap","Inflame","Second Wind+1"],"picked":"SKIP","floor":28},{"not_picked":["Twin Strike","Clash","Burning Pact+1"],"picked":"SKIP","floor":29},{"not_picked":["Burning Pact+1","Whirlwind"],"picked":"Bloodletting+1","floor":30},{"not_picked":["Iron Wave","Headbutt","Sever Soul"],"picked":"SKIP","floor":31},{"not_picked":["Demon Form","Bludgeon"],"picked":"Impervious+1","floor":33},{"not_picked":["Cleave","Ghostly Armor+1"],"picked":"Intimidate+1","floor":35},{"not_picked":["Havoc+1","Anger+1","Wild Strike"],"picked":"SKIP","floor":36},{"not_picked":["Twin Strike","Shockwave+1"],"picked":"True Grit+1","floor":41},{"not_picked":["Clothesline","Burning Pact+1","Thunderclap+1"],"picked":"SKIP","floor":42},{"not_picked":["Clash","Body Slam","Armaments+1"],"picked":"SKIP","floor":44},{"not_picked":["Feed","Thunderclap+1","Searing Blow"],"picked":"SKIP","floor":47},{"not_picked":["Shockwave+1","Thunderclap"],"picked":"Corruption","floor":49}],"player_experience":492752,"relics_obtained":[{"floor":7,"key":"Orichalcum"},{"floor":9,"key":"Toxic Egg 2"},{"floor":12,"key":"Letter Opener"},{"floor":14,"key":"Regal Pillow"},{"floor":22,"key":"Torii"},{"floor":22,"key":"Mercury Hourglass"},{"floor":24,"key":"Happy Flower"},{"floor":26,"key":"Matryoshka"},{"floor":43,"key":"Ancient Tea Set"},{"floor":43,"key":"Art of War"},{"floor":47,"key":"The Courier"},{"floor":48,"key":"Dream Catcher"},{"floor":48,"key":"Lantern"}],"event_choices":[{"event_name":"The Woman in Blue","player_choice":"Bought 0 Potions","floor":11,"damage_taken":0},{"event_name":"Transmorgrifier","player_choice":"Transform","floor":19,"damage_taken":0},{"event_name":"Vampires","player_choice":"Ignored","floor":20,"damage_taken":0},{"event_name":"Forgotten Altar","player_choice":"Smashed Altar","floor":21,"damage_taken":0},{"event_name":"Colosseum","player_choice":"Fight","floor":22,"damage_taken":0},{"event_name":"Colosseum","player_choice":"Fought Nobs","floor":22,"damage_taken":0},{"event_name":"WeMeetAgain","player_choice":"Card","floor":27,"damage_taken":0},{"event_name":"Transmorgrifier","player_choice":"Transform","floor":38,"damage_taken":0}],"is_beta":false,"boss_relics":[{"not_picked":["Tiny House","Runic Dome"],"picked":"Pandora\u0027s Box"},{"not_picked":["Empty Cage","Lizard Tail"],"picked":"Black Blood"}],"items_purged_floors":[37],"is_endless":false,"potions_floor_spawned":[1,4,12,13,24,29,30,31,35,41,44,47],"killed_by":"Time Eater","ascension_level":12}