{"gold_per_floor":[109,120,120,131,149,183,183,213,213,242,242,257,282,300,300,378,378,397,397,397,364,364,364],"floor_reached":23,"playtime":1522,"items_purged":[],"score":398,"play_id":"638ef7f5-341a-4567-a7b6-cc7574f26e32","local_time":"20190201101624","is_ascension_mode":true,"campfire_choices":[{"data":"Offering","floor":7,"key":"SMITH"},{"floor":11,"key":"REST"},{"floor":15,"key":"REST"}],"neow_cost":"NONE","seed_source_timestamp":296430265245518,"circlet_count":0,"master_deck":["AscendersBane","Strike_R","Strike_R","Strike_R","Defend_R","Defend_R","Defend_R","Defend_R","Bash","Offering+1","Shrug It Off","Anger","Disarm","Cleave","Dropkick","Feel No Pain","Havoc","Clothesline","Battle Trance","Reckless Charge","Shrug It Off","Rage","Dark Embrace","Thunderclap","Writhe","Corruption","Anger","Battle Trance"],"relics":["Burning Blood","Paper Frog","Juzu Bracelet","Pantograph","Dream Catcher","Blood Vial","Smiling Mask","Runic Pyramid","Potion Belt"],"potions_floor_usage":[6,8,12,23,23,23],"damage_taken":[{"damage":9,"enemies":"2 Louse","floor":1,"turns":3},{"damage":1,"enemies":"Cultist","floor":2,"turns":4},{"damage":4,"enemies":"Small Slimes","floor":4,"turns":4},{"damage":7,"enemies":"3 Louse","floor":5,"turns":3},{"damage":34,"enemies":"Gremlin Nob","floor":6,"turns":5},{"damage":26,"enemies":"3 Sentries","floor":8,"turns":7},{"damage":24,"enemies":"Lagavulin","floor":10,"turns":7},{"damage":4,"enemies":"2 Fungi Beasts","floor":12,"turns":2},{"damage":20,"enemies":"3 Sentries","floor":13,"turns":8},{"damage":13,"enemies":"Gremlin Gang","floor":14,"turns":5},{"damage":25,"enemies":"The Guardian","floor":16,"turns":16},{"damage":8,"enemies":"Chosen","floor":18,"turns":9},{"damage":50,"enemies":"2 Thieves","floor":21,"turns":5},{"damage":33,"enemies":"Gremlin Leader","floor":23,"turns":10}],"seed_played":"-8244700065988916985","potions_obtained":[{"floor":2,"key":"SkillPotion"},{"floor":4,"key":"Regen Potion"},{"floor":5,"key":"BloodPotion"},{"floor":10,"key":"AttackPotion"},{"floor":16,"key":"Ancient Potion"},{"floor":19,"key":"SneckoOil"},{"floor":19,"key":"Strength Potion"},{"floor":21,"key":"Block Potion"}],"is_trial":false,"path_per_floor":["M","M","?","M","M","E","R","E","T","E","R","M","E","M","R","B",null,"M","?","?","M","?","E"],"character_chosen":"IRONCLAD","items_purchased":[],"campfire_rested":2,"item_purchase_floors":[],"current_hp_per_floor":[65,70,70,72,71,50,50,45,45,27,49,53,41,36,58,56,70,70,70,70,28,28,0],"gold":364,"neow_bonus":"ONE_RANDOM_RARE_CARD","is_prod":false,"is_daily":false,"chose_seed":false,"campfire_upgraded":1,"win_rate":0,"timestamp":1549044984,"path_taken":["M","M","?","M","M","E","R","E","T","E","R","M","E","M","R","BOSS","M","?","?","M","?","E"],"build_version":"2019-01-23","purchased_purges":0,"victory":false,"max_hp_per_floor":[75,75,75,75,75,75,75,75,75,75,75,75,75,75,75,75,75,75,75,75,75,75,75],"card_choices":[{"not_picked":["Metallicize","Reckless Charge"],"picked":"Shrug It Off","floor":1},{"not_picked":["Twin Strike","Reckless Charge"],"picked":"Anger","floor":2},{"not_picked":["Clothesline","Armaments"],"picked":"Disarm","floor":4},{"not_picked":["Sever Soul","Headbutt"],"picked":"Cleave","floor":5},{"not_picked":["Hemokinesis","Rampage"],"picked":"Dropkick","floor":6},{"not_picked":["Brutality","Second Wind"],"picked":"Feel No Pain","floor":8},{"not_picked":["Uppercut","Flex"],"picked":"Havoc","floor":10},{"not_picked":["Warcry","Sever Soul"],"picked":"Clothesline","floor":11},{"not_picked":["Second Wind","Havoc"],"picked":"Battle Trance","floor":12},{"not_picked":["Shockwave","Offering"],"picked":"Reckless Charge","floor":13},{"not_picked":["Sword Boomerang","Rupture"],"picked":"Shrug It Off","floor":14},{"not_picked":["Power Through","Heavy Blade"],"picked":"Rage","floor":15},{"not_picked":["Bludgeon","Exhume"],"picked":"Dark Embrace","floor":16},{"not_picked":["Rupture","Body Slam"],"picked":"Thunderclap","floor":18},{"not_picked":["Pommel Strike","Rampage"],"picked":"Corruption","floor":21}],"player_experience":521533,"relics_obtained":[{"floor":6,"key":"Juzu Bracelet"},{"floor":8,"key":"Pantograph"},{"floor":9,"key":"Dream Catcher"},{"floor":10,"key":"Blood Vial"},{"floor":13,"key":"Smiling Mask"}],"event_choices":[{"damage_healed":0,"gold_gain":0,"player_choice":"Gave Potion","damage_taken":0,"relics_obtained":["Paper Frog"],"max_hp_gain":0,"max_hp_loss":0,"event_name":"WeMeetAgain","floor":3,"gold_loss":0},{"damage_healed":0,"gold_gain":0,"player_choice":"Got Potions","damage_taken":0,"max_hp_gain":0,"max_hp_loss":0,"event_name":"Lab","floor":19,"gold_loss":0},{"damage_healed":0,"gold_gain":0,"player_choice":"Opened","damage_taken":0,"relics_obtained":["Potion Belt"],"max_hp_gain":0,"max_hp_loss":0,"event_name":"The Mausoleum","floor":20,"gold_loss":0,"cards_obtained":["Writhe"]},{"damage_healed":0,"gold_gain":0,"cards_transformed":["Strike_R","Strike_R"],"player_choice":"Became Test Subject","damage_taken":0,"max_hp_gain":0,"max_hp_loss":0,"event_name":"Drug Dealer","floor":22,"gold_loss":0,"cards_obtained":["Anger","Battle Trance"]}],"is_beta":false,"boss_relics":[{"not_picked":["Black Blood","Calling Bell"],"picked":"Runic Pyramid"}],"items_purged_floors":[],"is_endless":false,"potions_floor_spawned":[2,4,5,10,16,21],"killed_by":"Gremlin Leader","ascension_level":16}