{"gold_per_floor":[113,133,133,83,96,96,117,148,148,148,1,19,36,47,47,151,151,163,262,115,215,233,262,262,295,295,295,295,295,295,306,306,401,401,412,0,0,20,20,20,50,69,93,106,106,31,81,81,81,81],"floor_reached":51,"playtime":4084,"items_purged":["Decay"],"score":843,"play_id":"c6e4207b-00f4-4b6b-8507-7143399b51de","local_time":"20190205020128","is_ascension_mode":true,"campfire_choices":[{"data":"Loop","floor":6.0,"key":"SMITH"},{"data":"Sunder","floor":10.0,"key":"SMITH"},{"data":"Zap","floor":15.0,"key":"SMITH"},{"data":"Seek","floor":24.0,"key":"SMITH"},{"data":"Reinforced Body","floor":28.0,"key":"SMITH"},{"data":"FTL","floor":30.0,"key":"SMITH"},{"data":"Coolheaded","floor":32.0,"key":"SMITH"},{"data":"Auto Shields","floor":40.0,"key":"SMITH"},{"data":"Loop","floor":49.0,"key":"SMITH"}],"neow_cost":"NONE","seed_source_timestamp":272537930712161,"circlet_count":0,"master_deck":["Strike_B","Strike_B","Strike_B","Strike_B","Defend_B","Defend_B+1","Defend_B","Zap+1","Dualcast","Leap+1","Sunder+1","Loop+1","Reinforced Body+1","FTL+1","Auto Shields+1","Compile Driver","FTL","Conserve Battery","Seek+1","Ball Lightning","Coolheaded+1","Seek","Glacier","Echo Form","Go for the Eyes+1","Conserve Battery","Redo+1","Loop+1","Chill+1","Doubt"],"special_seed":0,"relics":["Cracked Core","Odd Mushroom","Potion Belt","Pear","Eternal Feather","DataDisk","Bottled Lightning","Pen Nib","Pantograph","StoneCalendar","Coffee Dripper","Red Mask","Boot","Anchor","Oddly Smooth Stone","Shovel"],"potions_floor_usage":[50,50],"damage_taken":[{"damage":0.0,"enemies":"2 Louse","floor":1.0,"turns":1.0},{"damage":0.0,"enemies":"Jaw Worm","floor":2.0,"turns":3.0},{"damage":0.0,"enemies":"Small Slimes","floor":5.0,"turns":2.0},{"damage":9.0,"enemies":"The Mushroom Lair","floor":7.0,"turns":4.0},{"damage":20.0,"enemies":"Lagavulin","floor":8.0,"turns":6.0},{"damage":2.0,"enemies":"Exordium Thugs","floor":12.0,"turns":4.0},{"damage":0.0,"enemies":"2 Fungi Beasts","floor":13.0,"turns":2.0},{"damage":7.0,"enemies":"Exordium Wildlife","floor":14.0,"turns":3.0},{"damage":26.0,"enemies":"Hexaghost","floor":16.0,"turns":9.0},{"damage":0.0,"enemies":"Spheric Guardian","floor":18.0,"turns":3.0},{"damage":0.0,"enemies":"Chosen","floor":22.0,"turns":4.0},{"damage":24.0,"enemies":"Book of Stabbing","floor":23.0,"turns":6.0},{"damage":38.0,"enemies":"Slavers","floor":25.0,"turns":7.0},{"damage":0.0,"enemies":"Snecko","floor":31.0,"turns":4.0},{"damage":63.0,"enemies":"Collector","floor":33.0,"turns":13.0},{"damage":0.0,"enemies":"Orb Walker","floor":35.0,"turns":4.0},{"damage":2.0,"enemies":"3 Darklings","floor":38.0,"turns":6.0},{"damage":29.0,"enemies":"Giant Head","floor":41.0,"turns":12.0},{"damage":0.0,"enemies":"Maw","floor":42.0,"turns":7.0},{"damage":13.0,"enemies":"Sphere and 2 Shapes","floor":44.0,"turns":5.0},{"damage":21.0,"enemies":"2 Orb Walkers","floor":47.0,"turns":7.0},{"damage":82,"enemies":"Time Eater","floor":50,"turns":14}],"seed_played":"-8038631461606082667","potions_obtained":[{"floor":2.0,"key":"Ancient Potion"},{"floor":8.0,"key":"Weak Potion"},{"floor":12.0,"key":"Ancient Potion"},{"floor":16.0,"key":"Poison Potion"},{"floor":25.0,"key":"EssenceOfSteel"},{"floor":29.0,"key":"Dexterity Potion"},{"floor":29.0,"key":"Explosive Potion"},{"floor":38.0,"key":"Ancient Potion"},{"floor":47.0,"key":"FearPotion"}],"is_trial":false,"path_per_floor":["M","M","?","?","M","R","?","E","T","R","$","M","M","M","R","B",null,"M","?","$","?","M","E","R","E","T","T","R","?","R","M","R","B",null,"M","?","?","M","?","R","E","M","T","M","T","$","?","?","R","B",null],"character_chosen":"DEFECT","items_purchased":["FTL","Auto Shields","DataDisk"],"campfire_rested":0,"item_purchase_floors":[11,11,20],"current_hp_per_floor":[82,82,66,66,66,66,57,37,47,47,47,45,45,38,38,12,92,92,92,92,92,92,68,80,42,42,42,54,54,66,66,78,29,92,92,92,92,90,90,92,63,63,63,50,50,50,29,92,92,10],"gold":81,"neow_bonus":"TEN_PERCENT_HP_BONUS","is_prod":false,"is_daily":false,"chose_seed":false,"campfire_upgraded":9,"win_rate":0,"timestamp":1549328488,"path_taken":["M","M","?","?","M","R","?","E","T","R","$","M","M","M","R","BOSS","M","?","$","?","?","E","R","E","T","?","R","?","R","?","R","BOSS","M","?","?","?","?","R","E","M","T","M","?","$","?","?","R","BOSS"],"build_version":"2019-01-23","purchased_purges":1,"victory":true,"max_hp_per_floor":[82,82,82,82,82,82,82,82,92,92,92,92,92,92,92,92,92,92,92,92,92,92,92,92,92,92,92,92,92,92,92,92,92,92,92,92,92,92,92,92,92,92,92,92,92,92,92,92,92,92],"card_choices":[{"not_picked":["Barrage","Rebound"],"picked":"Leap","floor":1.0},{"not_picked":["Hologram","Gash"],"picked":"Sunder","floor":2.0},{"not_picked":["Coolheaded","Storm"],"picked":"Loop","floor":5.0},{"not_picked":["Hologram","Leap"],"picked":"Reinforced Body","floor":7.0},{"not_picked":["Recycle","Steam","Barrage"],"picked":"SKIP","floor":8.0},{"not_picked":["Streamline","Double Energy"],"picked":"Compile Driver","floor":12.0},{"not_picked":["Streamline","Sweeping Beam"],"picked":"FTL","floor":13.0},{"not_picked":["Genetic Algorithm","Rip and Tear"],"picked":"Conserve Battery","floor":14.0},{"not_picked":["Meteor Strike","All For One"],"picked":"Seek","floor":16.0},{"not_picked":["Conserve Battery","Melter+1"],"picked":"Ball Lightning","floor":18.0},{"not_picked":["Stack","Reprogram+1"],"picked":"Coolheaded","floor":22.0},{"not_picked":["Rebound","Hologram"],"picked":"Seek","floor":23.0},{"not_picked":["Static Discharge","Double Energy"],"picked":"Glacier","floor":25.0},{"not_picked":["Scrape","Leap","Sweeping Beam"],"picked":"SKIP","floor":31.0},{"not_picked":["Fission","Machine Learning"],"picked":"Echo Form","floor":33.0},{"not_picked":["Tempest","Steam Power+1"],"picked":"Go for the Eyes+1","floor":35.0},{"not_picked":["Rebound+1","Gash"],"picked":"Conserve Battery","floor":38.0},{"not_picked":["Conserve Battery","Stack"],"picked":"Redo+1","floor":41.0},{"not_picked":["Genetic Algorithm+1","Redo"],"picked":"Loop","floor":42.0},{"not_picked":["Aggregate","Compile Driver"],"picked":"Chill+1","floor":44.0}],"player_experience":340063,"relics_obtained":[{"floor":7.0,"key":"Odd Mushroom"},{"floor":8.0,"key":"Potion Belt"},{"floor":9.0,"key":"Pear"},{"floor":23.0,"key":"Bottled Lightning"},{"floor":25.0,"key":"Pen Nib"},{"floor":26.0,"key":"Pantograph"},{"floor":27.0,"key":"StoneCalendar"},{"floor":41.0,"key":"Boot"},{"floor":43.0,"key":"Anchor"},{"floor":45.0,"key":"Oddly Smooth Stone"},{"floor":47.0,"key":"Shovel"}],"event_choices":[{"damage_healed":0.0,"max_hp_gain":0.0,"max_hp_loss":0.0,"gold_gain":0.0,"event_name":"Shining Light","player_choice":"Entered Light","floor":3.0,"gold_loss":0.0,"damage_taken":16.0,"cards_upgraded":["Leap","Defend_B"]},{"cards_removed":["Defend_B"],"damage_healed":0.0,"max_hp_gain":0.0,"max_hp_loss":0.0,"gold_gain":0.0,"event_name":"The Cleric","player_choice":"Card Removal","floor":4.0,"gold_loss":50.0,"damage_taken":0.0},{"damage_healed":0.0,"max_hp_gain":0.0,"max_hp_loss":0.0,"gold_gain":0.0,"event_name":"Mushrooms","player_choice":"Fought Mushrooms","floor":7.0,"gold_loss":0.0,"damage_taken":0.0},{"damage_healed":0.0,"max_hp_gain":0.0,"max_hp_loss":0.0,"gold_gain":99.0,"event_name":"Nest","player_choice":"Stole From Cult","floor":19.0,"gold_loss":0.0,"damage_taken":0.0},{"damage_healed":0.0,"max_hp_gain":0.0,"max_hp_loss":0.0,"gold_gain":100.0,"event_name":"Golden Shrine","player_choice":"Pray","floor":21.0,"gold_loss":0.0,"damage_taken":0.0},{"damage_healed":0.0,"max_hp_gain":0.0,"max_hp_loss":0.0,"gold_gain":0.0,"event_name":"Lab","player_choice":"Got Potions","floor":29.0,"gold_loss":0.0,"damage_taken":0.0},{"damage_healed":0.0,"max_hp_gain":0.0,"max_hp_loss":0.0,"gold_gain":0.0,"event_name":"Tomb of Lord Red Mask","player_choice":"Paid","floor":36.0,"gold_loss":412.0,"damage_taken":0.0,"relics_obtained":["Red Mask"]},{"damage_healed":0.0,"max_hp_gain":0.0,"max_hp_loss":0.0,"gold_gain":0.0,"event_name":"Wheel of Change","player_choice":"Cursed","floor":37.0,"gold_loss":0.0,"damage_taken":0.0,"cards_obtained":["Decay"]},{"damage_healed":0.0,"max_hp_gain":0.0,"max_hp_loss":0.0,"gold_gain":0.0,"event_name":"SensoryStone","player_choice":"Memory 1","floor":39.0,"gold_loss":0.0,"damage_taken":0.0},{"damage_healed":0.0,"max_hp_gain":0.0,"max_hp_loss":0.0,"gold_gain":0.0,"event_name":"Mysterious Sphere","player_choice":"Fight","floor":47.0,"gold_loss":0.0,"damage_taken":0.0},{"damage_healed":63.0,"max_hp_gain":0.0,"max_hp_loss":0.0,"gold_gain":0.0,"event_name":"MindBloom","player_choice":"Heal","floor":48.0,"gold_loss":0.0,"damage_taken":0.0,"cards_obtained":["Doubt"]}],"is_beta":false,"boss_relics":[{"not_picked":["Velvet Choker","FrozenCore"],"picked":"Eternal Feather"},{"not_picked":["Astrolabe","Runic Pyramid"],"picked":"Coffee Dripper"}],"items_purged_floors":[46],"is_endless":false,"potions_floor_spawned":[2,8,12,16,25,38,47],"ascension_level":4}