{"gold_per_floor":[116,126,136,40,30,30,45,45,45,45,73,73,100,114,114,114],"floor_reached":16,"playtime":588,"items_purged":[],"score":168,"play_id":"cadad991-170d-4f54-b9f4-5b2ecf0c7248","local_time":"20181013012659","is_ascension_mode":true,"campfire_choices":[{"data":"Panacea","floor":6,"key":"SMITH"},{"data":"Zap","floor":8,"key":"SMITH"},{"data":"Coolheaded","floor":15,"key":"SMITH"}],"neow_cost":"","seed_source_timestamp":221278472007779,"circlet_count":0,"master_deck":["Strike_B","Strike_B","Strike_B","Defend_B","Defend_B","Defend_B","Defend_B","Zap+1","Dualcast","AscendersBane","Self Repair","Gash","Ball Lightning","Panacea+1","Sweeping Beam","Conserve Battery","Coolheaded+1","Cold Snap","Ball Lightning"],"relics":["Cracked Core","Anchor","Potion Belt","Odd Mushroom"],"potions_floor_usage":[13],"damage_taken":[{"damage":7,"enemies":"Jaw Worm","floor":1,"turns":4},{"damage":0,"enemies":"Small Slimes","floor":2,"turns":3},{"damage":1,"enemies":"2 Louse","floor":3,"turns":3},{"damage":14,"enemies":"Exordium Thugs","floor":5,"turns":4},{"damage":0,"enemies":"Large Slime","floor":7,"turns":5},{"damage":23,"enemies":"Lagavulin","floor":11,"turns":7},{"damage":8,"enemies":"The Mushroom Lair","floor":13,"turns":4},{"damage":0,"enemies":"3 Louse","floor":14,"turns":2},{"damage":35,"enemies":"Hexaghost","floor":16,"turns":8}],"seed_played":"-5188714028596961108","potions_obtained":[{"floor":3,"key":"Ancient Potion"},{"floor":11,"key":"Energy Potion"},{"floor":13,"key":"Energy Potion"}],"is_trial":false,"path_per_floor":["M","M","M","$","M","R","M","R","T","?","E","?","?","M","R"],"character_chosen":"DEFECT","items_purchased":["Panacea"],"campfire_rested":0,"item_purchase_floors":[4],"current_hp_per_floor":[61,68,74,74,67,67,74,74,74,79,63,63,55,55,55,20],"gold":114,"neow_bonus":"","is_prod":false,"is_daily":false,"chose_seed":false,"campfire_upgraded":3,"win_rate":0,"timestamp":1539386819,"path_taken":["M","M","M","$","M","R","M","R","T","?","E","?","?","M","R","BOSS"],"build_version":"2018-10-11","purchased_purges":0,"victory":false,"max_hp_per_floor":[75,75,75,75,75,75,75,75,75,80,80,80,80,80,80,80],"card_choices":[{"not_picked":["Conserve Battery","Compile Driver"],"picked":"Self Repair","floor":1},{"not_picked":["Reinforced Body","Reprogram"],"picked":"Gash","floor":2},{"not_picked":["Barrage","Scrape"],"picked":"Ball Lightning","floor":3},{"not_picked":["Compile Driver","Stack"],"picked":"Sweeping Beam","floor":5},{"not_picked":["Stack","Compile Driver"],"picked":"Conserve Battery","floor":7},{"not_picked":["Meteor Strike","Compile Driver"],"picked":"Coolheaded","floor":11},{"not_picked":["Conserve Battery","Steam"],"picked":"Cold Snap","floor":13},{"not_picked":["Conserve Battery","Turbo"],"picked":"Ball Lightning","floor":14}],"player_experience":509930,"relics_obtained":[{"floor":9,"key":"Anchor"},{"floor":11,"key":"Potion Belt"},{"floor":13,"key":"Odd Mushroom"}],"event_choices":[{"event_name":"Big Fish","player_choice":"Donut","floor":10,"damage_taken":0},{"event_name":"Living Wall","player_choice":"Forget","floor":12,"damage_taken":0},{"event_name":"Mushrooms","player_choice":"Fought Mushrooms","floor":13,"damage_taken":0}],"is_beta":false,"boss_relics":[],"items_purged_floors":[],"is_endless":false,"potions_floor_spawned":[3,11,13],"killed_by":"Hexaghost","ascension_level":13}