{"gold_per_floor":[118,118,118,131,131,131,151,164,245,245,245,46,74,74,74,175,175,194,194,194,205,219,219,231,231,231,231,231,231,246,246,258,373,435,465,577,589,12,12,12,27,42,68,68,68,85,104,122,122,122],"floor_reached":51,"playtime":5479,"items_purged":["Strike_B","Writhe"],"score":896,"play_id":"ceb42a97-50d8-4778-a4b9-10e43a100c1d","local_time":"20190213050211","is_ascension_mode":true,"campfire_choices":[{"data":"Fission","floor":6.0,"key":"SMITH"},{"data":"Loop","floor":11.0,"key":"SMITH"},{"data":"Dualcast","floor":15.0,"key":"SMITH"},{"data":"Hologram","floor":23.0,"key":"SMITH"},{"data":"Amplify","floor":25.0,"key":"SMITH"},{"data":"Seek","floor":27.0,"key":"SMITH"},{"data":"Undo","floor":29.0,"key":"SMITH"},{"floor":32.0,"key":"RECALL"},{"data":"White Noise","floor":40,"key":"SMITH"},{"data":"Master of Strategy","floor":45,"key":"SMITH"},{"data":"Turbo","floor":49,"key":"SMITH"}],"neow_cost":"TEN_PERCENT_HP_LOSS","seed_source_timestamp":11498737832245,"circlet_count":0,"master_deck":["Strike_B+1","Strike_B+1","Strike_B+1","Defend_B+1","Defend_B+1","Zap+1","Dualcast+1","Fission+1","Chill","Undo+1","Loop+1","Core Surge","Seek+1","Conserve Battery+1","Hologram+1","Amplify+1","Leap+1","Buffer+1","Skim","Coolheaded+1","Skim","White Noise+1","Master of Strategy+1","Gash","Leap","Fission+1","Defragment+1","Leap+1","Turbo+1","Cold Snap+1","Go for the Eyes"],"special_seed":0,"relics":["Cracked Core","Smiling Mask","Tiny Chest","Happy Flower","Oddly Smooth Stone","Bronze Scales","Lizard Tail","MutagenicStrength","Gremlin Horn","MawBank","Tiny House","Bird Faced Urn","Strange Spoon","Dodecahedron"],"potions_floor_usage":[33,33,35,50,50,50,50,50,50],"damage_taken":[{"damage":6.0,"enemies":"Jaw Worm","floor":1.0,"turns":4.0},{"damage":1.0,"enemies":"Small Slimes","floor":4.0,"turns":3.0},{"damage":0.0,"enemies":"Cultist","floor":7.0,"turns":3.0},{"damage":0.0,"enemies":"Exordium Wildlife","floor":8.0,"turns":3.0},{"damage":9.0,"enemies":"Lagavulin","floor":13.0,"turns":7.0},{"damage":0.0,"enemies":"The Guardian","floor":16.0,"turns":10.0},{"damage":0.0,"enemies":"Spheric Guardian","floor":18.0,"turns":4.0},{"damage":0.0,"enemies":"3 Byrds","floor":21.0,"turns":3.0},{"damage":0.0,"enemies":"3 Cultists","floor":22.0,"turns":5.0},{"damage":15.0,"enemies":"Centurion and Healer","floor":24.0,"turns":7.0},{"damage":10.0,"enemies":"Shelled Parasite and Fungi","floor":30.0,"turns":5.0},{"damage":67,"enemies":"Champ","floor":33,"turns":15},{"damage":0,"enemies":"3 Shapes","floor":35,"turns":8},{"damage":0,"enemies":"Mind Bloom Boss Battle","floor":36,"turns":13},{"damage":0,"enemies":"Orb Walker","floor":41,"turns":3},{"damage":0,"enemies":"Sphere and 2 Shapes","floor":42,"turns":5},{"damage":8,"enemies":"3 Darklings","floor":46,"turns":4},{"damage":0,"enemies":"Writhing Mass","floor":47,"turns":6},{"damage":0,"enemies":"4 Shapes","floor":48,"turns":4},{"damage":13,"enemies":"Time Eater","floor":50,"turns":18}],"seed_played":"198829048660013521","potions_obtained":[{"floor":7.0,"key":"Ancient Potion"},{"floor":8.0,"key":"Explosive Potion"},{"floor":16.0,"key":"Swift Potion"},{"floor":21.0,"key":"Fire Potion"},{"floor":22.0,"key":"SpeedPotion"},{"floor":34,"key":"AttackPotion"},{"floor":35,"key":"Dexterity Potion"},{"floor":36,"key":"EntropicBrew"},{"floor":46,"key":"FearPotion"}],"is_trial":false,"path_per_floor":["M","?","?","M","?","R","M","M","T","T","R","$","E","T","R","B",null,"M","?","?","M","M","R","M","R","T","R","?","R","M","?","R","B",null,"M","?","?","$","?","R","M","M","T","T","R","M","M","M","R","B",null],"character_chosen":"DEFECT","items_purchased":["Core Surge","Strange Spoon","White Noise","Master of Strategy","Gash","Leap"],"campfire_rested":0,"item_purchase_floors":[12,38,38,38,38,38],"current_hp_per_floor":[62,62,55,54,54,54,54,54,54,54,54,54,45,45,45,45,62,62,62,62,62,62,62,47,47,47,47,47,47,37,37,37,31,64,64,64,64,64,64,64,73,73,73,73,73,73,73,73,73,61],"gold":122,"neow_bonus":"THREE_RARE_CARDS","is_prod":false,"is_daily":false,"chose_seed":false,"campfire_upgraded":10,"win_rate":0,"timestamp":1550030531,"path_taken":["M","?","?","M","?","R","?","M","T","?","R","$","E","?","R","BOSS","M","?","?","M","M","R","M","R","T","R","?","R","?","?","R","BOSS","M","?","?","$","?","R","M","?","T","?","R","M","?","M","R","BOSS"],"build_version":"2019-01-23","purchased_purges":2,"victory":true,"max_hp_per_floor":[68,68,68,68,68,68,68,68,68,68,68,68,68,68,68,68,68,68,68,68,68,68,68,68,68,68,68,68,68,68,68,68,68,73,73,73,73,73,73,73,73,73,73,73,73,73,73,73,73,73],"card_choices":[{"not_picked":["Electrodynamics","Creative AI"],"picked":"Fission","floor":0.0},{"not_picked":["Hologram","Streamline"],"picked":"Chill","floor":1.0},{"not_picked":["Streamline","Conserve Battery"],"picked":"Undo","floor":4.0},{"not_picked":["Rebound","Genetic Algorithm"],"picked":"Loop","floor":7.0},{"not_picked":["Gash","Beam Cell","Barrage"],"picked":"SKIP","floor":8.0},{"not_picked":["Rebound","Melter","Steam Power"],"picked":"SKIP","floor":13.0},{"not_picked":["Hyperbeam","Reboot"],"picked":"Seek","floor":16.0},{"not_picked":["Doom and Gloom+1","Hello World","Sweeping Beam"],"picked":"SKIP","floor":18.0},{"not_picked":["Static Discharge+1","Darkness+1"],"picked":"Conserve Battery+1","floor":21.0},{"not_picked":["Ball Lightning","Streamline"],"picked":"Hologram","floor":22.0},{"not_picked":["FTL+1","BootSequence"],"picked":"Amplify","floor":24.0},{"not_picked":["Redo","Auto Shields+1"],"picked":"Leap+1","floor":30.0},{"not_picked":["Fission","Echo Form"],"picked":"Buffer","floor":33},{"not_picked":["Sweeping Beam","Redo"],"picked":"Skim","floor":34},{"not_picked":["Steam Power","Ball Lightning"],"picked":"Coolheaded+1","floor":35},{"not_picked":["Streamline+1","Lockon"],"picked":"Skim","floor":36},{"not_picked":["White Noise+1","Chill+1"],"picked":"Defragment+1","floor":41},{"not_picked":["Reinforced Body","Hologram"],"picked":"Leap+1","floor":42},{"not_picked":["Blizzard+1","Conserve Battery"],"picked":"Turbo","floor":46},{"not_picked":["Reprogram+1","Stack+1"],"picked":"Cold Snap+1","floor":47},{"not_picked":["Machine Learning","Doom and Gloom"],"picked":"Go for the Eyes","floor":48}],"player_experience":379688,"relics_obtained":[{"floor":9.0,"key":"Tiny Chest"},{"floor":10.0,"key":"Happy Flower"},{"floor":13.0,"key":"Oddly Smooth Stone"},{"floor":14.0,"key":"Bronze Scales"},{"floor":26.0,"key":"Gremlin Horn"},{"floor":36,"key":"Bird Faced Urn"},{"floor":44,"key":"Dodecahedron"}],"event_choices":[{"damage_healed":0.0,"max_hp_gain":0.0,"max_hp_loss":0.0,"gold_gain":0.0,"event_name":"Living Wall","player_choice":"Grow","floor":2.0,"gold_loss":0.0,"damage_taken":0.0,"cards_upgraded":["Zap"]},{"damage_healed":0.0,"max_hp_gain":0.0,"max_hp_loss":0.0,"gold_gain":0.0,"event_name":"Scrap Ooze","player_choice":"Success","floor":3.0,"gold_loss":0.0,"damage_taken":7.0,"relics_obtained":["Smiling Mask"]},{"cards_removed":["Defend_B"],"damage_healed":0.0,"max_hp_gain":0.0,"max_hp_loss":0.0,"gold_gain":0.0,"event_name":"Bonfire Elementals","player_choice":"Offered Basic","floor":5.0,"gold_loss":0.0,"damage_taken":0.0},{"damage_healed":0.0,"max_hp_gain":0.0,"max_hp_loss":0.0,"gold_gain":0.0,"event_name":"Drug Dealer","player_choice":"Inject Mutagens","floor":19.0,"gold_loss":0.0,"damage_taken":0.0,"relics_obtained":["MutagenicStrength"]},{"damage_healed":0.0,"max_hp_gain":0.0,"max_hp_loss":0.0,"gold_gain":0.0,"event_name":"Ghosts","player_choice":"Ignored","floor":20.0,"gold_loss":0.0,"damage_taken":0.0},{"damage_healed":0.0,"max_hp_gain":0.0,"max_hp_loss":0.0,"gold_gain":0.0,"event_name":"Back to Basics","player_choice":"Simplicity","floor":28.0,"gold_loss":0.0,"damage_taken":0.0,"cards_upgraded":["Strike_B","Strike_B","Strike_B","Defend_B","Defend_B","Defend_B"]},{"damage_healed":0.0,"max_hp_gain":0.0,"max_hp_loss":0.0,"gold_gain":0.0,"event_name":"The Mausoleum","player_choice":"Opened","floor":31.0,"gold_loss":0.0,"damage_taken":0.0,"relics_obtained":["MawBank"],"cards_obtained":["Writhe"]},{"damage_healed":0,"gold_gain":0,"player_choice":"Fight","damage_taken":0,"max_hp_gain":0,"max_hp_loss":0,"event_name":"MindBloom","floor":36,"gold_loss":0},{"cards_removed":["Defend_B"],"damage_healed":0,"gold_gain":0,"player_choice":"Removed Skill","damage_taken":0,"max_hp_gain":0,"max_hp_loss":0,"event_name":"Falling","floor":37,"gold_loss":0},{"damage_healed":0,"gold_gain":0,"player_choice":"Copied","damage_taken":0,"max_hp_gain":0,"max_hp_loss":0,"event_name":"Duplicator","floor":39,"gold_loss":0,"cards_obtained":["Fission"]}],"is_beta":false,"boss_relics":[{"not_picked":["Astrolabe","Fusion Hammer"],"picked":"Lizard Tail"},{"not_picked":["Pandora\u0027s Box","Orrery"],"picked":"Tiny House"}],"items_purged_floors":[12,38],"is_endless":false,"potions_floor_spawned":[7,8,16,21,22,35,36,46],"ascension_level":7}