{"gold_per_floor":[114,133,153,153,172,172,197,197],"floor_reached":8,"playtime":651,"items_purged":[],"score":58,"play_id":"308de50b-e8ca-40aa-a53d-2e91e3a28b58","local_time":"20190216123736","is_ascension_mode":true,"campfire_choices":[{"data":"Defragment","floor":6.0,"key":"SMITH"}],"neow_cost":"PERCENT_DAMAGE","seed_source_timestamp":0,"circlet_count":0,"master_deck":["Strike_B","Strike_B","Strike_B","Strike_B","Defend_B","Defend_B","Defend_B","Defend_B","Zap","Dualcast","Defragment+1","White Noise","Conserve Battery","Chaos","Genetic Algorithm","BootSequence","Leap"],"special_seed":0,"relics":["Cracked Core","Prayer Wheel","Golden Idol"],"potions_floor_usage":[8],"damage_taken":[{"damage":0.0,"enemies":"Cultist","floor":1.0,"turns":3.0},{"damage":5.0,"enemies":"Small Slimes","floor":2.0,"turns":3.0},{"damage":1.0,"enemies":"Jaw Worm","floor":3.0,"turns":4.0},{"damage":22.0,"enemies":"Exordium Thugs","floor":5.0,"turns":4.0},{"damage":10.0,"enemies":"3 Louse","floor":7.0,"turns":3.0},{"damage":17,"enemies":"3 Sentries","floor":8,"turns":2}],"seed_played":"9016489413965296724","potions_obtained":[{"floor":3.0,"key":"Fire Potion"},{"floor":5.0,"key":"Energy Potion"}],"is_trial":false,"path_per_floor":["M","M","M","?","M","R","M","E"],"character_chosen":"DEFECT","items_purchased":[],"campfire_rested":0,"item_purchase_floors":[],"current_hp_per_floor":[54,49,48,48,26,26,16,0],"gold":197,"neow_bonus":"ONE_RARE_RELIC","is_prod":false,"is_daily":false,"chose_seed":false,"campfire_upgraded":1,"win_rate":1,"timestamp":1550317056,"path_taken":["M","M","M","?","M","R","M","E"],"build_version":"2019-02-06","purchased_purges":0,"victory":false,"max_hp_per_floor":[75,75,75,69,69,69,69,69],"card_choices":[{"not_picked":["Conserve Battery","Recycle"],"picked":"Defragment","floor":1.0},{"not_picked":["Steam","Reprogram","Redo"],"picked":"SKIP","floor":1.0},{"not_picked":["Steam","Thunder Strike"],"picked":"White Noise","floor":2.0},{"not_picked":["Loop","Barrage"],"picked":"Conserve Battery","floor":2.0},{"not_picked":["Go for the Eyes","Sweeping Beam"],"picked":"Chaos","floor":3.0},{"not_picked":["Steam Power","Recycle","Go for the Eyes"],"picked":"SKIP","floor":3.0},{"not_picked":["Rebound","Blizzard"],"picked":"Genetic Algorithm","floor":5.0},{"not_picked":["Steam","Hologram"],"picked":"BootSequence","floor":5.0},{"not_picked":["Rebound","Redo"],"picked":"Leap","floor":7.0},{"not_picked":["Auto Shields","Go for the Eyes","Turbo"],"picked":"SKIP","floor":7.0},{"not_picked":["Auto Shields","Go for the Eyes","Turbo"],"picked":"SKIP","floor":7.0}],"player_experience":46090,"relics_obtained":[],"event_choices":[{"damage_healed":0.0,"max_hp_gain":0.0,"max_hp_loss":6.0,"gold_gain":0.0,"event_name":"Golden Idol","player_choice":"Lose Max HP","floor":4.0,"gold_loss":0.0,"damage_taken":0.0,"relics_obtained":["Golden Idol"]}],"is_beta":true,"boss_relics":[],"items_purged_floors":[],"is_endless":false,"potions_floor_spawned":[3,5],"killed_by":"3 Sentries","ascension_level":3}