{"gold_per_floor":[117,135,145,70,70,70,80,80,104,104,104,179,195,224,224,319,319,331,343,343,44,57,57,57,83,83,83,96,107,141,65,65,166,166,179,279,43,60,18,18,46,46,69,100,100,128,350,401,401,401],"floor_reached":51,"playtime":3168,"items_purged":["Strike_R","Defend_R"],"score":1094,"play_id":"81f9af36-2602-4e6f-aba2-0f512973a8de","local_time":"20190221005622","is_ascension_mode":true,"campfire_choices":[{"data":"Armaments","floor":6,"key":"SMITH"},{"data":"Offering","floor":8,"key":"SMITH"},{"data":"Inflame","floor":10,"key":"SMITH"},{"data":"Disarm","floor":15,"key":"SMITH"},{"data":"Demon Form","floor":23,"key":"SMITH"},{"floor":27,"key":"REST"},{"data":"Corruption","floor":32,"key":"SMITH"},{"floor":40,"key":"RECALL"},{"floor":42,"key":"REST"},{"floor":45,"key":"REST"},{"floor":49,"key":"REST"}],"neow_cost":"NONE","seed_source_timestamp":366608923032362,"circlet_count":0,"master_deck":["Strike_R","Defend_R","Defend_R","Defend_R","Bash","Inflame+1","Armaments+1","Offering+1","Body Slam","Disarm+1","Dropkick","Demon Form+1","Flex+1","Iron Wave+1","Impervious+1","Evolve","True Grit","Ghostly","Ghostly","Ghostly","Ghostly","Ghostly","Shrug It Off","Metallicize","Metallicize+1","Juggernaut","Corruption+1","Impervious","Metallicize","Sentinel","Feel No Pain","Flash of Steel","Disarm","Offering"],"relics":["Burning Blood","Red Skull","Potion Belt","Astrolabe","Strange Spoon","Red Mask","Mummified Hand","Bag of Preparation","Fusion Hammer","Unceasing Top","Membership Card","Bag of Marbles","Regal Pillow","Self Forming Clay","Pen Nib","Du-Vu Doll"],"potions_floor_usage":[18,50,50,50],"damage_taken":[{"damage":4,"enemies":"2 Louse","floor":1,"turns":4},{"damage":7,"enemies":"Jaw Worm","floor":2,"turns":4},{"damage":4,"enemies":"Small Slimes","floor":3,"turns":4},{"damage":8,"enemies":"Blue Slaver","floor":7,"turns":4},{"damage":6,"enemies":"2 Fungi Beasts","floor":13,"turns":4},{"damage":13,"enemies":"Gremlin Nob","floor":14,"turns":3},{"damage":22,"enemies":"The Guardian","floor":16,"turns":8},{"damage":21,"enemies":"3 Byrds","floor":18,"turns":7},{"damage":8,"enemies":"Shell Parasite","floor":19,"turns":5},{"damage":17,"enemies":"Centurion and Healer","floor":22,"turns":10},{"damage":18,"enemies":"Masked Bandits","floor":25,"turns":11},{"damage":6,"enemies":"Snecko","floor":28,"turns":6},{"damage":6,"enemies":"Cultist and Chosen","floor":29,"turns":10},{"damage":11,"enemies":"Gremlin Leader","floor":30,"turns":8},{"damage":1,"enemies":"Champ","floor":33,"turns":10},{"damage":1,"enemies":"Orb Walker","floor":35,"turns":5},{"damage":7,"enemies":"Mind Bloom Boss Battle","floor":36,"turns":7},{"damage":1,"enemies":"3 Darklings","floor":38,"turns":4},{"damage":7,"enemies":"Giant Head","floor":41,"turns":6},{"damage":1,"enemies":"Nemesis","floor":44,"turns":7},{"damage":2,"enemies":"Giant Head","floor":46,"turns":7},{"damage":2,"enemies":"2 Orb Walkers","floor":48,"turns":4},{"damage":8,"enemies":"Time Eater","floor":50,"turns":6}],"seed_played":"-2330089629702193393","potions_obtained":[{"floor":3,"key":"Fire Potion"},{"floor":13,"key":"Fire Potion"},{"floor":18,"key":"Strength Potion"},{"floor":28,"key":"Poison Potion"},{"floor":30,"key":"Ancient Potion"},{"floor":38,"key":"Energy Potion"},{"floor":46,"key":"LiquidBronze"}],"is_trial":false,"path_per_floor":["M","M","M","$","?","R","M","R","T","R","?","?","M","E","R","B",null,"M","M","?","$","M","R","?","?","T","R","M","M","E","$","R","B",null,"M","?","$","M","$","R","E","R","T","E","R","E","?","?","R","B",null],"character_chosen":"IRONCLAD","items_purchased":["Strange Spoon","Corruption","Membership Card","Feel No Pain","Flash of Steel"],"campfire_rested":4,"item_purchase_floors":[21,31,37,37,39],"current_hp_per_floor":[88,87,88,88,93,93,91,91,91,91,91,80,80,73,73,57,93,78,76,46,46,35,35,35,23,23,36,36,36,31,31,31,36,46,46,45,45,46,46,46,45,46,46,46,46,46,46,46,46,44],"gold":401,"neow_bonus":"TEN_PERCENT_HP_BONUS","is_prod":false,"is_daily":false,"chose_seed":false,"campfire_upgraded":6,"win_rate":0,"timestamp":1550706982,"path_taken":["M","M","M","$","?","R","M","R","T","R","?","?","M","E","R","BOSS","M","M","?","$","M","R","?","?","T","R","M","M","E","$","R","BOSS","M","?","$","M","$","R","E","R","T","E","R","E","?","?","R","BOSS"],"build_version":"2019-02-06","purchased_purges":2,"victory":true,"max_hp_per_floor":[88,88,88,88,93,93,93,93,93,93,93,93,93,93,93,93,93,93,93,46,46,46,46,46,46,46,46,46,46,46,46,46,46,46,46,46,46,46,46,46,46,46,46,46,46,46,46,46,46,46],"card_choices":[{"not_picked":["Headbutt","Cleave"],"picked":"Inflame","floor":1},{"not_picked":["Heavy Blade","Seeing Red"],"picked":"Armaments","floor":2},{"not_picked":["Flex","Shrug It Off"],"picked":"Offering","floor":3},{"not_picked":["Anger","Clothesline"],"picked":"Body Slam","floor":7},{"not_picked":["Flex","Sword Boomerang"],"picked":"Disarm","floor":13},{"not_picked":["Offering","Iron Wave"],"picked":"Dropkick","floor":14},{"not_picked":["Bludgeon","Exhume"],"picked":"Demon Form","floor":16},{"not_picked":["Headbutt","Armaments"],"picked":"Evolve","floor":18},{"not_picked":["Flex","Body Slam"],"picked":"True Grit","floor":19},{"not_picked":["Rupture","Second Wind"],"picked":"Shrug It Off","floor":22},{"not_picked":["Battle Trance+1","Twin Strike"],"picked":"Metallicize","floor":25},{"not_picked":["Cleave+1","Sword Boomerang+1","Warcry"],"picked":"SKIP","floor":28},{"not_picked":["Cleave+1","Sword Boomerang+1","Warcry"],"picked":"SKIP","floor":28},{"not_picked":["Wild Strike","Body Slam"],"picked":"Metallicize+1","floor":29},{"not_picked":["Rage","Body Slam"],"picked":"Juggernaut","floor":30},{"not_picked":["Brutality","Limit Break"],"picked":"Impervious","floor":33},{"not_picked":["Flex+1","Thunderclap"],"picked":"Metallicize","floor":35},{"not_picked":["Shrug It Off","Pommel Strike+1"],"picked":"Sentinel","floor":36},{"not_picked":["Heavy Blade","Wild Strike+1","True Grit+1"],"picked":"SKIP","floor":38},{"not_picked":["Power Through+1","Warcry+1"],"picked":"Disarm","floor":41},{"not_picked":["Anger","Wild Strike+1"],"picked":"Offering","floor":44},{"not_picked":["Flex","Heavy Blade+1","Clash+1"],"picked":"SKIP","floor":46}],"player_experience":53774,"relics_obtained":[{"floor":9,"key":"Red Skull"},{"floor":14,"key":"Potion Belt"},{"floor":25,"key":"Red Mask"},{"floor":26,"key":"Mummified Hand"},{"floor":30,"key":"Bag of Preparation"},{"floor":36,"key":"Unceasing Top"},{"floor":41,"key":"Bag of Marbles"},{"floor":43,"key":"Regal Pillow"},{"floor":44,"key":"Self Forming Clay"},{"floor":46,"key":"Pen Nib"},{"floor":48,"key":"Du-Vu Doll"}],"event_choices":[{"damage_healed":0,"gold_gain":0,"player_choice":"Donut","damage_taken":0,"max_hp_gain":5,"max_hp_loss":0,"event_name":"Big Fish","floor":5,"gold_loss":0},{"damage_healed":0,"gold_gain":0,"player_choice":"Ignored","damage_taken":0,"max_hp_gain":0,"max_hp_loss":0,"event_name":"Liars Game","floor":11,"gold_loss":0},{"damage_healed":0,"gold_gain":75,"player_choice":"Gather Gold","damage_taken":11,"max_hp_gain":0,"max_hp_loss":0,"event_name":"World of Goop","floor":12,"gold_loss":0},{"damage_healed":0,"gold_gain":0,"player_choice":"Became a Ghost","damage_taken":0,"max_hp_gain":0,"max_hp_loss":47,"event_name":"Ghosts","floor":20,"gold_loss":0,"cards_obtained":["Ghostly","Ghostly","Ghostly","Ghostly","Ghostly"]},{"damage_healed":0,"gold_gain":0,"player_choice":"Ignored","damage_taken":0,"max_hp_gain":0,"max_hp_loss":0,"event_name":"Beggar","floor":24,"gold_loss":0},{"damage_healed":0,"gold_gain":0,"player_choice":"Fought Bandits","damage_taken":0,"max_hp_gain":0,"max_hp_loss":0,"event_name":"Masked Bandits","floor":25,"gold_loss":0},{"damage_healed":0,"gold_gain":0,"player_choice":"Fight","damage_taken":0,"max_hp_gain":0,"max_hp_loss":0,"event_name":"MindBloom","floor":36,"gold_loss":0},{"damage_healed":0,"gold_gain":222,"player_choice":"Wore Mask","damage_taken":0,"max_hp_gain":0,"max_hp_loss":0,"event_name":"Tomb of Lord Red Mask","floor":47,"gold_loss":0},{"damage_healed":0,"gold_gain":0,"player_choice":"Fight","damage_taken":0,"max_hp_gain":0,"max_hp_loss":0,"event_name":"Mysterious Sphere","floor":48,"gold_loss":0}],"is_beta":true,"boss_relics":[{"not_picked":["White Beast Statue","Snecko Eye"],"picked":"Astrolabe"},{"not_picked":["Eternal Feather","Black Star"],"picked":"Fusion Hammer"}],"items_purged_floors":[4,21],"is_endless":false,"potions_floor_spawned":[3,13,18,28,30,38,46,48],"ascension_level":4}