{"gold_per_floor":[117,267,342,342,360,392,392,418,418,433,433,452,49,49,49,128,128,148,148,148,148,160,160],"floor_reached":23,"playtime":1159,"items_purged":["Doubt"],"score":358,"play_id":"f58232e4-f4e9-49f3-8dbd-a7254bd03326","local_time":"20190201082336","is_ascension_mode":true,"campfire_choices":[{"data":"Flash of Steel","floor":7,"key":"SMITH"},{"floor":11,"key":"REST"},{"data":"Armaments","floor":15,"key":"SMITH"}],"neow_cost":"CURSE","seed_source_timestamp":290025557093049,"circlet_count":0,"master_deck":["AscendersBane","Strike_R","Strike_R","Strike_R","Strike_R","Strike_R","Defend_R","Defend_R","Defend_R","Defend_R","Bash","Dark Shackles","Flash of Steel+1","Injury","Cleave","Regret","Cleave","Demon Form","Blood for Blood","Rupture","Armaments+1","Warcry","Impervious+1","Writhe","RitualDagger"],"relics":["Burning Blood","Gambling Chip","Smiling Mask","Self Forming Clay","Pantograph","Sundial","Toxic Egg 2","Lizard Tail","Question Card"],"potions_floor_usage":[6,16,20,22],"damage_taken":[{"damage":4,"enemies":"Jaw Worm","floor":1,"turns":4},{"damage":2,"enemies":"2 Louse","floor":5,"turns":3},{"damage":35,"enemies":"3 Sentries","floor":6,"turns":8},{"damage":23,"enemies":"Gremlin Nob","floor":8,"turns":4},{"damage":2,"enemies":"Small Slimes","floor":10,"turns":3},{"damage":13,"enemies":"Blue Slaver","floor":12,"turns":5},{"damage":35,"enemies":"The Guardian","floor":16,"turns":11},{"damage":21,"enemies":"3 Byrds","floor":18,"turns":7},{"damage":0,"enemies":"Spheric Guardian","floor":20,"turns":2},{"damage":50,"enemies":"Cultist and Chosen","floor":22,"turns":7},{"damage":51,"enemies":"Slavers","floor":23,"turns":5}],"seed_played":"-1213191728693422828","potions_obtained":[{"floor":5,"key":"BloodPotion"},{"floor":6,"key":"SmokeBomb"},{"floor":16,"key":"FearPotion"},{"floor":18,"key":"Ancient Potion"}],"is_trial":false,"path_per_floor":["M","?","?","?","M","E","R","E","T","M","R","M","$","T","R","B",null,"M","?","M","?","M","E"],"character_chosen":"IRONCLAD","items_purchased":["Sundial","Warcry","Fire Potion"],"campfire_rested":1,"item_purchase_floors":[13,13,13],"current_hp_per_floor":[70,70,59,59,63,41,41,24,24,28,50,43,43,43,43,39,66,51,51,57,51,7,0],"gold":160,"neow_bonus":"RANDOM_COLORLESS_2","is_prod":false,"is_daily":false,"chose_seed":false,"campfire_upgraded":2,"win_rate":0,"timestamp":1549038216,"path_taken":["M","?","?","?","?","E","R","E","T","M","R","M","$","?","R","BOSS","M","?","M","?","?","E"],"build_version":"2019-01-23","purchased_purges":1,"victory":false,"max_hp_per_floor":[75,75,75,75,75,75,75,75,75,75,75,75,75,75,75,75,75,75,75,75,75,75,75],"card_choices":[{"not_picked":["Headbutt","Sword Boomerang"],"picked":"Cleave","floor":1},{"not_picked":["Ghostly Armor","Bloodletting"],"picked":"Cleave","floor":5},{"not_picked":["Barricade","Exhume"],"picked":"Demon Form","floor":6},{"not_picked":["Sword Boomerang","Ghostly Armor"],"picked":"Blood for Blood","floor":8},{"not_picked":["Feel No Pain","Shrug It Off"],"picked":"Rupture","floor":10},{"not_picked":["Seeing Red","Thunderclap"],"picked":"Armaments","floor":12},{"not_picked":["Juggernaut","Immolate"],"picked":"Impervious+1","floor":16},{"not_picked":["Headbutt","Warcry+1","Sword Boomerang"],"picked":"SKIP","floor":18},{"not_picked":["Iron Wave","Clash","Pommel Strike","Thunderclap"],"picked":"SKIP","floor":22}],"player_experience":519385,"relics_obtained":[{"floor":6,"key":"Smiling Mask"},{"floor":8,"key":"Self Forming Clay"},{"floor":9,"key":"Pantograph"},{"floor":14,"key":"Toxic Egg 2"}],"event_choices":[{"damage_healed":0,"gold_gain":150,"player_choice":"AGREE","damage_taken":0,"max_hp_gain":0,"max_hp_loss":0,"event_name":"Liars Game","floor":2,"gold_loss":0,"cards_obtained":["Doubt"]},{"damage_healed":0,"gold_gain":75,"player_choice":"Gather Gold","damage_taken":11,"max_hp_gain":0,"max_hp_loss":0,"event_name":"World of Goop","floor":3,"gold_loss":0},{"damage_healed":0,"gold_gain":0,"player_choice":"Box","damage_taken":0,"relics_obtained":["Gambling Chip"],"max_hp_gain":0,"max_hp_loss":0,"event_name":"Big Fish","floor":4,"gold_loss":0,"cards_obtained":["Regret"]},{"damage_healed":0,"gold_gain":0,"player_choice":"Opened","damage_taken":0,"relics_obtained":["Question Card"],"max_hp_gain":0,"max_hp_loss":0,"event_name":"The Mausoleum","floor":19,"gold_loss":0,"cards_obtained":["Writhe"]},{"damage_healed":0,"gold_gain":0,"player_choice":"Joined the Cult","damage_taken":6,"max_hp_gain":0,"max_hp_loss":0,"event_name":"Nest","floor":21,"gold_loss":0,"cards_obtained":["RitualDagger"]}],"is_beta":false,"boss_relics":[{"not_picked":["Astrolabe","Tiny House"],"picked":"Lizard Tail"}],"items_purged_floors":[13],"is_endless":false,"potions_floor_spawned":[5,6,16,18,20],"killed_by":"Slavers","ascension_level":16}