{"gold_per_floor":[216,9,21,41,41,41,59,74,74,84,114,128,29,29,29,29],"floor_reached":16,"playtime":592,"items_purged":["Strike_R"],"score":151,"play_id":"6a0a98a3-abc6-4f46-9abe-ff92de947cb6","local_time":"20190222140459","is_ascension_mode":true,"campfire_choices":[{"data":"Bash","floor":6,"key":"SMITH"},{"data":"Bludgeon","floor":15,"key":"SMITH"}],"neow_cost":"NONE","seed_source_timestamp":585331441989392,"circlet_count":0,"master_deck":["Strike_R","Strike_R","Strike_R","Strike_R","Defend_R","Defend_R","Defend_R","Defend_R","Bash+1","Battle Trance","Seeing Red","Sword Boomerang","Ghostly Armor","Bludgeon+1","Warcry","Thunderclap","Bloodletting","Blood for Blood","Parasite"],"relics":["Burning Blood","Membership Card","Vajra","Singing Bowl","Incense Burner"],"potions_floor_usage":[11],"damage_taken":[{"damage":6,"enemies":"Cultist","floor":1,"turns":3},{"damage":7,"enemies":"Small Slimes","floor":3,"turns":4},{"damage":12,"enemies":"Jaw Worm","floor":4,"turns":2},{"damage":6,"enemies":"Looter","floor":7,"turns":2},{"damage":17,"enemies":"Large Slime","floor":8,"turns":7},{"damage":0,"enemies":"2 Fungi Beasts","floor":10,"turns":3},{"damage":30,"enemies":"Lagavulin","floor":11,"turns":4},{"damage":3,"enemies":"3 Louse","floor":12,"turns":4},{"damage":63,"enemies":"Slime Boss","floor":16,"turns":9}],"seed_played":"-4633592779513523779","potions_obtained":[{"floor":1,"key":"Ancient Potion"},{"floor":3,"key":"SteroidPotion"},{"floor":7,"key":"Dexterity Potion"}],"is_trial":false,"path_per_floor":["M","$","M","M","T","R","M","M","T","M","E","M","$","?","R","B"],"character_chosen":"IRONCLAD","items_purchased":["Membership Card","Bloodletting","Blood for Blood"],"campfire_rested":0,"item_purchase_floors":[2,13,13],"current_hp_per_floor":[72,72,71,65,65,65,65,54,54,60,36,39,39,59,59,0],"gold":29,"neow_bonus":"HUNDRED_GOLD","is_prod":false,"is_daily":false,"chose_seed":false,"campfire_upgraded":2,"win_rate":0,"timestamp":1550822699,"path_taken":["M","$","?","M","?","R","M","M","T","M","E","M","?","?","R","BOSS"],"build_version":"2019-01-23","purchased_purges":1,"victory":false,"max_hp_per_floor":[80,80,80,80,80,80,80,80,80,80,80,80,80,80,80,80],"card_choices":[{"not_picked":["Dropkick","Shrug It Off"],"picked":"Battle Trance","floor":1},{"not_picked":["Evolve","Wild Strike"],"picked":"Seeing Red","floor":3},{"not_picked":["True Grit","Wild Strike"],"picked":"Sword Boomerang","floor":4},{"not_picked":["Headbutt","Bloodletting","Metallicize"],"picked":"SKIP","floor":7},{"not_picked":["Combust","Iron Wave"],"picked":"Ghostly Armor","floor":8},{"not_picked":["Rampage","Hemokinesis"],"picked":"Bludgeon","floor":10},{"not_picked":["Clash","Seeing Red"],"picked":"Warcry","floor":11},{"not_picked":["Headbutt","Impervious"],"picked":"Thunderclap","floor":12}],"player_experience":861022,"relics_obtained":[{"floor":5,"key":"Vajra"},{"floor":9,"key":"Singing Bowl"},{"floor":11,"key":"Incense Burner"}],"event_choices":[{"damage_healed":20,"gold_gain":0,"player_choice":"Healed and dodged fight","damage_taken":0,"max_hp_gain":0,"max_hp_loss":0,"event_name":"Mushrooms","floor":14,"gold_loss":0,"cards_obtained":["Parasite"]}],"is_beta":false,"boss_relics":[],"items_purged_floors":[13],"is_endless":false,"potions_floor_spawned":[1,3,7,8],"killed_by":"Slime Boss","ascension_level":9}