{"gold_per_floor":[117,127,140,159,179,179,211,211,261,288,304,324,324,340,340,418,418,430,410,421,5,5,5,23,43,43,75,75,75,106,121,121,121],"floor_reached":33,"playtime":1628,"items_purged":[],"score":464,"play_id":"a8bd9d81-73af-49d3-898e-c96c069fecf7","local_time":"20181229205048","is_ascension_mode":true,"campfire_choices":[{"data":"Armaments","floor":6,"key":"SMITH"},{"floor":13,"key":"REST"},{"data":"Second Wind","floor":15,"key":"SMITH"},{"data":"Shockwave","floor":23,"key":"SMITH"},{"data":"Double Tap","floor":28,"key":"SMITH"},{"data":"Rupture","floor":32,"key":"SMITH"}],"neow_cost":"PERCENT_DAMAGE","seed_source_timestamp":13259083097335,"circlet_count":0,"master_deck":["AscendersBane","Strike_R","Strike_R","Strike_R","Strike_R","Strike_R","Defend_R","Defend_R","Defend_R","Defend_R","Bash","Immolate","Armaments+1","Shrug It Off","Thunderclap","Flex","Clothesline","Inflame","Battle Trance","Burning Pact","Second Wind+1","Immolate","Havoc+1","Shockwave+1","Blood for Blood","Headbutt","Double Tap+1","Rupture+1","Shrug It Off"],"relics":["Burning Blood","Pear","Shuriken","Bag of Marbles","Lantern","Eternal Feather","Membership Card","Sundial","Omamori","MutagenicStrength","Prayer Wheel","Matryoshka","Blue Candle","Red Mask"],"potions_floor_usage":[10,16,20,24,27,33,33],"damage_taken":[{"damage":1,"enemies":"Cultist","floor":1,"turns":3},{"damage":16,"enemies":"Small Slimes","floor":2,"turns":3},{"damage":4,"enemies":"Jaw Worm","floor":3,"turns":3},{"damage":14,"enemies":"Red Slaver","floor":4,"turns":2},{"damage":0,"enemies":"Exordium Wildlife","floor":5,"turns":2},{"damage":18,"enemies":"Gremlin Nob","floor":7,"turns":4},{"damage":19,"enemies":"Lagavulin","floor":10,"turns":5},{"damage":5,"enemies":"Large Slime","floor":11,"turns":3},{"damage":6,"enemies":"Looter","floor":12,"turns":3},{"damage":12,"enemies":"Blue Slaver","floor":14,"turns":4},{"damage":30,"enemies":"Slime Boss","floor":16,"turns":10},{"damage":46,"enemies":"Shell Parasite","floor":18,"turns":8},{"damage":0,"enemies":"3 Byrds","floor":20,"turns":2},{"damage":0,"enemies":"Snecko","floor":24,"turns":3},{"damage":0,"enemies":"3 Cultists","floor":25,"turns":1},{"damage":15,"enemies":"Slavers","floor":27,"turns":2},{"damage":0,"enemies":"Masked Bandits","floor":30,"turns":2},{"damage":33,"enemies":"Shelled Parasite and Fungi","floor":31,"turns":6},{"damage":79,"enemies":"Champ","floor":33,"turns":11}],"seed_played":"3009952485991465398","potions_obtained":[{"floor":3,"key":"Fire Potion"},{"floor":7,"key":"Fire Potion"},{"floor":10,"key":"LiquidBronze"},{"floor":19,"key":"Swift Potion"},{"floor":24,"key":"BloodPotion"},{"floor":25,"key":"Ancient Potion"},{"floor":27,"key":"Ancient Potion"}],"is_trial":false,"path_per_floor":["M","M","M","M","M","R","E","?","T","E","M","M","R","M","R","B",null,"M","?","M","$","?","R","M","M","T","E","R","?","?","M","R","B"],"character_chosen":"IRONCLAD","items_purchased":["Membership Card","Sundial","Blood for Blood","Omamori"],"campfire_rested":1,"item_purchase_floors":[21,21,21,21],"current_hp_per_floor":[56,46,48,40,46,46,44,41,41,28,29,29,56,50,50,26,74,34,34,40,40,40,55,61,67,67,67,82,82,88,61,76,0],"gold":121,"neow_bonus":"THREE_RARE_CARDS","is_prod":false,"is_daily":false,"chose_seed":false,"campfire_upgraded":5,"win_rate":0,"timestamp":1546145448,"path_taken":["M","M","M","M","?","R","E","?","T","E","M","M","R","M","R","BOSS","M","?","?","$","?","R","M","M","T","E","R","?","?","?","R","BOSS"],"build_version":"2018-12-20","purchased_purges":0,"victory":false,"max_hp_per_floor":[80,80,80,80,80,80,90,90,90,90,90,90,90,90,90,90,90,90,90,90,90,90,90,90,90,90,90,90,90,90,90,90,90],"card_choices":[{"not_picked":["Brutality","Feed"],"picked":"Immolate","floor":0},{"not_picked":["Sword Boomerang","Clothesline"],"picked":"Armaments","floor":1},{"not_picked":["Iron Wave","Burning Pact"],"picked":"Shrug It Off","floor":2},{"not_picked":["Wild Strike","Anger"],"picked":"Thunderclap","floor":3},{"not_picked":["Clothesline","Shrug It Off"],"picked":"Flex","floor":4},{"not_picked":["Carnage","Sentinel"],"picked":"Clothesline","floor":5},{"not_picked":["Heavy Blade","Offering"],"picked":"Inflame","floor":7},{"not_picked":["Searing Blow","Armaments"],"picked":"Battle Trance","floor":10},{"not_picked":["Armaments","Anger","Fire Breathing"],"picked":"SKIP","floor":11},{"not_picked":["Clothesline","Cleave"],"picked":"Burning Pact","floor":12},{"not_picked":["Battle Trance","Rampage"],"picked":"Second Wind","floor":14},{"not_picked":["Berserk","Exhume"],"picked":"Immolate","floor":16},{"not_picked":["Iron Wave","Flex"],"picked":"Havoc+1","floor":18},{"not_picked":["Bloodletting","Clothesline"],"picked":"Shockwave","floor":20},{"not_picked":["Dual Wield","Thunderclap","Flex"],"picked":"SKIP","floor":24},{"not_picked":["Infernal Blade","Sword Boomerang"],"picked":"Headbutt","floor":25},{"not_picked":["Brutality","Iron Wave+1"],"picked":"Double Tap","floor":27},{"not_picked":["Rage","Combust"],"picked":"Rupture","floor":31},{"not_picked":["Warcry","Dual Wield+1"],"picked":"Shrug It Off","floor":31}],"player_experience":443590,"relics_obtained":[{"floor":7,"key":"Pear"},{"floor":9,"key":"Bag of Marbles"},{"floor":10,"key":"Lantern"},{"floor":26,"key":"Prayer Wheel"},{"floor":27,"key":"Matryoshka"},{"floor":30,"key":"Red Mask"}],"event_choices":[{"damage_healed":0,"gold_gain":0,"player_choice":"Success","damage_taken":3,"relics_obtained":["Shuriken"],"max_hp_gain":0,"max_hp_loss":0,"event_name":"Scrap Ooze","floor":8,"gold_loss":0},{"damage_healed":0,"gold_gain":0,"player_choice":"Bought 1 Potion","damage_taken":0,"max_hp_gain":0,"max_hp_loss":0,"event_name":"The Woman in Blue","floor":19,"gold_loss":0},{"damage_healed":0,"gold_gain":0,"player_choice":"Inject Mutagens","damage_taken":0,"relics_obtained":["MutagenicStrength"],"max_hp_gain":0,"max_hp_loss":0,"event_name":"Drug Dealer","floor":22,"gold_loss":0},{"damage_healed":0,"gold_gain":0,"player_choice":"Stole Relic","damage_taken":0,"relics_obtained":["Blue Candle"],"max_hp_gain":0,"max_hp_loss":0,"event_name":"Addict","floor":29,"gold_loss":0,"cards_obtained":["Shame"]},{"damage_healed":0,"gold_gain":0,"player_choice":"Fought Bandits","damage_taken":0,"max_hp_gain":0,"max_hp_loss":0,"event_name":"Masked Bandits","floor":30,"gold_loss":0}],"is_beta":false,"boss_relics":[{"not_picked":["Pandora\u0027s Box","Busted Crown"],"picked":"Eternal Feather"}],"items_purged_floors":[],"is_endless":false,"potions_floor_spawned":[3,7,10,11,14,24,25,27,30,31],"killed_by":"Champ","ascension_level":13}