{"gold_per_floor":[117,133,149,167,179,179,193,193,193,193],"floor_reached":10,"playtime":330,"items_purged":[],"score":112,"play_id":"3c8a1065-1c69-4878-ae92-6a2e0cbb2e2c","local_time":"20181021191135","is_ascension_mode":true,"campfire_choices":[{"data":"Metallicize","floor":6,"key":"SMITH"},{"data":"Whirlwind","floor":8,"key":"SMITH"}],"neow_cost":"PERCENT_DAMAGE","seed_source_timestamp":108456503615055,"circlet_count":0,"master_deck":["Strike_R","Strike_R","Strike_R","Strike_R","Strike_R","Defend_R","Defend_R","Defend_R","Defend_R","Bash","AscendersBane","Offering","Shrug It Off","Headbutt","True Grit","Metallicize+1","Whirlwind+1"],"relics":["Burning Blood","WingedGreaves"],"potions_floor_usage":[3,4,7],"damage_taken":[{"damage":6,"enemies":"Cultist","floor":1,"turns":3},{"damage":5,"enemies":"Small Slimes","floor":2,"turns":3},{"damage":7,"enemies":"Jaw Worm","floor":3,"turns":3},{"damage":1,"enemies":"Red Slaver","floor":4,"turns":4},{"damage":9,"enemies":"Exordium Wildlife","floor":5,"turns":4},{"damage":0,"enemies":"Looter","floor":7,"turns":5},{"damage":59,"enemies":"Lagavulin","floor":10,"turns":8}],"seed_played":"-8809216295555202822","potions_obtained":[{"floor":1,"key":"Energy Potion"},{"floor":2,"key":"AttackPotion"},{"floor":3,"key":"EssenceOfSteel"}],"is_trial":false,"path_per_floor":["M","M","M","M","M","R","M","R","T"],"character_chosen":"IRONCLAD","items_purchased":[],"campfire_rested":0,"item_purchase_floors":[],"current_hp_per_floor":[50,51,50,55,52,52,58,58,58,0],"gold":193,"neow_bonus":"THREE_RARE_CARDS","is_prod":false,"is_daily":false,"chose_seed":false,"campfire_upgraded":2,"win_rate":0,"timestamp":1540141895,"path_taken":["M","M","M","M","M","R","?","R","T","E"],"build_version":"2018-10-18","purchased_purges":0,"victory":false,"max_hp_per_floor":[75,75,75,75,75,75,75,75,75,75],"card_choices":[{"not_picked":["Dark Embrace","Exhume"],"picked":"Offering","floor":0},{"not_picked":["Burning Pact","Clash"],"picked":"Shrug It Off","floor":1},{"not_picked":["Warcry","Dropkick"],"picked":"Headbutt","floor":2},{"not_picked":["Feel No Pain","Seeing Red"],"picked":"True Grit","floor":3},{"not_picked":["Heavy Blade","Clothesline"],"picked":"Metallicize","floor":4},{"not_picked":["Sever Soul","Entrench","Corruption"],"picked":"SKIP","floor":5},{"not_picked":["Sever Soul","Body Slam"],"picked":"Whirlwind","floor":7}],"player_experience":567142,"relics_obtained":[{"floor":9,"key":"WingedGreaves"}],"event_choices":[],"is_beta":false,"boss_relics":[],"items_purged_floors":[],"is_endless":false,"potions_floor_spawned":[1,2,3],"killed_by":"Lagavulin","ascension_level":16}