{"gold_per_floor":[119,129,5,16,16,51,51,51,78,88,88,119,11,26,26,128,128,138,138,153,170,170,170,170,180,180,180,195,210,13,38,38,137,137,155,255,269,269,284,284,300,300,349,359,391,416,416,428,428,428],"floor_reached":50,"playtime":9169,"items_purged":[],"score":629,"play_id":"e68634d7-5c54-42ee-813c-ecc12b02125e","local_time":"20190127010825","is_ascension_mode":false,"campfire_choices":[{"data":"Ghostly Armor","floor":7,"key":"SMITH"},{"floor":11,"key":"REST"},{"floor":15,"key":"REST"},{"data":"Bash","floor":23,"key":"SMITH"},{"data":"Offering","floor":27,"key":"SMITH"},{"data":"Anger","floor":32,"key":"SMITH"},{"floor":40,"key":"REST"},{"floor":42,"key":"REST"},{"floor":49,"key":"REST"}],"neow_cost":"","seed_source_timestamp":0,"circlet_count":0,"master_deck":["Strike_R+1","Strike_R","Strike_R","Strike_R","Strike_R","Defend_R+1","Defend_R","Defend_R","Defend_R","Bash+1","Cleave","Iron Wave","Ghostly Armor+1","Trip","Clash","Clash","Twin Strike","Anger+1","Clash","Twin Strike","Finesse","Pommel Strike","Offering+1","Blood for Blood+1","Combust+1","Clash","Shrug It Off+1","Twin Strike+1","Warcry+1","Iron Wave","Carnage+1","Brutality+1","Pommel Strike","Cleave+1","Fire Breathing+1","Writhe","Trip","Shockwave+1","Metallicize+1","Headbutt+1","Seeing Red+1","Clash+1","Sever Soul+1","Panache+1","Perfected Strike+1","Infernal Blade+1"],"special_seed":0,"relics":["Burning Blood","Bag of Preparation","Dream Catcher","FossilizedHelix","Eternal Feather","Frozen Egg 2","Question Card","Bronze Scales","Vajra","Oddly Smooth Stone","Lizard Tail","Anchor","Darkstone Periapt","Orichalcum"],"potions_floor_usage":[6,29,33,37,39,39,48],"damage_taken":[{"damage":10.0,"enemies":"Cultist","floor":1.0,"turns":4.0},{"damage":15,"enemies":"Jaw Worm","floor":2,"turns":4},{"damage":4,"enemies":"2 Louse","floor":4,"turns":3},{"damage":30,"enemies":"3 Sentries","floor":6,"turns":6},{"damage":8,"enemies":"Red Slaver","floor":10,"turns":3},{"damage":21,"enemies":"Lagavulin","floor":12,"turns":4},{"damage":0,"enemies":"Lots of Slimes","floor":14,"turns":3},{"damage":68,"enemies":"The Guardian","floor":16,"turns":9},{"damage":0,"enemies":"Shell Parasite","floor":18,"turns":3},{"damage":0,"enemies":"Chosen","floor":20,"turns":4},{"damage":26,"enemies":"Centurion and Healer","floor":21,"turns":5},{"damage":14,"enemies":"3 Cultists","floor":25,"turns":3},{"damage":38,"enemies":"Chosen and Byrds","floor":28,"turns":6},{"damage":5,"enemies":"Snecko","floor":29,"turns":5},{"damage":1,"enemies":"Book of Stabbing","floor":31,"turns":3},{"damage":63,"enemies":"Champ","floor":33,"turns":10},{"damage":51,"enemies":"3 Shapes","floor":35,"turns":4},{"damage":31,"enemies":"3 Darklings","floor":37,"turns":4},{"damage":11,"enemies":"4 Shapes","floor":39,"turns":4},{"damage":56,"enemies":"Sphere and 2 Shapes","floor":41,"turns":4},{"damage":36,"enemies":"Transient","floor":44,"turns":5},{"damage":68,"enemies":"Nemesis","floor":45,"turns":7},{"damage":16,"enemies":"3 Darklings","floor":48,"turns":4},{"damage":101,"enemies":"Awakened One","floor":50,"turns":9}],"seed_played":"6537655809180199705","potions_obtained":[{"floor":1.0,"key":"SpeedPotion"},{"floor":4,"key":"Explosive Potion"},{"floor":12,"key":"Fire Potion"},{"floor":16,"key":"GamblersBrew"},{"floor":20,"key":"Block Potion"},{"floor":21,"key":"FearPotion"},{"floor":29,"key":"Block Potion"},{"floor":37,"key":"BloodPotion"},{"floor":44,"key":"Ancient Potion"},{"floor":48,"key":"Fruit Juice"}],"is_trial":false,"path_per_floor":["$","?","?","M","M","T","?","M","M","?","M","?","M","T","?"],"character_chosen":"IRONCLAD","items_purchased":["Ghostly Armor","Trip","Twin Strike","Finesse","Vajra","Iron Wave"],"campfire_rested":5,"item_purchase_floors":[3,3,13,13,30,30],"current_hp_per_floor":[76,67,67,69,69,45,45,29,29,27,51,36,36,42,66,8,80,80,80,80,60,60,75,90,82,82,90,58,59,59,64,82,25,90,45,45,20,20,24,72,22,73,73,43,45,45,45,40,95,0],"gold":428,"neow_bonus":"","is_prod":false,"is_daily":false,"chose_seed":false,"campfire_upgraded":4,"win_rate":0.0,"timestamp":1548522505,"path_taken":["M","M","$","M","?","E","R","?","T","M","R","E","$","M","R","BOSS","M","?","?","?","?","R","?","?","T","R","M","?","$","E","R","BOSS","M","?","?","?","M","R","?","R","T","M","E","?","?","M","R","BOSS"],"build_version":"2019-01-23","purchased_purges":0,"victory":false,"max_hp_per_floor":[80,80,80,80,80,80,80,80,80,80,80,80,80,80,80,80,80,80,80,80,80,80,80,90,90,90,90,90,90,90,90,90,90,90,90,90,90,90,90,90,90,90,90,90,90,90,90,95,95,95],"card_choices":[{"not_picked":["Clothesline","Feel No Pain"],"picked":"Cleave","floor":1.0},{"not_picked":["Body Slam","Clothesline"],"picked":"Iron Wave","floor":2},{"not_picked":["Headbutt","Body Slam"],"picked":"Clash","floor":4},{"not_picked":["Whirlwind","Hemokinesis"],"picked":"Clash","floor":6},{"not_picked":["True Grit","Thunderclap"],"picked":"Twin Strike","floor":10},{"not_picked":["Pommel Strike","Twin Strike"],"picked":"Anger","floor":11},{"not_picked":["Pommel Strike","Fire Breathing"],"picked":"Clash","floor":12},{"not_picked":["Thunderclap","Body Slam"],"picked":"Pommel Strike","floor":14},{"not_picked":["Headbutt","Shrug It Off"],"picked":"Reaper","floor":15},{"not_picked":["Brutality","Reaper"],"picked":"Offering","floor":16},{"not_picked":["True Grit+1","Clothesline+1"],"picked":"Blood for Blood+1","floor":18},{"not_picked":["True Grit","Pommel Strike"],"picked":"Combust+1","floor":20},{"not_picked":["Brutality+1","Pommel Strike"],"picked":"Clash","floor":21},{"not_picked":["Sever Soul","Perfected Strike","Pommel Strike"],"picked":"Shrug It Off+1","floor":25},{"not_picked":["Flex","Flame Barrier","Clothesline"],"picked":"Twin Strike+1","floor":28},{"not_picked":["Sword Boomerang","Rampage+1","True Grit"],"picked":"Warcry+1","floor":29},{"not_picked":["Power Through+1","Blood for Blood","Searing Blow"],"picked":"Carnage+1","floor":31},{"not_picked":["Reaper","Bludgeon","Barricade+1"],"picked":"Brutality+1","floor":33},{"not_picked":["Twin Strike","Sword Boomerang+1","Bloodletting+1"],"picked":"Pommel Strike","floor":35},{"not_picked":["Anger","Intimidate+1","Second Wind"],"picked":"Cleave+1","floor":37},{"not_picked":["Feel No Pain+1","Anger","Thunderclap"],"picked":"Shockwave+1","floor":39},{"not_picked":["Cleave","Shrug It Off","Blood for Blood"],"picked":"Metallicize+1","floor":40},{"not_picked":["Rampage+1","Shockwave+1","Twin Strike+1"],"picked":"Headbutt+1","floor":41},{"not_picked":["Hemokinesis","Clothesline+1","Infernal Blade"],"picked":"Seeing Red+1","floor":42},{"not_picked":["Offering","Rampage","Flame Barrier"],"picked":"Clash+1","floor":44},{"not_picked":["Perfected Strike+1","Sword Boomerang+1","Intimidate"],"picked":"Sever Soul+1","floor":45},{"not_picked":["Deep Breath","Sadistic Nature+1","Blind"],"picked":"Panache+1","floor":47},{"not_picked":["Whirlwind","Twin Strike","Sword Boomerang+1"],"picked":"Perfected Strike+1","floor":48},{"not_picked":["Headbutt+1","Clothesline+1","Fire Breathing+1"],"picked":"Infernal Blade+1","floor":49}],"player_experience":0,"relics_obtained":[{"floor":6,"key":"Bag of Preparation"},{"floor":9,"key":"Dream Catcher"},{"floor":12,"key":"FossilizedHelix"},{"floor":19,"key":"Frozen Egg 2"},{"floor":22,"key":"Question Card"},{"floor":26,"key":"Bronze Scales"},{"floor":31,"key":"Oddly Smooth Stone"},{"floor":43,"key":"Anchor"},{"floor":45,"key":"Darkstone Periapt"},{"floor":46,"key":"Orichalcum"}],"event_choices":[{"damage_healed":0,"gold_gain":0,"player_choice":"Entered Light","damage_taken":16,"max_hp_gain":0,"max_hp_loss":0,"event_name":"Shining Light","floor":8,"gold_loss":0,"cards_upgraded":["Defend_R","Strike_R"]},{"damage_healed":0,"gold_gain":0,"player_choice":"Relic","damage_taken":0,"max_hp_gain":0,"max_hp_loss":0,"event_name":"Wheel of Change","floor":19,"gold_loss":0},{"cards_removed":["Reaper"],"damage_healed":5,"gold_gain":0,"player_choice":"Offered Rare","damage_taken":0,"max_hp_gain":10,"max_hp_loss":0,"event_name":"Bonfire Elementals","floor":24,"gold_loss":0},{"damage_healed":0,"gold_gain":100,"player_choice":"Pray","damage_taken":0,"max_hp_gain":0,"max_hp_loss":0,"event_name":"Golden Shrine","floor":36,"gold_loss":0},{"damage_healed":0,"gold_gain":0,"player_choice":"3 cards matched","damage_taken":0,"max_hp_gain":0,"max_hp_loss":0,"event_name":"Match and Keep!","floor":38,"gold_loss":0,"cards_obtained":["Fire Breathing","Writhe","Trip"]},{"damage_healed":0,"gold_gain":0,"player_choice":"3 cards matched","damage_taken":0,"max_hp_gain":0,"max_hp_loss":0,"event_name":"Match and Keep!","floor":38,"gold_loss":0,"cards_obtained":["Fire Breathing","Writhe","Trip"]},{"damage_healed":0,"gold_gain":0,"player_choice":"Memory 1","damage_taken":0,"max_hp_gain":0,"max_hp_loss":0,"event_name":"SensoryStone","floor":47,"gold_loss":0}],"is_beta":false,"boss_relics":[{"not_picked":["Busted Crown","Runic Pyramid"],"picked":"Eternal Feather"},{"not_picked":["Fusion Hammer","Runic Dome"],"picked":"Lizard Tail"}],"items_purged_floors":[],"is_endless":false,"potions_floor_spawned":[1,4,12,16,20,21,29,37,44,48],"killed_by":"Awakened One","ascension_level":0}