{"gold_per_floor":[110,122,134,151,163,163,176,176,176,187,242,417,18,18,18,18],"floor_reached":16,"playtime":1111,"items_purged":["Doubt"],"score":99,"play_id":"ea16a21e-95dd-475b-9fa4-f5bd4414e350","local_time":"20190224012745","is_ascension_mode":true,"campfire_choices":[{"floor":6,"key":"REST"},{"data":"Backstab","floor":8,"key":"SMITH"},{"floor":15,"key":"REST"}],"neow_cost":"NONE","seed_source_timestamp":130991834668921,"circlet_count":0,"master_deck":["Defend_G","Defend_G","Defend_G","Defend_G","Defend_G","Strike_G","Strike_G","Strike_G","Strike_G","Strike_G","Survivor","Neutralize","Catalyst","Bane","Sucker Punch","Cloak And Dagger","Backstab+1","Distraction","Flechettes","Adrenaline","Dodge and Roll","Acrobatics","Injury"],"relics":["Ring of the Snake","Bottled Lightning","Meat on the Bone","Frozen Egg 2","Golden Idol"],"potions_floor_usage":[4,11,11],"damage_taken":[{"damage":2,"enemies":"Small Slimes","floor":1,"turns":4},{"damage":0,"enemies":"2 Louse","floor":2,"turns":2},{"damage":5,"enemies":"Jaw Worm","floor":3,"turns":5},{"damage":9,"enemies":"Exordium Wildlife","floor":4,"turns":6},{"damage":10,"enemies":"3 Louse","floor":5,"turns":5},{"damage":0,"enemies":"2 Fungi Beasts","floor":7,"turns":5},{"damage":9,"enemies":"Lots of Slimes","floor":10,"turns":5},{"damage":63,"enemies":"Lagavulin Event","floor":11,"turns":13},{"damage":41,"enemies":"Slime Boss","floor":16,"turns":5}],"seed_played":"-6944438815006549487","potions_obtained":[{"floor":2,"key":"Fire Potion"},{"floor":5,"key":"Regen Potion"},{"floor":10,"key":"SpeedPotion"}],"is_trial":false,"path_per_floor":["M","M","M","M","M","R","M","R","T","M","?","?","$","?","R","B"],"character_chosen":"THE_SILENT","items_purchased":["Frozen Egg 2","Dodge and Roll","Acrobatics"],"campfire_rested":2,"item_purchase_floors":[13,13,13],"current_hp_per_floor":[75,75,70,61,51,74,74,74,74,65,17,17,17,17,40,0],"gold":18,"neow_bonus":"TEN_PERCENT_HP_BONUS","is_prod":false,"is_daily":false,"chose_seed":false,"campfire_upgraded":1,"win_rate":0,"timestamp":1550942865,"path_taken":["M","M","M","M","M","R","M","R","T","M","?","?","$","?","R","BOSS"],"build_version":"2019-01-23","purchased_purges":1,"victory":false,"max_hp_per_floor":[77,77,77,77,77,77,77,77,77,77,77,77,77,77,77,77],"card_choices":[{"not_picked":["PiercingWail","Deadly Poison"],"picked":"Catalyst","floor":1},{"not_picked":["Acrobatics","Slice"],"picked":"Bane","floor":2},{"not_picked":["Predator","Underhanded Strike"],"picked":"Sucker Punch","floor":3},{"not_picked":["Quick Slash","Deflect"],"picked":"Cloak And Dagger","floor":4},{"not_picked":["Underhanded Strike","Dodge and Roll"],"picked":"Backstab","floor":5},{"not_picked":["Dagger Throw","Calculated Gamble"],"picked":"Distraction","floor":7},{"not_picked":["Bane","Caltrops"],"picked":"Flechettes","floor":10},{"not_picked":["Flying Knee","Acrobatics"],"picked":"Adrenaline","floor":11}],"player_experience":58521,"relics_obtained":[{"floor":9,"key":"Bottled Lightning"},{"floor":11,"key":"Meat on the Bone"}],"event_choices":[{"damage_healed":0,"gold_gain":0,"player_choice":"Searched \u00271\u0027 times","damage_taken":0,"max_hp_gain":0,"max_hp_loss":0,"event_name":"Dead Adventurer","floor":11,"gold_loss":0},{"damage_healed":0,"gold_gain":175,"player_choice":"AGREE","damage_taken":0,"max_hp_gain":0,"max_hp_loss":0,"event_name":"Liars Game","floor":12,"gold_loss":0,"cards_obtained":["Doubt"]},{"damage_healed":0,"gold_gain":0,"player_choice":"Take Wound","damage_taken":0,"relics_obtained":["Golden Idol"],"max_hp_gain":0,"max_hp_loss":0,"event_name":"Golden Idol","floor":14,"gold_loss":0,"cards_obtained":["Injury"]}],"is_beta":false,"boss_relics":[],"items_purged_floors":[13],"is_endless":false,"potions_floor_spawned":[2,5,10],"killed_by":"Slime Boss","ascension_level":1}