{"gold_per_floor":[117,42,7,107,7,7,7,18,18,35,110,136,136,11,11,115,115,130,530,530,542,556,556,591,605,651,651,145,170,95,107,107,209,209,229,229],"floor_reached":36,"playtime":1183,"items_purged":["Strike_B","Strike_B","Strike_B","Strike_B"],"score":646,"play_id":"a3709196-81df-4fb5-965c-9f0bf9052c80","local_time":"20180918130324","is_ascension_mode":true,"campfire_choices":[{"data":"Darkness","floor":6,"key":"SMITH"},{"data":"Fission","floor":13,"key":"SMITH"},{"data":"Dualcast","floor":15,"key":"SMITH"},{"floor":23,"key":"REST"},{"floor":27,"key":"REST"},{"floor":32,"key":"REST"}],"neow_cost":"NONE","seed_source_timestamp":247927858761065,"circlet_count":0,"master_deck":["Defend_B","Defend_B","Defend_B","Zap","Dualcast+1","Darkness+1","Doom and Gloom","Conserve Battery","Fission+1","Leap","Fission"],"relics":["Lizard Tail","Cables","Letter Opener","Unceasing Top","Busted Crown","Old Coin","Mercury Hourglass","Molten Egg 2","Anchor","Gambling Chip","Orichalcum","Sozu"],"potions_floor_usage":[19,19,24,24,33],"damage_taken":[{"damage":1,"enemies":"Cultist","floor":1,"turns":4},{"damage":0,"enemies":"Small Slimes","floor":8,"turns":2},{"damage":0,"enemies":"Jaw Worm","floor":10,"turns":2},{"damage":0,"enemies":"Lagavulin","floor":12,"turns":4},{"damage":21,"enemies":"Hexaghost","floor":16,"turns":6},{"damage":0,"enemies":"Chosen","floor":18,"turns":3},{"damage":8,"enemies":"Colosseum Slavers","floor":19,"turns":3},{"damage":45,"enemies":"Colosseum Nobs","floor":19,"turns":4},{"damage":8,"enemies":"Spheric Guardian","floor":21,"turns":4},{"damage":13,"enemies":"Shelled Parasite and Fungi","floor":22,"turns":4},{"damage":40,"enemies":"Gremlin Leader","floor":24,"turns":6},{"damage":14,"enemies":"Snake Plant","floor":25,"turns":2},{"damage":1,"enemies":"Snecko","floor":31,"turns":3},{"damage":31,"enemies":"Champ","floor":33,"turns":12},{"damage":2,"enemies":"3 Shapes","floor":35,"turns":3},{"damage":71,"enemies":"Mysterious Sphere","floor":36,"turns":3}],"seed_played":"6042333141824680999","potions_obtained":[{"floor":10,"key":"Poison Potion"},{"floor":18,"key":"Block Potion"},{"floor":19,"key":"Dexterity Potion"},{"floor":22,"key":"Dexterity Potion"},{"floor":31,"key":"AttackPotion"}],"is_trial":false,"path_per_floor":["M","$","$","?","$","R","T","M","T","M","?","E","R","$","R","B",null,"M","?","?","M","M","R","E","M","T","R","$","T","?","M","R","B",null,"M"],"character_chosen":"DEFECT","items_purchased":["Doom and Gloom","Leap","Gambling Chip"],"campfire_rested":3,"item_purchase_floors":[3,28,28],"current_hp_per_floor":[67,67,67,67,67,67,67,67,67,67,60,60,60,60,60,39,66,66,13,38,30,17,39,37,23,23,45,45,45,45,44,66,35,65,63,0],"gold":229,"neow_bonus":"BOSS_RELIC","is_prod":false,"is_daily":false,"chose_seed":false,"campfire_upgraded":3,"win_rate":0,"timestamp":1537268604,"path_taken":["M","?","$","?","$","R","?","M","T","?","?","E","R","$","R","BOSS","M","?","?","?","M","R","E","M","T","R","$","?","?","M","R","BOSS","M","?"],"build_version":"2018-09-06","purchased_purges":4,"victory":false,"max_hp_per_floor":[75,75,75,75,75,75,75,75,75,75,75,75,75,75,75,75,75,75,75,75,75,75,75,75,75,75,75,75,75,75,75,75,75,75,75,75],"card_choices":[{"not_picked":["Go for the Eyes","Steam"],"picked":"Darkness","floor":1},{"not_picked":["Steam","Turbo"],"picked":"Conserve Battery","floor":8},{"not_picked":["Cold Snap","Amplify","Steam"],"picked":"SKIP","floor":10},{"not_picked":["Reprogram","Stack"],"picked":"Fission","floor":12},{"not_picked":["Gash"],"picked":"SKIP","floor":18},{"not_picked":["Scrape"],"picked":"SKIP","floor":21},{"not_picked":["Rip and Tear"],"picked":"SKIP","floor":22},{"not_picked":["Static Discharge"],"picked":"SKIP","floor":24},{"not_picked":["Turbo"],"picked":"SKIP","floor":25},{"not_picked":["Melter+1"],"picked":"SKIP","floor":31},{"not_picked":[],"picked":"Fission","floor":33},{"not_picked":["Sweeping Beam+1"],"picked":"SKIP","floor":35}],"player_experience":428337,"relics_obtained":[{"floor":7,"key":"Cables"},{"floor":9,"key":"Letter Opener"},{"floor":12,"key":"Unceasing Top"},{"floor":19,"key":"Old Coin"},{"floor":19,"key":"Mercury Hourglass"},{"floor":24,"key":"Molten Egg 2"},{"floor":26,"key":"Anchor"},{"floor":29,"key":"Orichalcum"}],"event_choices":[{"event_name":"Golden Shrine","player_choice":"Pray","floor":4,"damage_taken":0},{"event_name":"FaceTrader","player_choice":"Touch","floor":11,"damage_taken":0},{"event_name":"Colosseum","player_choice":"Fight","floor":19,"damage_taken":0},{"event_name":"Colosseum","player_choice":"Fought Nobs","floor":19,"damage_taken":0},{"event_name":"The Library","player_choice":"Heal","floor":20,"damage_taken":0},{"event_name":"Beggar","player_choice":"Gave Gold","floor":30,"damage_taken":0},{"event_name":"Mysterious Sphere","player_choice":"Fight","floor":36,"damage_taken":0}],"is_beta":false,"boss_relics":[{"not_picked":["Black Star","Pandora\u0027s Box"],"picked":"Busted Crown"},{"not_picked":["Nuclear Battery","Snecko Eye"],"picked":"Sozu"}],"items_purged_floors":[2,5,14,28],"is_endless":false,"potions_floor_spawned":[10,18,19,22,31],"killed_by":"Mysterious Sphere","ascension_level":9}