{"gold_per_floor":[119,219,234,234,245,270,282,307,389,389,389,407,407,424,424,527,527,547,559,559,559,559,8,8,8],"floor_reached":25,"playtime":1303,"items_purged":["Strike_R"],"score":363,"play_id":"ab0bdda4-4008-4d4b-a424-df593042d553","local_time":"20181222184913","is_ascension_mode":true,"campfire_choices":[{"floor":10,"key":"REST"},{"data":"Whirlwind","floor":13,"key":"SMITH"},{"floor":15,"key":"REST"},{"data":"Armaments","floor":24,"key":"SMITH"}],"neow_cost":"NONE","seed_source_timestamp":284355675092794,"circlet_count":0,"master_deck":["AscendersBane","Strike_R","Strike_R","Strike_R","Defend_R","Defend_R","Defend_R","Defend_R","Bash","Intimidate","Whirlwind+1","Anger","Hemokinesis","Thunderclap","Dual Wield","Flame Barrier","Armaments+1","Limit Break","Dropkick","Ghostly","Ghostly","Ghostly","Ghostly","Ghostly","Panache"],"relics":["Burning Blood","NeowsBlessing","Anchor","Gambling Chip","Meat on the Bone","Blood Vial","Runic Pyramid","Enchiridion","Ice Cream"],"potions_floor_usage":[8,16,19,25],"damage_taken":[{"damage":0,"enemies":"Jaw Worm","floor":1,"turns":1},{"damage":0,"enemies":"Cultist","floor":3,"turns":1},{"damage":0,"enemies":"Small Slimes","floor":5,"turns":1},{"damage":62,"enemies":"Lagavulin","floor":6,"turns":9},{"damage":3,"enemies":"Blue Slaver","floor":7,"turns":2},{"damage":20,"enemies":"3 Sentries","floor":8,"turns":5},{"damage":4,"enemies":"Looter","floor":12,"turns":3},{"damage":3,"enemies":"3 Louse","floor":14,"turns":2},{"damage":62,"enemies":"Slime Boss","floor":16,"turns":8},{"damage":1,"enemies":"3 Byrds","floor":18,"turns":5},{"damage":15,"enemies":"2 Thieves","floor":19,"turns":2},{"damage":55,"enemies":"Gremlin Leader","floor":25,"turns":9}],"seed_played":"-205814846711720274","potions_obtained":[{"floor":1,"key":"Ancient Potion"},{"floor":7,"key":"Poison Potion"},{"floor":8,"key":"AttackPotion"},{"floor":16,"key":"Fire Potion"}],"is_trial":false,"path_per_floor":["M","?","M","?","M","E","M","E","T","R","?","M","R","M","R","B",null,"M","M","?","?","?","$","R","E"],"character_chosen":"IRONCLAD","items_purchased":["Ice Cream","Panache"],"campfire_rested":2,"item_purchase_floors":[23,23],"current_hp_per_floor":[78,78,80,73,79,23,26,12,12,36,33,49,49,54,78,36,69,76,69,53,38,38,38,38,0],"gold":8,"neow_bonus":"THREE_ENEMY_KILL","is_prod":false,"is_daily":false,"chose_seed":false,"campfire_upgraded":2,"win_rate":0,"timestamp":1545533353,"path_taken":["M","?","?","?","M","E","M","E","T","R","?","M","R","M","R","BOSS","M","M","?","?","?","$","R","E"],"build_version":"2018-12-20","purchased_purges":1,"victory":false,"max_hp_per_floor":[80,80,80,80,80,80,80,80,80,80,80,80,80,80,80,80,80,80,80,80,85,42,42,42,42],"card_choices":[{"not_picked":["Entrench","Clash"],"picked":"Intimidate","floor":1},{"not_picked":["Armaments","Pommel Strike"],"picked":"Whirlwind","floor":3},{"not_picked":["True Grit","Pummel"],"picked":"Anger","floor":5},{"not_picked":["Twin Strike","True Grit"],"picked":"Hemokinesis","floor":6},{"not_picked":["Iron Wave","Anger"],"picked":"Thunderclap","floor":7},{"not_picked":["Iron Wave","Sentinel"],"picked":"Dual Wield","floor":8},{"not_picked":["Armaments","Anger"],"picked":"Flame Barrier","floor":12},{"not_picked":["Power Through","Inflame"],"picked":"Armaments","floor":14},{"not_picked":["Reaper","Offering"],"picked":"Limit Break","floor":16},{"not_picked":["Flex","Sentinel","Carnage"],"picked":"SKIP","floor":18},{"not_picked":["Thunderclap","Searing Blow"],"picked":"Dropkick","floor":19}],"player_experience":426372,"relics_obtained":[{"floor":6,"key":"Anchor"},{"floor":8,"key":"Gambling Chip"},{"floor":9,"key":"Meat on the Bone"},{"floor":20,"key":"Enchiridion"}],"event_choices":[{"damage_healed":0,"gold_gain":100,"player_choice":"Pray","damage_taken":0,"max_hp_gain":0,"max_hp_loss":0,"event_name":"Golden Shrine","floor":2,"gold_loss":0},{"cards_removed":["Strike_R"],"damage_healed":0,"gold_gain":0,"player_choice":"Card Removal","damage_taken":7,"max_hp_gain":0,"max_hp_loss":0,"event_name":"Golden Wing","floor":4,"gold_loss":0},{"damage_healed":0,"gold_gain":0,"player_choice":"Success","damage_taken":3,"relics_obtained":["Blood Vial"],"max_hp_gain":0,"max_hp_loss":0,"event_name":"Scrap Ooze","floor":11,"gold_loss":0},{"damage_healed":0,"gold_gain":0,"player_choice":"Obtained Book","damage_taken":16,"max_hp_gain":0,"max_hp_loss":0,"event_name":"Cursed Tome","floor":20,"gold_loss":0},{"damage_healed":0,"gold_gain":0,"player_choice":"Shed Blood","damage_taken":20,"max_hp_gain":5,"max_hp_loss":0,"event_name":"Forgotten Altar","floor":21,"gold_loss":0},{"damage_healed":0,"gold_gain":0,"player_choice":"Became a Ghost","damage_taken":0,"max_hp_gain":0,"max_hp_loss":43,"event_name":"Ghosts","floor":22,"gold_loss":0,"cards_obtained":["Ghostly","Ghostly","Ghostly","Ghostly","Ghostly"]}],"is_beta":false,"boss_relics":[{"not_picked":["Pandora\u0027s Box","Astrolabe"],"picked":"Runic Pyramid"}],"items_purged_floors":[23],"is_endless":false,"potions_floor_spawned":[1,7,8,16,18],"killed_by":"Gremlin Leader","ascension_level":12}