{"gold_per_floor":[112,112,122,47,60,93,93,125,125,125,139,139,202,221,221,298,298,318,318,350,61,37,37,47,47,97,109,121,133],"floor_reached":29,"playtime":914,"items_purged":["Defend_B","Strike_B"],"score":378,"play_id":"6266d019-acd9-42f2-a963-29edc9533116","local_time":"20181026174312","is_ascension_mode":true,"campfire_choices":[{"data":"Dualcast","floor":7,"key":"SMITH"},{"data":"Beam Cell","floor":10,"key":"SMITH"},{"data":"Barrage","floor":15,"key":"SMITH"},{"data":"Capacitor","floor":23,"key":"SMITH"},{"data":"Glacier","floor":25,"key":"SMITH"}],"neow_cost":"NONE","seed_source_timestamp":15885034001937,"circlet_count":0,"master_deck":["Strike_B","Defend_B","Defend_B","Defend_B","Zap","Dualcast+1","AscendersBane","Beam Cell+1","Glacier+1","Cold Snap","Ball Lightning","Barrage+1","Steam+1","Compile Driver","Leap+1","Reboot+1","Hologram+1","Capacitor+1","Coolheaded+1","Go for the Eyes+1","Buffer","Decay"],"relics":["Cracked Core","NeowsBlessing","Toxic Egg 2","Letter Opener","Singing Bowl","Velvet Choker","Nloth\u0027s Gift","Red Mask","Membership Card","MawBank"],"potions_floor_usage":[11,13,14,16,20,20,29],"damage_taken":[{"damage":0,"enemies":"Jaw Worm","floor":1,"turns":1},{"damage":0,"enemies":"Small Slimes","floor":3,"turns":1},{"damage":0,"enemies":"2 Louse","floor":5,"turns":1},{"damage":20,"enemies":"3 Sentries","floor":6,"turns":11},{"damage":7,"enemies":"Lagavulin","floor":8,"turns":9},{"damage":3,"enemies":"Gremlin Gang","floor":11,"turns":2},{"damage":8,"enemies":"Gremlin Nob","floor":13,"turns":3},{"damage":0,"enemies":"Lots of Slimes","floor":14,"turns":2},{"damage":4,"enemies":"Hexaghost","floor":16,"turns":11},{"damage":1,"enemies":"2 Thieves","floor":18,"turns":3},{"damage":0,"enemies":"Masked Bandits","floor":20,"turns":4},{"damage":2,"enemies":"Shell Parasite","floor":24,"turns":4},{"damage":67,"enemies":"Gremlin Leader","floor":29,"turns":7}],"seed_played":"1805070949407486256","potions_obtained":[{"floor":6,"key":"Fire Potion"},{"floor":8,"key":"Poison Potion"},{"floor":13,"key":"Explosive Potion"},{"floor":14,"key":"SkillPotion"},{"floor":16,"key":"LiquidBronze"},{"floor":18,"key":"FocusPotion"},{"floor":24,"key":"FearPotion"}],"is_trial":false,"path_per_floor":["M","?","M","$","M","E","R","E","T","R","M","?","?","M","R","B",null,"M","?","?","$","$","R","M","R","T","?","?"],"character_chosen":"DEFECT","items_purchased":["Membership Card","Capacitor","Coolheaded+1"],"campfire_rested":0,"item_purchase_floors":[21,21,22],"current_hp_per_floor":[68,61,61,61,61,41,41,34,34,34,31,31,23,23,23,19,61,60,60,62,62,62,62,60,60,60,60,60,0],"gold":133,"neow_bonus":"THREE_ENEMY_KILL","is_prod":false,"is_daily":false,"chose_seed":false,"campfire_upgraded":5,"win_rate":0,"timestamp":1540568592,"path_taken":["M","?","?","$","?","E","R","E","T","R","M","?","?","M","R","BOSS","M","?","?","?","$","R","M","R","T","?","?","E"],"build_version":"2018-10-25v2","purchased_purges":2,"victory":false,"max_hp_per_floor":[75,75,75,75,75,75,75,75,75,75,75,75,75,75,75,75,75,75,75,77,77,77,77,77,77,77,77,77,77],"card_choices":[{"not_picked":["Double Energy","Chill"],"picked":"Beam Cell","floor":1},{"not_picked":["Streamline","Ball Lightning"],"picked":"Glacier","floor":3},{"not_picked":["Turbo","Reprogram"],"picked":"Cold Snap","floor":5},{"not_picked":["Turbo","Chill"],"picked":"Ball Lightning","floor":6},{"not_picked":["Coolheaded","Buffer"],"picked":"Barrage","floor":8},{"not_picked":["Lockon","Gash"],"picked":"Steam+1","floor":11},{"not_picked":["Gash","Ball Lightning"],"picked":"Compile Driver","floor":13},{"not_picked":["Reprogram+1","Barrage"],"picked":"Leap+1","floor":14},{"not_picked":["Buffer","Rainbow+1"],"picked":"Reboot+1","floor":16},{"not_picked":["Stack+1","Barrage+1"],"picked":"Hologram+1","floor":18},{"not_picked":["Meteor Strike","Gash","Ball Lightning"],"picked":"Singing Bowl","floor":20},{"not_picked":["Heatsinks","Streamline"],"picked":"Go for the Eyes+1","floor":24}],"player_experience":576378,"relics_obtained":[{"floor":6,"key":"The Courier"},{"floor":8,"key":"Toxic Egg 2"},{"floor":9,"key":"Letter Opener"},{"floor":13,"key":"Singing Bowl"},{"floor":20,"key":"Red Mask"},{"floor":26,"key":"MawBank"}],"event_choices":[{"cards_removed":["Strike_B"],"damage_healed":0,"gold_gain":0,"player_choice":"Card Removal","damage_taken":7,"max_hp_gain":0,"max_hp_loss":0,"event_name":"Golden Wing","floor":2,"gold_loss":0},{"cards_removed":["Strike_B"],"damage_healed":0,"gold_gain":0,"player_choice":"Purged","damage_taken":0,"max_hp_gain":0,"max_hp_loss":0,"event_name":"Purifier","floor":12,"gold_loss":0},{"damage_healed":0,"gold_gain":0,"player_choice":"Searched \u00271\u0027 times","damage_taken":0,"max_hp_gain":0,"max_hp_loss":0,"event_name":"Dead Adventurer","floor":13,"gold_loss":0},{"damage_healed":0,"gold_gain":0,"player_choice":"Traded Relic","damage_taken":0,"relics_obtained":["Nloth\u0027s Gift"],"max_hp_gain":0,"max_hp_loss":0,"event_name":"N\u0027loth","floor":19,"relics_lost":["The Courier"],"gold_loss":0},{"damage_healed":0,"gold_gain":0,"player_choice":"Fought Bandits","damage_taken":0,"max_hp_gain":0,"max_hp_loss":0,"event_name":"Masked Bandits","floor":20,"gold_loss":0},{"damage_healed":0,"gold_gain":0,"player_choice":"Read","damage_taken":0,"max_hp_gain":0,"max_hp_loss":0,"event_name":"The Library","floor":27,"gold_loss":0,"cards_obtained":["Buffer"]},{"damage_healed":0,"gold_gain":0,"player_choice":"Smashed Altar","damage_taken":0,"max_hp_gain":0,"max_hp_loss":0,"event_name":"Forgotten Altar","floor":28,"gold_loss":0,"cards_obtained":["Decay"]}],"is_beta":false,"boss_relics":[{"not_picked":["Black Star","FrozenCore"],"picked":"Velvet Choker"}],"items_purged_floors":[4,21],"is_endless":false,"potions_floor_spawned":[6,8,13,14,16,18,24],"killed_by":"Gremlin Leader","ascension_level":13}