{"gold_per_floor":[211,211,96,112,112,138,149,149,218,229,123,135,153,169,169,273,273,283,223,78,38,49,49,62,75,99,99,113,113,127,127],"floor_reached":31,"playtime":3251,"items_purged":["Strike_G","Defend_G"],"score":241,"play_id":"37aa1781-f2b5-4955-a100-9e726c982495","local_time":"20190224203843","is_ascension_mode":false,"campfire_choices":[{"data":"Noxious Fumes","floor":15,"key":"SMITH"},{"data":"Dash","floor":23,"key":"SMITH"},{"floor":27,"key":"REST"},{"floor":29,"key":"REST"}],"neow_cost":"NONE","seed_source_timestamp":0,"circlet_count":0,"master_deck":["Defend_G","Defend_G","Defend_G","Defend_G","Strike_G","Strike_G","Strike_G","Strike_G","Survivor","Neutralize","Dodge and Roll","Dash+1","Noxious Fumes+1","Blur","Quick Slash","Envenom","Footwork+1","Leg Sweep","Deadly Poison","Dagger Throw","Malaise","Caltrops+1","Well Laid Plans+1","Dagger Spray","Backstab"],"special_seed":0,"relics":["Ring of the Snake","Centennial Puzzle","Letter Opener","Black Star","Omamori"],"potions_floor_usage":[14,16,19,22],"damage_taken":[{"damage":2.0,"enemies":"Cultist","floor":1.0,"turns":5.0},{"damage":0.0,"enemies":"Small Slimes","floor":4.0,"turns":4.0},{"damage":7.0,"enemies":"3 Sentries","floor":6.0,"turns":9.0},{"damage":0.0,"enemies":"Jaw Worm","floor":7.0,"turns":7.0},{"damage":3,"enemies":"Lots of Slimes","floor":10,"turns":4},{"damage":1,"enemies":"Exordium Thugs","floor":12,"turns":6},{"damage":0,"enemies":"Red Slaver","floor":13,"turns":5},{"damage":0,"enemies":"Lots of Slimes","floor":14,"turns":2},{"damage":23,"enemies":"Slime Boss","floor":16,"turns":13},{"damage":10,"enemies":"Chosen","floor":18,"turns":6},{"damage":6,"enemies":"2 Thieves","floor":19,"turns":4},{"damage":21,"enemies":"Snake Plant","floor":22,"turns":5},{"damage":34,"enemies":"3 Cultists","floor":24,"turns":6},{"damage":7,"enemies":"Centurion and Healer","floor":25,"turns":11},{"damage":2,"enemies":"Shelled Parasite and Fungi","floor":28,"turns":12},{"damage":22,"enemies":"Chosen and Byrds","floor":30,"turns":7},{"damage":27,"enemies":"Snake Plant","floor":31,"turns":6}],"seed_played":"-3703804780089494606","potions_obtained":[{"floor":4.0,"key":"Explosive Potion"},{"floor":12,"key":"Regen Potion"},{"floor":13,"key":"Block Potion"},{"floor":16,"key":"Strength Potion"},{"floor":18,"key":"SkillPotion"},{"floor":22,"key":"Ancient Potion"},{"floor":24,"key":"GamblersBrew"}],"is_trial":false,"path_per_floor":["M","?","$","M","?","E","M","?","T","M","$","M","M","M","R","B",null,"M","M","$","?","M","R","M","M","T","R","M","R","M","M"],"character_chosen":"THE_SILENT","items_purchased":["Dash","Footwork","Leg Sweep","Dagger Spray"],"campfire_rested":2,"item_purchase_floors":[3,11,11,20],"current_hp_per_floor":[68,68,68,68,68,61,61,54,54,51,51,50,50,50,50,27,70,60,54,54,54,45,45,11,4,4,25,23,44,22,0],"gold":127,"neow_bonus":"HUNDRED_GOLD","is_prod":false,"is_daily":false,"chose_seed":false,"campfire_upgraded":2,"win_rate":0.0,"timestamp":1551001123,"path_taken":["M","?","$","M","?","E","M","?","T","M","$","M","M","?","R","BOSS","M","M","$","?","M","R","M","?","T","R","M","R","M","M"],"build_version":"2019-01-23","purchased_purges":2,"victory":false,"max_hp_per_floor":[70,70,70,70,70,70,70,70,70,70,70,70,70,70,70,70,70,70,70,70,70,70,70,70,70,70,70,70,70,70,70],"card_choices":[{"not_picked":["Flying Knee","Underhanded Strike"],"picked":"Dodge and Roll","floor":1.0},{"not_picked":["Dodge and Roll","Dagger Throw"],"picked":"Noxious Fumes","floor":4.0},{"not_picked":["Skewer","Leg Sweep"],"picked":"Blur","floor":6.0},{"not_picked":["Endless Agony","Deadly Poison"],"picked":"Quick Slash","floor":7},{"not_picked":["Flechettes","Backflip"],"picked":"Envenom","floor":10},{"not_picked":["Eviscerate","Deflect"],"picked":"Deadly Poison","floor":12},{"not_picked":["Outmaneuver","Deflect","Deadly Poison"],"picked":"SKIP","floor":13},{"not_picked":["Outmaneuver","All Out Attack"],"picked":"Dagger Throw","floor":14},{"not_picked":["Doppelganger","Venomology"],"picked":"Malaise","floor":16},{"not_picked":["Crippling Poison+1","Flying Knee+1"],"picked":"Caltrops+1","floor":18},{"not_picked":["Outmaneuver","Dodge and Roll"],"picked":"Well Laid Plans+1","floor":19},{"not_picked":["Eviscerate+1","Calculated Gamble","Dagger Spray"],"picked":"SKIP","floor":22},{"not_picked":["Prepared","Sucker Punch","Slice+1"],"picked":"SKIP","floor":24},{"not_picked":["Underhanded Strike+1","Deflect"],"picked":"Backstab","floor":25},{"not_picked":["All Out Attack","Dagger Throw","Noxious Fumes"],"picked":"SKIP","floor":28},{"not_picked":["Underhanded Strike+1","Phantasmal Killer","Bane"],"picked":"SKIP","floor":30}],"player_experience":26939,"relics_obtained":[{"floor":6.0,"key":"Centennial Puzzle"},{"floor":9,"key":"Letter Opener"},{"floor":26,"key":"Omamori"}],"event_choices":[{"damage_healed":0.0,"max_hp_gain":0.0,"max_hp_loss":0.0,"gold_gain":0.0,"event_name":"Shining Light","player_choice":"Ignored","floor":2.0,"gold_loss":0.0,"damage_taken":0.0},{"damage_healed":0.0,"max_hp_gain":0.0,"max_hp_loss":0.0,"gold_gain":0.0,"event_name":"Liars Game","player_choice":"Ignored","floor":5.0,"gold_loss":0.0,"damage_taken":0.0},{"damage_healed":0,"gold_gain":0,"player_choice":"Damaged","damage_taken":7,"max_hp_gain":0,"max_hp_loss":0,"event_name":"Wheel of Change","floor":8,"gold_loss":0},{"damage_healed":0,"gold_gain":0,"player_choice":"Upgrade","damage_taken":0,"max_hp_gain":0,"max_hp_loss":0,"event_name":"Designer","floor":21,"gold_loss":40,"cards_upgraded":["Footwork"]}],"is_beta":false,"boss_relics":[{"not_picked":["Snecko Eye","WristBlade"],"picked":"Black Star"}],"items_purged_floors":[3,20],"is_endless":false,"potions_floor_spawned":[4,12,13,16,18,22,24],"killed_by":"Snake Plant","ascension_level":0}