{"gold_per_floor":[20,34,45,10,10,10,30,58,83,83,83,8,8,23,23,102,102,102],"floor_reached":18,"playtime":6622,"items_purged":["Strike_B"],"score":264,"play_id":"fded139e-5d8b-45a5-89ed-f5f1fd3444ad","local_time":"20181026195902","is_ascension_mode":true,"campfire_choices":[{"data":"Creative AI","floor":6,"key":"SMITH"},{"data":"Rip and Tear","floor":10,"key":"SMITH"},{"data":"Undo","floor":13,"key":"SMITH"},{"data":"Reboot","floor":15,"key":"SMITH"}],"neow_cost":"NO_GOLD","seed_source_timestamp":18327903570894,"circlet_count":0,"master_deck":["Strike_B","Strike_B","Strike_B","Defend_B","Defend_B","Defend_B","Defend_B","Zap","Dualcast","AscendersBane","Creative AI+1","Self Repair","Undo+1","Rip and Tear+1","Reboot+1","Melter","Amplify"],"relics":["Cracked Core","Bag of Preparation","Art of War","Pen Nib","Fusion Hammer"],"potions_floor_usage":[7,8,16],"damage_taken":[{"damage":3,"enemies":"2 Louse","floor":1,"turns":4},{"damage":9,"enemies":"Jaw Worm","floor":2,"turns":3},{"damage":1,"enemies":"Cultist","floor":3,"turns":3},{"damage":8,"enemies":"Large Slime","floor":7,"turns":4},{"damage":25,"enemies":"Gremlin Nob","floor":8,"turns":5},{"damage":0,"enemies":"Red Slaver","floor":14,"turns":2},{"damage":40,"enemies":"The Guardian","floor":16,"turns":14},{"damage":0,"enemies":"2 Thieves","floor":18,"turns":1}],"seed_played":"1819108853849587675","potions_obtained":[{"floor":1,"key":"Fire Potion"},{"floor":3,"key":"Energy Potion"},{"floor":7,"key":"SpeedPotion"},{"floor":16,"key":"Ancient Potion"}],"is_trial":false,"path_per_floor":["M","M","M","?","?","R","M","E","T","R","?","$","R","M","R","B",null],"character_chosen":"DEFECT","items_purchased":[],"campfire_rested":0,"item_purchase_floors":[],"current_hp_per_floor":[65,56,55,73,73,73,72,54,54,54,51,51,51,58,58,25,63,63],"gold":102,"neow_bonus":"THREE_RARE_CARDS","is_prod":false,"is_daily":false,"chose_seed":false,"campfire_upgraded":4,"win_rate":0,"timestamp":1540576742,"path_taken":["M","M","M","?","?","R","?","E","T","R","?","$","R","M","R","BOSS","M"],"build_version":"2018-10-25v2","purchased_purges":1,"victory":false,"max_hp_per_floor":[75,75,75,75,75,75,75,75,75,75,75,75,75,75,75,75,75,75],"card_choices":[{"not_picked":["Rainbow","Seek"],"picked":"Creative AI","floor":0},{"not_picked":["Melter","Streamline","White Noise"],"picked":"SKIP","floor":1},{"not_picked":["Reprogram","Loop"],"picked":"Self Repair","floor":2},{"not_picked":["Barrage","Aggregate"],"picked":"Undo","floor":3},{"not_picked":["Darkness","Undo"],"picked":"Rip and Tear","floor":7},{"not_picked":["Aggregate","Stack"],"picked":"Reboot","floor":8},{"not_picked":["Beam Cell","Ball Lightning"],"picked":"Melter","floor":14},{"not_picked":["Fission","Reboot"],"picked":"Amplify","floor":16}],"player_experience":577983,"relics_obtained":[{"floor":8,"key":"Bag of Preparation"},{"floor":9,"key":"Art of War"}],"event_choices":[{"damage_healed":18,"gold_gain":0,"player_choice":"Healed","damage_taken":0,"max_hp_gain":0,"max_hp_loss":0,"event_name":"The Cleric","floor":4,"gold_loss":35},{"damage_healed":0,"gold_gain":0,"player_choice":"Got Potions","damage_taken":0,"max_hp_gain":0,"max_hp_loss":0,"event_name":"The Lab","floor":5,"gold_loss":0},{"damage_healed":0,"gold_gain":0,"player_choice":"Success","damage_taken":3,"relics_obtained":["Pen Nib"],"max_hp_gain":0,"max_hp_loss":0,"event_name":"Scrap Ooze","floor":11,"gold_loss":0}],"is_beta":false,"boss_relics":[{"not_picked":["Empty Cage","Inserter"],"picked":"Fusion Hammer"}],"items_purged_floors":[12],"is_endless":false,"potions_floor_spawned":[1,3,7,16],"killed_by":"2 Thieves","ascension_level":13}