{"gold_per_floor":[118,118,118,129,149,149,181,33,33,60,60,73,73,26,26,26],"floor_reached":16,"playtime":804,"items_purged":["Strike_R"],"score":187,"play_id":"af8bfa46-6046-4622-bc01-f94acee2524f","local_time":"20190129191529","is_ascension_mode":true,"campfire_choices":[{"data":"Bash","floor":6.0,"key":"SMITH"},{"data":"Cleave","floor":13,"key":"SMITH"},{"data":"Flex","floor":15,"key":"SMITH"}],"neow_cost":"NONE","seed_source_timestamp":4087701913729,"circlet_count":0,"master_deck":["AscendersBane","Strike_R","Strike_R","Strike_R","Defend_R","Defend_R","Defend_R","Defend_R","Bash+1","Combust","Cleave+1","Flex","Bludgeon","Ghostly Armor","Flex+1"],"special_seed":0,"relics":["Burning Blood","Gambling Chip","Strawberry","Molten Egg 2"],"potions_floor_usage":[16],"damage_taken":[{"damage":6.0,"enemies":"2 Louse","floor":1.0,"turns":4.0},{"damage":4.0,"enemies":"Jaw Worm","floor":4.0,"turns":4.0},{"damage":2.0,"enemies":"Small Slimes","floor":5.0,"turns":3.0},{"damage":9,"enemies":"Gremlin Nob","floor":7,"turns":3},{"damage":30,"enemies":"Lagavulin","floor":10,"turns":5},{"damage":10,"enemies":"Red Slaver","floor":12,"turns":4},{"damage":52,"enemies":"Hexaghost","floor":16,"turns":7}],"seed_played":"-686499115413342948","potions_obtained":[{"floor":1.0,"key":"Dexterity Potion"},{"floor":4.0,"key":"Ancient Potion"},{"floor":7,"key":"Explosive Potion"},{"floor":10,"key":"Poison Potion"}],"is_trial":false,"path_per_floor":["?","?","$"],"character_chosen":"IRONCLAD","items_purchased":["Ghostly Armor","Flex"],"campfire_rested":0,"item_purchase_floors":[8,14],"current_hp_per_floor":[80,73,70,72,76,76,80,80,80,56,56,52,52,52,52,0],"gold":26,"neow_bonus":"TEN_PERCENT_HP_BONUS","is_prod":false,"is_daily":false,"chose_seed":false,"campfire_upgraded":3,"win_rate":0,"timestamp":1548760529,"path_taken":["M","?","?","M","M","R","E","$","T","E","?","M","R","$","R","BOSS"],"build_version":"2019-01-23","purchased_purges":1,"victory":false,"max_hp_per_floor":[88,88,88,88,88,88,95,95,95,95,95,95,95,95,95,95],"card_choices":[{"not_picked":["Reckless Charge","Warcry"],"picked":"Combust","floor":1.0},{"not_picked":["Headbutt","Fire Breathing"],"picked":"Cleave","floor":4.0},{"not_picked":["Blood for Blood","Hemokinesis"],"picked":"Flex","floor":5.0},{"not_picked":["Headbutt","Cleave"],"picked":"Bludgeon","floor":7},{"not_picked":["Entrench","Warcry","Clash+1"],"picked":"SKIP","floor":10},{"not_picked":["Warcry","Ghostly Armor","Power Through"],"picked":"SKIP","floor":12}],"player_experience":127299,"relics_obtained":[{"floor":7,"key":"Strawberry"},{"floor":9,"key":"Molten Egg 2"}],"event_choices":[{"cards_removed":["Strike_R"],"damage_healed":0.0,"max_hp_gain":0.0,"max_hp_loss":0.0,"gold_gain":0.0,"event_name":"Golden Wing","player_choice":"Card Removal","floor":2.0,"gold_loss":0.0,"damage_taken":7.0},{"damage_healed":0.0,"max_hp_gain":0.0,"max_hp_loss":0.0,"gold_gain":0.0,"event_name":"Scrap Ooze","player_choice":"Success","floor":3.0,"gold_loss":0.0,"damage_taken":3.0,"relics_obtained":["Gambling Chip"]}],"is_beta":false,"boss_relics":[],"items_purged_floors":[8],"is_endless":false,"potions_floor_spawned":[1,4,7,10],"killed_by":"Hexaghost","ascension_level":10}