{"gold_per_floor":[14,34,49,69,86,86,161,161,229,254,273,58,76,93,93,168,168,180,105,105,19,294,294,234],"floor_reached":24,"playtime":612,"items_purged":[],"score":401,"play_id":"3f507b92-bd1f-4d71-8569-e61ac074055e","local_time":"20181030214445","is_ascension_mode":true,"campfire_choices":[{"data":"Defragment","floor":6.0,"key":"SMITH"},{"data":"Buffer","floor":8.0,"key":"SMITH"},{"floor":15.0,"key":"REST"},{"data":"Defragment","floor":23.0,"key":"SMITH"}],"neow_cost":"NO_GOLD","seed_source_timestamp":292568374324756,"circlet_count":0,"master_deck":["Strike_B","Strike_B","Defend_B","Defend_B","Defend_B","Zap","Dualcast","AscendersBane","Rebound","Ball Lightning","Defragment+1","Cold Snap","Buffer+1","Leap","Hologram","Defragment+1","Coolheaded","Amplify","Redo","Buffer+1","Capacitor","Regret"],"special_seed":0,"relics":["Cracked Core","Mercury Hourglass","Calipers","ClockworkSouvenir","Runic Dome"],"potions_floor_usage":[],"damage_taken":[{"damage":0.0,"enemies":"Cultist","floor":1.0,"turns":3.0},{"damage":4.0,"enemies":"Jaw Worm","floor":2.0,"turns":3.0},{"damage":1.0,"enemies":"Small Slimes","floor":3.0,"turns":2.0},{"damage":7.0,"enemies":"Looter","floor":4.0,"turns":3.0},{"damage":15.0,"enemies":"Large Slime","floor":5.0,"turns":4.0},{"damage":0.0,"enemies":"Lagavulin","floor":10.0,"turns":4.0},{"damage":8.0,"enemies":"Gremlin Gang","floor":11.0,"turns":4.0},{"damage":6.0,"enemies":"3 Louse","floor":13.0,"turns":3.0},{"damage":11.0,"enemies":"Lots of Slimes","floor":14.0,"turns":2.0},{"damage":16.0,"enemies":"Slime Boss","floor":16.0,"turns":10.0},{"damage":23.0,"enemies":"Shell Parasite","floor":18.0,"turns":5.0},{"damage":34,"enemies":"2 Thieves","floor":24,"turns":2}],"seed_played":"-2040907819081403752","potions_obtained":[{"floor":2.0,"key":"AttackPotion"},{"floor":4.0,"key":"Poison Potion"},{"floor":11.0,"key":"Ancient Potion"}],"is_trial":false,"path_per_floor":["M","M","M","M","M","R","?","R","T","E","M","$","M","M","R","B",null,"M","?","?","$","?","R"],"character_chosen":"DEFECT","items_purchased":["ClockworkSouvenir","Capacitor"],"campfire_rested":1,"item_purchase_floors":[12,21],"current_hp_per_floor":[64,60,59,52,37,37,26,26,26,26,18,18,12,1,22,6,55,32,32,32,32,32,32,0],"gold":234,"neow_bonus":"REMOVE_TWO","is_prod":false,"is_daily":false,"chose_seed":false,"campfire_upgraded":3,"win_rate":0,"timestamp":1540932285,"path_taken":["M","M","M","M","M","R","?","R","T","E","M","$","M","M","R","BOSS","M","?","?","?","?","R","M"],"build_version":"2018-10-25v2","purchased_purges":0,"victory":false,"max_hp_per_floor":[71,71,71,71,71,71,71,71,71,71,71,71,71,71,71,71,71,71,71,71,71,71,71,71],"card_choices":[{"not_picked":["Recycle","Storm"],"picked":"Rebound","floor":1.0},{"not_picked":["Sweeping Beam","Beam Cell"],"picked":"Ball Lightning","floor":2.0},{"not_picked":["Hologram","Cold Snap"],"picked":"Defragment","floor":3.0},{"not_picked":["Compile Driver","Ball Lightning"],"picked":"Cold Snap","floor":4.0},{"not_picked":["Hello World","Go for the Eyes"],"picked":"Buffer","floor":5.0},{"not_picked":["Recycle","Genetic Algorithm"],"picked":"Leap","floor":10.0},{"not_picked":["Cold Snap","Tempest"],"picked":"Hologram","floor":11.0},{"not_picked":["Rip and Tear","Aggregate"],"picked":"Defragment","floor":13.0},{"not_picked":["Steam","Conserve Battery"],"picked":"Coolheaded","floor":14.0},{"not_picked":["Creative AI","Rainbow"],"picked":"Amplify","floor":16.0},{"not_picked":["Go for the Eyes","Hologram"],"picked":"Redo","floor":18.0}],"player_experience":603655,"relics_obtained":[{"floor":9.0,"key":"Mercury Hourglass"},{"floor":10.0,"key":"Calipers"}],"event_choices":[{"damage_healed":0.0,"max_hp_gain":0.0,"max_hp_loss":0.0,"gold_gain":75.0,"event_name":"World of Goop","player_choice":"Gather Gold","floor":7.0,"gold_loss":0.0,"damage_taken":11.0},{"cards_removed":["Strike_B"],"damage_healed":0.0,"max_hp_gain":0.0,"max_hp_loss":0.0,"gold_gain":0.0,"event_name":"Beggar","player_choice":"Gave Gold","floor":19.0,"gold_loss":75.0,"damage_taken":0.0},{"damage_healed":0.0,"max_hp_gain":0.0,"max_hp_loss":0.0,"gold_gain":0.0,"event_name":"Duplicator","player_choice":"Copied","floor":20.0,"gold_loss":0.0,"damage_taken":0.0,"cards_obtained":["Buffer"]},{"damage_healed":0.0,"max_hp_gain":0.0,"max_hp_loss":0.0,"gold_gain":275.0,"event_name":"Golden Shrine","player_choice":"Desecrate","floor":22.0,"gold_loss":0.0,"damage_taken":0.0,"cards_obtained":["Regret"]}],"is_beta":false,"boss_relics":[{"not_picked":["Runic Pyramid","White Beast Statue"],"picked":"Runic Dome"}],"items_purged_floors":[],"is_endless":false,"potions_floor_spawned":[2,4,11],"killed_by":"2 Thieves","ascension_level":16}