{"gold_per_floor":[219,230,249,268,121,138,152,152,152,168,186,199,30,30,30,30],"floor_reached":16,"playtime":6457,"items_purged":["Strike_B","Defend_B"],"score":98,"play_id":"a786ac1a-079b-47a3-9728-d7dec072e427","local_time":"20190227213355","is_ascension_mode":false,"campfire_choices":[{"data":"Coolheaded","floor":8,"key":"SMITH"},{"floor":15,"key":"REST"}],"neow_cost":"NONE","seed_source_timestamp":646327308939938,"circlet_count":0,"master_deck":["Strike_B","Strike_B","Strike_B","Defend_B","Defend_B","Defend_B","Zap","Dualcast","Coolheaded+1","Glacier","Barrage","Reprogram","Steam","Genetic Algorithm","Coolheaded","Sweeping Beam","Defragment"],"relics":["Cracked Core","Dodecahedron"],"potions_floor_usage":[4,6,10,11],"damage_taken":[{"damage":8,"enemies":"Small Slimes","floor":1,"turns":3},{"damage":0,"enemies":"Jaw Worm","floor":2,"turns":4},{"damage":0,"enemies":"Cultist","floor":3,"turns":4},{"damage":6,"enemies":"Large Slime","floor":4,"turns":7},{"damage":0,"enemies":"Blue Slaver","floor":6,"turns":6},{"damage":1,"enemies":"Exordium Wildlife","floor":7,"turns":3},{"damage":0,"enemies":"Large Slime","floor":10,"turns":9},{"damage":13,"enemies":"Gremlin Gang","floor":11,"turns":9},{"damage":2,"enemies":"Exordium Wildlife","floor":12,"turns":5},{"damage":68,"enemies":"Hexaghost","floor":16,"turns":17}],"seed_played":"-5326221382846853312","potions_obtained":[{"floor":2,"key":"Ancient Potion"},{"floor":4,"key":"PowerPotion"},{"floor":6,"key":"GamblersBrew"},{"floor":10,"key":"EssenceOfSteel"}],"is_trial":false,"path_per_floor":["M","M","M","M","$","M","M","R","T","M","M","M","$","?","R","B"],"character_chosen":"DEFECT","items_purchased":["Reprogram","Defragment"],"campfire_rested":1,"item_purchase_floors":[5,13],"current_hp_per_floor":[67,67,67,61,61,61,60,60,60,60,47,45,45,45,67,0],"gold":30,"neow_bonus":"HUNDRED_GOLD","is_prod":false,"is_daily":false,"chose_seed":false,"campfire_upgraded":1,"win_rate":0.0,"timestamp":1551321235,"path_taken":["M","M","M","M","$","M","M","R","T","M","M","M","$","?","R","BOSS"],"build_version":"2019-01-23","purchased_purges":2,"victory":false,"max_hp_per_floor":[75,75,75,75,75,75,75,75,75,75,75,75,75,75,75,75],"card_choices":[{"not_picked":["Turbo","Tempest"],"picked":"Coolheaded","floor":1},{"not_picked":["Rebound","Sweeping Beam","Blizzard"],"picked":"SKIP","floor":2},{"not_picked":["Steam","BootSequence"],"picked":"Glacier","floor":3},{"not_picked":["Conserve Battery","Static Discharge"],"picked":"Barrage","floor":4},{"not_picked":["Loop","Force Field"],"picked":"Steam","floor":6},{"not_picked":["Ball Lightning","Steam"],"picked":"Genetic Algorithm","floor":7},{"not_picked":["Doom and Gloom","Hello World"],"picked":"Coolheaded","floor":10},{"not_picked":["Force Field","Meteor Strike"],"picked":"Sweeping Beam","floor":11},{"not_picked":["White Noise","Hello World","Turbo"],"picked":"SKIP","floor":12}],"player_experience":198175,"relics_obtained":[{"floor":9,"key":"Dodecahedron"}],"event_choices":[{"damage_healed":0,"gold_gain":0,"player_choice":"Fled","damage_taken":0,"max_hp_gain":0,"max_hp_loss":0,"event_name":"Scrap Ooze","floor":14,"gold_loss":0}],"is_beta":false,"boss_relics":[],"items_purged_floors":[5,13],"is_endless":false,"potions_floor_spawned":[2,4,6,10],"killed_by":"Hexaghost","ascension_level":0}