{"gold_per_floor":[114,129,140,155,155,184,184,213,213,223,223,223,242,273,273,350,350,367,20,37,47,47,47,80,80,80,80,130,30,59,73,73,147,147,166,166,211,161,261,261,293,306,306,324,57,57,57,74,74,74],"floor_reached":51,"playtime":2195,"items_purged":["Strike_G","Injury"],"score":1395,"play_id":"6a726738-a78a-4bda-97f4-77aaa7223222","local_time":"20190127212155","is_ascension_mode":true,"campfire_choices":[{"data":"Leg Sweep","floor":7.0,"key":"SMITH"},{"floor":11.0,"key":"REST"},{"floor":15.0,"key":"REST"},{"data":"Cloak And Dagger","floor":23.0,"key":"SMITH"},{"data":"Finisher","floor":25.0,"key":"SMITH"},{"data":"Malaise","floor":27.0,"key":"SMITH"},{"floor":32.0,"key":"REST"},{"data":"Wraith Form v2","floor":40.0,"key":"SMITH"},{"floor":46,"key":"REST"},{"data":"1","floor":49,"key":"LIFT"}],"neow_cost":"NONE","seed_source_timestamp":19908425817356,"circlet_count":0,"master_deck":["AscendersBane","Defend_G+1","Defend_G+1","Defend_G+1","Defend_G+1","Defend_G+1","Strike_G+1","Strike_G+1","Strike_G+1","Survivor","Neutralize","Terror","Infinite Blades","Dagger Spray","A Thousand Cuts+1","Leg Sweep+1","Slice","Backflip","Malaise+1","Cloak And Dagger+1","Blade Dance","Backflip","Finisher+1","Deflect","Wraith Form v2+1","Slice+1","Backflip","Clumsy","Swift Strike+1"],"special_seed":0,"relics":["Ring of the Snake","Strawberry","Matryoshka","Gambling Chip","Pen Nib","Meat on the Bone","Bag of Marbles","Cursed Key","ClockworkSouvenir","Dead Branch","Bottled Tornado","Molten Egg 2","Blood Vial","Busted Crown","Girya","Unceasing Top","Bag of Preparation","Kunai"],"potions_floor_usage":[50],"damage_taken":[{"damage":6.0,"enemies":"Small Slimes","floor":1.0,"turns":7.0},{"damage":0.0,"enemies":"Cultist","floor":2.0,"turns":3.0},{"damage":2.0,"enemies":"2 Louse","floor":3.0,"turns":4.0},{"damage":21.0,"enemies":"Large Slime","floor":4.0,"turns":6.0},{"damage":20.0,"enemies":"3 Sentries","floor":6.0,"turns":6.0},{"damage":18.0,"enemies":"Lagavulin","floor":8.0,"turns":8.0},{"damage":8.0,"enemies":"Blue Slaver","floor":10.0,"turns":4.0},{"damage":0.0,"enemies":"Exordium Wildlife","floor":13.0,"turns":3.0},{"damage":36.0,"enemies":"Gremlin Nob","floor":14.0,"turns":4.0},{"damage":7.0,"enemies":"The Guardian","floor":16.0,"turns":13.0},{"damage":9.0,"enemies":"Shell Parasite","floor":18.0,"turns":8.0},{"damage":0.0,"enemies":"2 Thieves","floor":20.0,"turns":1.0},{"damage":24.0,"enemies":"Shelled Parasite and Fungi","floor":21.0,"turns":6.0},{"damage":6.0,"enemies":"Book of Stabbing","floor":24.0,"turns":6.0},{"damage":10.0,"enemies":"Slavers","floor":30.0,"turns":4.0},{"damage":0.0,"enemies":"Cultist and Chosen","floor":31.0,"turns":2.0},{"damage":26.0,"enemies":"Automaton","floor":33.0,"turns":8.0},{"damage":5.0,"enemies":"3 Darklings","floor":35.0,"turns":3.0},{"damage":15.0,"enemies":"2 Orb Walkers","floor":37.0,"turns":3.0},{"damage":0.0,"enemies":"Mind Bloom Boss Battle","floor":39.0,"turns":7.0},{"damage":14,"enemies":"Reptomancer","floor":41,"turns":5},{"damage":0,"enemies":"Orb Walker","floor":42,"turns":1},{"damage":4,"enemies":"Transient","floor":44,"turns":6},{"damage":0,"enemies":"Maw","floor":48,"turns":5},{"damage":30,"enemies":"Donu and Deca","floor":50,"turns":9}],"seed_played":"-612330536436540915","potions_obtained":[{"floor":1.0,"key":"Regen Potion"},{"floor":2.0,"key":"LiquidBronze"},{"floor":3.0,"key":"SteroidPotion"},{"floor":16.0,"key":"SteroidPotion"},{"floor":18.0,"key":"SteroidPotion"},{"floor":21.0,"key":"Swift Potion"},{"floor":35.0,"key":"Block Potion"},{"floor":41,"key":"Energy Potion"},{"floor":48,"key":"Strength Potion"}],"is_trial":false,"path_per_floor":["M","M","M","M","?","E","R","E","T","M","R","?","M","E","R","B",null,"M","$","M","M","?","R","E","R","T","R","?","$","E","M","R","B",null,"M","?","?","$","?","R","E","M","T","M","$","R","?","M","R","B",null],"character_chosen":"THE_SILENT","items_purchased":["ClockworkSouvenir","Cloak And Dagger","Backflip","Kunai"],"campfire_rested":4,"item_purchase_floors":[19,19,38,45],"current_hp_per_floor":[60,60,58,37,37,32,32,14,14,18,39,39,39,15,36,41,65,56,56,56,44,44,44,38,38,38,38,38,38,40,42,63,39,65,62,62,49,49,51,51,39,41,41,39,39,59,59,61,61,45],"gold":74,"neow_bonus":"RANDOM_COMMON_RELIC","is_prod":false,"is_daily":false,"chose_seed":false,"campfire_upgraded":5,"win_rate":0,"timestamp":1548620515,"path_taken":["M","M","M","M","?","E","R","E","T","?","R","?","M","E","R","BOSS","M","$","?","M","?","R","E","R","T","R","?","$","E","M","R","BOSS","M","?","?","?","?","R","E","M","T","M","$","R","?","M","R","BOSS"],"build_version":"2019-01-23","purchased_purges":2,"victory":true,"max_hp_per_floor":[73,73,73,73,73,73,73,73,73,73,73,73,73,73,73,73,73,73,73,73,73,73,73,73,73,73,73,73,73,73,73,73,73,73,73,69,69,69,69,69,69,69,69,69,69,69,69,69,69,69],"card_choices":[{"not_picked":["Dodge and Roll","Sucker Punch"],"picked":"Terror","floor":1.0},{"not_picked":["Dodge and Roll","Blur"],"picked":"Infinite Blades","floor":2.0},{"not_picked":["Deflect","Leg Sweep"],"picked":"Dagger Spray","floor":3.0},{"not_picked":["Well Laid Plans","Bane"],"picked":"A Thousand Cuts","floor":4.0},{"not_picked":["Underhanded Strike","Flying Knee"],"picked":"Leg Sweep","floor":6.0},{"not_picked":["Sucker Punch","Terror"],"picked":"Slice","floor":8.0},{"not_picked":["Flechettes","Predator","Bouncing Flask"],"picked":"SKIP","floor":10.0},{"not_picked":["Acrobatics","Dagger Spray"],"picked":"Backflip","floor":13.0},{"not_picked":["Leg Sweep","Sucker Punch","Underhanded Strike"],"picked":"SKIP","floor":14.0},{"not_picked":["Unload","Envenom"],"picked":"Malaise","floor":16.0},{"not_picked":["Bane","Flying Knee","Quick Slash+1"],"picked":"SKIP","floor":18.0},{"not_picked":["Dagger Throw","Predator"],"picked":"Blade Dance","floor":20.0},{"not_picked":["Quick Slash","Infinite Blades"],"picked":"Backflip","floor":21.0},{"not_picked":["Flechettes","Catalyst"],"picked":"Finisher","floor":24.0},{"not_picked":["Deadly Poison","Infinite Blades"],"picked":"Deflect","floor":30.0},{"not_picked":["Flying Knee+1","Blade Dance","Flechettes+1"],"picked":"SKIP","floor":31.0},{"not_picked":["Corpse Explosion","Night Terror"],"picked":"Wraith Form v2","floor":33.0},{"not_picked":["Reflex"],"picked":"SKIP","floor":35.0},{"not_picked":[],"picked":"Slice+1","floor":37.0},{"not_picked":["Eviscerate+1"],"picked":"SKIP","floor":41},{"not_picked":["Bane+1"],"picked":"SKIP","floor":42},{"not_picked":["Catalyst"],"picked":"SKIP","floor":44},{"not_picked":[],"picked":"Swift Strike+1","floor":47},{"not_picked":["Quick Slash+1"],"picked":"SKIP","floor":48}],"player_experience":931547,"relics_obtained":[{"floor":6.0,"key":"Matryoshka"},{"floor":8.0,"key":"Gambling Chip"},{"floor":9.0,"key":"Pen Nib"},{"floor":9.0,"key":"Meat on the Bone"},{"floor":14.0,"key":"Bag of Marbles"},{"floor":24.0,"key":"Dead Branch"},{"floor":26.0,"key":"Bottled Tornado"},{"floor":26.0,"key":"Molten Egg 2"},{"floor":30.0,"key":"Blood Vial"},{"floor":37.0,"key":"Girya"},{"floor":39.0,"key":"Unceasing Top"},{"floor":41,"key":"Bag of Preparation"}],"event_choices":[{"cards_removed":["Strike_G"],"damage_healed":0.0,"max_hp_gain":0.0,"max_hp_loss":0.0,"gold_gain":0.0,"event_name":"Wheel of Change","player_choice":"Card Removal","floor":5.0,"gold_loss":0.0,"damage_taken":0.0},{"damage_healed":0.0,"max_hp_gain":0.0,"max_hp_loss":0.0,"gold_gain":0.0,"event_name":"Upgrade Shrine","player_choice":"Upgraded","floor":12.0,"gold_loss":0.0,"damage_taken":0.0,"cards_upgraded":["A Thousand Cuts"]},{"damage_healed":0.0,"max_hp_gain":0.0,"max_hp_loss":0.0,"gold_gain":0.0,"event_name":"Back to Basics","player_choice":"Simplicity","floor":22.0,"gold_loss":0.0,"damage_taken":0.0,"cards_upgraded":["Defend_G","Defend_G","Defend_G","Defend_G","Defend_G","Strike_G","Strike_G","Strike_G"]},{"damage_healed":0.0,"max_hp_gain":0.0,"max_hp_loss":0.0,"gold_gain":50.0,"event_name":"Nest","player_choice":"Stole From Cult","floor":28.0,"gold_loss":0.0,"damage_taken":0.0},{"damage_healed":0.0,"max_hp_gain":0.0,"max_hp_loss":4.0,"gold_gain":0.0,"event_name":"Winding Halls","player_choice":"Max HP","floor":36.0,"gold_loss":0.0,"damage_taken":0.0},{"damage_healed":0.0,"max_hp_gain":0.0,"max_hp_loss":0.0,"gold_gain":0.0,"event_name":"Mysterious Sphere","player_choice":"Fight","floor":37.0,"gold_loss":0.0,"damage_taken":0.0},{"damage_healed":0.0,"max_hp_gain":0.0,"max_hp_loss":0.0,"gold_gain":0.0,"event_name":"MindBloom","player_choice":"Fight","floor":39.0,"gold_loss":0.0,"damage_taken":0.0},{"damage_healed":0,"gold_gain":0,"player_choice":"Memory 1","damage_taken":0,"max_hp_gain":0,"max_hp_loss":0,"event_name":"SensoryStone","floor":47,"gold_loss":0}],"is_beta":false,"boss_relics":[{"not_picked":["Runic Pyramid","Lizard Tail"],"picked":"Cursed Key"},{"not_picked":["Calling Bell","Coffee Dripper"],"picked":"Busted Crown"}],"items_purged_floors":[19,29],"is_endless":false,"potions_floor_spawned":[1,2,3,16,18,21,35,41,48],"ascension_level":18}