{"gold_per_floor":[111,111,36,36,50,50,71,71,71,71,106,124,199,278,278,278],"floor_reached":16,"playtime":722,"items_purged":["Strike_R"],"score":147,"play_id":"869f80c8-9afb-40d8-b031-b3aec458edce","local_time":"20190129181550","is_ascension_mode":true,"campfire_choices":[{"data":"Pommel Strike","floor":6.0,"key":"SMITH"},{"data":"Bash","floor":10.0,"key":"SMITH"},{"floor":15,"key":"REST"}],"neow_cost":"NONE","seed_source_timestamp":447866643703,"circlet_count":0,"master_deck":["AscendersBane","Strike_R","Strike_R","Defend_R","Defend_R","Defend_R","Defend_R","Bash+1","Rupture","Pommel Strike+1","Ghostly Armor","Dropkick","Shrug It Off","Wild Strike"],"special_seed":0,"relics":["Burning Blood","Golden Idol","Lantern","Kunai","Happy Flower"],"potions_floor_usage":[14,14],"damage_taken":[{"damage":20.0,"enemies":"Small Slimes","floor":1.0,"turns":4.0},{"damage":0.0,"enemies":"2 Louse","floor":5.0,"turns":3.0},{"damage":6.0,"enemies":"Cultist","floor":7.0,"turns":3.0},{"damage":50,"enemies":"Lagavulin","floor":11,"turns":9},{"damage":1,"enemies":"Looter","floor":12,"turns":3},{"damage":4,"enemies":"Gremlin Nob","floor":14,"turns":4},{"damage":35,"enemies":"Slime Boss","floor":16,"turns":7}],"seed_played":"-6764103575430910607","potions_obtained":[{"floor":1.0,"key":"SpeedPotion"},{"floor":11,"key":"Strength Potion"},{"floor":14,"key":"SpeedPotion"}],"is_trial":false,"path_per_floor":["?","?","?","?","?"],"character_chosen":"IRONCLAD","items_purchased":[],"campfire_rested":1,"item_purchase_floors":[],"current_hp_per_floor":[58,51,51,51,57,57,57,57,57,57,13,18,7,9,31,0],"gold":278,"neow_bonus":"TRANSFORM_CARD","is_prod":false,"is_daily":false,"chose_seed":false,"campfire_upgraded":2,"win_rate":0,"timestamp":1548756950,"path_taken":["M","?","$","?","M","R","M","?","T","R","E","M","?","?","R","BOSS"],"build_version":"2019-01-23","purchased_purges":1,"victory":false,"max_hp_per_floor":[80,80,80,74,74,74,74,74,74,74,74,74,74,74,74,74],"card_choices":[{"not_picked":["Fire Breathing","Twin Strike"],"picked":"Pommel Strike","floor":1.0},{"not_picked":["Corruption","True Grit"],"picked":"Ghostly Armor","floor":5.0},{"not_picked":["Clash","Wild Strike","True Grit"],"picked":"SKIP","floor":7.0},{"not_picked":["Corruption","Warcry"],"picked":"Dropkick","floor":11},{"not_picked":["Body Slam","Perfected Strike"],"picked":"Shrug It Off","floor":12},{"not_picked":["Limit Break","Rupture"],"picked":"Wild Strike","floor":14}],"player_experience":124064,"relics_obtained":[{"floor":9.0,"key":"Lantern"},{"floor":11,"key":"Kunai"},{"floor":14,"key":"Happy Flower"}],"event_choices":[{"cards_removed":["Strike_R"],"damage_healed":0.0,"max_hp_gain":0.0,"max_hp_loss":0.0,"gold_gain":0.0,"event_name":"Golden Wing","player_choice":"Card Removal","floor":2.0,"gold_loss":0.0,"damage_taken":7.0},{"damage_healed":0.0,"max_hp_gain":0.0,"max_hp_loss":6.0,"gold_gain":0.0,"event_name":"Golden Idol","player_choice":"Lose Max HP","floor":4.0,"gold_loss":0.0,"damage_taken":0.0,"relics_obtained":["Golden Idol"]},{"damage_healed":0.0,"max_hp_gain":0.0,"max_hp_loss":0.0,"gold_gain":0.0,"event_name":"Liars Game","player_choice":"Ignored","floor":8.0,"gold_loss":0.0,"damage_taken":0.0},{"damage_healed":0,"gold_gain":75,"player_choice":"Gather Gold","damage_taken":11,"max_hp_gain":0,"max_hp_loss":0,"event_name":"World of Goop","floor":13,"gold_loss":0},{"damage_healed":0,"gold_gain":0,"player_choice":"Searched \u00271\u0027 times","damage_taken":0,"max_hp_gain":0,"max_hp_loss":0,"event_name":"Dead Adventurer","floor":14,"gold_loss":0}],"is_beta":false,"boss_relics":[],"items_purged_floors":[3],"is_endless":false,"potions_floor_spawned":[1,11,14],"killed_by":"Slime Boss","ascension_level":10}