{"gold_per_floor":[113,125,125,142,32,59,59,71,71,119,19,19],"floor_reached":12,"playtime":644,"items_purged":[],"score":203,"play_id":"2d46d204-2269-4ec6-aaef-d1b3955ebc7e","local_time":"20190223110218","is_ascension_mode":true,"campfire_choices":[{"data":"Shrug It Off","floor":7,"key":"SMITH"}],"neow_cost":"TEN_PERCENT_HP_LOSS","seed_source_timestamp":523398381748358,"circlet_count":0,"master_deck":["AscendersBane","Strike_R","Strike_R","Strike_R","Strike_R","Strike_R","Defend_R","Defend_R","Defend_R","Defend_R","Bash","Deep Breath","Magnetism+1","Shrug It Off+1","Metallicize","Inflame","Bloodletting","Cleave","Corruption","Good Instincts"],"relics":["Burning Blood","Pantograph","Singing Bowl","Boot"],"potions_floor_usage":[6,10,12],"damage_taken":[{"damage":0,"enemies":"Small Slimes","floor":1,"turns":3},{"damage":3,"enemies":"Cultist","floor":2,"turns":4},{"damage":0,"enemies":"Jaw Worm","floor":4,"turns":5},{"damage":28,"enemies":"Gremlin Nob","floor":6,"turns":5},{"damage":16,"enemies":"Blue Slaver","floor":8,"turns":4},{"damage":3,"enemies":"Lagavulin","floor":10,"turns":7},{"damage":42,"enemies":"Gremlin Nob","floor":12,"turns":5}],"seed_played":"-4781206511093891742","potions_obtained":[{"floor":1,"key":"SteroidPotion"},{"floor":8,"key":"Explosive Potion"}],"is_trial":false,"path_per_floor":["M","M","?","M","$","E","R","M","T","E","$","E"],"character_chosen":"IRONCLAD","items_purchased":["Block Potion","Energy Potion","Good Instincts"],"campfire_rested":0,"item_purchase_floors":[5,5,11],"current_hp_per_floor":[68,68,68,68,68,46,46,36,36,39,39,0],"gold":19,"neow_bonus":"RANDOM_COLORLESS_2","is_prod":false,"is_daily":false,"chose_seed":false,"campfire_upgraded":1,"win_rate":0,"timestamp":1550948538,"path_taken":["M","M","?","?","?","E","R","M","T","E","$","E"],"build_version":"2019-01-23","purchased_purges":0,"victory":false,"max_hp_per_floor":[68,68,68,68,68,68,68,68,68,68,68,68],"card_choices":[{"not_picked":["Armaments","Thunderclap"],"picked":"Shrug It Off","floor":1},{"not_picked":["Flame Barrier","True Grit"],"picked":"Metallicize","floor":2},{"not_picked":["Dual Wield","True Grit"],"picked":"Inflame","floor":4},{"not_picked":["Wild Strike","Sever Soul"],"picked":"Bloodletting","floor":6},{"not_picked":["Rampage","Heavy Blade"],"picked":"Cleave","floor":8},{"not_picked":["Whirlwind","Sentinel"],"picked":"Corruption","floor":10}],"player_experience":546661,"relics_obtained":[{"floor":6,"key":"Pantograph"},{"floor":9,"key":"Singing Bowl"},{"floor":10,"key":"Boot"}],"event_choices":[{"damage_healed":0,"gold_gain":0,"player_choice":"Upgraded","damage_taken":0,"max_hp_gain":0,"max_hp_loss":0,"event_name":"Upgrade Shrine","floor":3,"gold_loss":0,"cards_upgraded":["Magnetism"]}],"is_beta":false,"boss_relics":[],"items_purged_floors":[],"is_endless":false,"potions_floor_spawned":[1,8],"killed_by":"Gremlin Nob","ascension_level":16}