{"gold_per_floor":[110,110,123,123,123,123,140,8,31,45,45,59,75,91,91,186,186,204,204,221,18,28,28],"floor_reached":23,"playtime":1903,"items_purged":[],"score":194,"play_id":"04756f4f-7b3e-4d48-b234-fd38e7fb3be1","local_time":"20190222023338","is_ascension_mode":true,"campfire_choices":[{"data":"Flame Barrier","floor":6,"key":"SMITH"},{"data":"Shrug It Off","floor":15,"key":"SMITH"}],"neow_cost":"NONE","seed_source_timestamp":405747315796124,"circlet_count":0,"master_deck":["Strike_R","Strike_R","Strike_R","Strike_R","Strike_R","Defend_R","Defend_R","Defend_R","Defend_R","Bash","Dropkick","Flame Barrier+1","Armaments+1","Bludgeon","Cleave","Reaper","Shrug It Off+1","Battle Trance","Uppercut","Double Tap+1","Infernal Blade","Warcry","Thinking Ahead","Sentinel","Flex"],"relics":["Burning Blood","Happy Flower","Sundial","Bag of Preparation","Eternal Feather"],"potions_floor_usage":[16,23,23],"damage_taken":[{"damage":1,"enemies":"2 Louse","floor":1,"turns":3},{"damage":5,"enemies":"Small Slimes","floor":3,"turns":3},{"damage":1,"enemies":"Jaw Worm","floor":7,"turns":5},{"damage":3,"enemies":"3 Louse","floor":10,"turns":3},{"damage":12,"enemies":"Gremlin Gang","floor":12,"turns":6},{"damage":20,"enemies":"Looter","floor":13,"turns":3},{"damage":5,"enemies":"Lots of Slimes","floor":14,"turns":2},{"damage":61,"enemies":"Hexaghost","floor":16,"turns":11},{"damage":26,"enemies":"Shell Parasite","floor":18,"turns":5},{"damage":44,"enemies":"Spheric Guardian","floor":20,"turns":7},{"damage":23,"enemies":"Shelled Parasite and Fungi","floor":22,"turns":6},{"damage":22,"enemies":"Gremlin Leader","floor":23,"turns":2}],"seed_played":"2879264054115388824","potions_obtained":[{"floor":1,"key":"SneckoOil"},{"floor":3,"key":"Weak Potion"},{"floor":14,"key":"Poison Potion"},{"floor":20,"key":"SkillPotion"}],"is_trial":false,"path_per_floor":["M","?","M","?","?","R","M","$","T","M","?","M","M","M","R","B",null,"M","?","M","$","M","E"],"character_chosen":"IRONCLAD","items_purchased":["Bludgeon","Cleave","Thinking Ahead","Sentinel"],"campfire_rested":0,"item_purchase_floors":[8,8,21,21],"current_hp_per_floor":[80,77,78,78,83,83,85,85,85,85,85,85,71,85,85,30,85,65,65,27,27,10,0],"gold":28,"neow_bonus":"RANDOM_COMMON_RELIC","is_prod":false,"is_daily":false,"chose_seed":false,"campfire_upgraded":2,"win_rate":0,"timestamp":1550774018,"path_taken":["M","?","M","?","?","R","M","$","T","?","?","M","?","M","R","BOSS","M","?","M","$","M","E"],"build_version":"2019-01-23","purchased_purges":0,"victory":false,"max_hp_per_floor":[80,80,80,80,85,85,85,85,85,85,85,85,85,85,85,85,85,85,85,85,85,85,85],"card_choices":[{"not_picked":["Sentinel","Shockwave"],"picked":"Dropkick","floor":1},{"not_picked":["Heavy Blade","Anger"],"picked":"Flame Barrier","floor":3},{"not_picked":["Wild Strike","Anger"],"picked":"Armaments","floor":7},{"not_picked":["Pommel Strike","Cleave"],"picked":"Reaper","floor":10},{"not_picked":["Clothesline","True Grit"],"picked":"Shrug It Off","floor":12},{"not_picked":["Cleave","Searing Blow"],"picked":"Battle Trance","floor":13},{"not_picked":["Headbutt","Juggernaut"],"picked":"Uppercut","floor":14},{"not_picked":["Impervious","Barricade"],"picked":"Double Tap","floor":16},{"not_picked":["Perfected Strike","Iron Wave+1"],"picked":"Infernal Blade","floor":18},{"not_picked":["Headbutt","Clothesline"],"picked":"Warcry","floor":20},{"not_picked":["Warcry+1","Sever Soul"],"picked":"Flex","floor":22}],"player_experience":35895,"relics_obtained":[{"floor":9,"key":"Bag of Preparation"}],"event_choices":[{"damage_healed":0,"gold_gain":0,"player_choice":"Success","damage_taken":3,"relics_obtained":["Sundial"],"max_hp_gain":0,"max_hp_loss":0,"event_name":"Scrap Ooze","floor":2,"gold_loss":0},{"damage_healed":0,"gold_gain":0,"player_choice":"Leave","damage_taken":0,"max_hp_gain":0,"max_hp_loss":0,"event_name":"The Cleric","floor":4,"gold_loss":0},{"damage_healed":0,"gold_gain":0,"player_choice":"Donut","damage_taken":0,"max_hp_gain":5,"max_hp_loss":0,"event_name":"Big Fish","floor":5,"gold_loss":0},{"damage_healed":0,"gold_gain":0,"player_choice":"Upgraded","damage_taken":0,"max_hp_gain":0,"max_hp_loss":0,"event_name":"Upgrade Shrine","floor":11,"gold_loss":0,"cards_upgraded":["Armaments"]},{"damage_healed":0,"gold_gain":0,"player_choice":"Upgraded","damage_taken":0,"max_hp_gain":0,"max_hp_loss":0,"event_name":"Upgrade Shrine","floor":19,"gold_loss":0,"cards_upgraded":["Double Tap"]}],"is_beta":false,"boss_relics":[{"not_picked":["Mark of Pain","Philosopher\u0027s Stone"],"picked":"Eternal Feather"}],"items_purged_floors":[],"is_endless":false,"potions_floor_spawned":[1,3,14,20],"killed_by":"Gremlin Leader","ascension_level":1}