{"gold_per_floor":[359,14,33,33,33,33,48,48,48,10,10,23,36,55,55,154,154,172,112,124,0,14,14,24,57,83,283,299,310,22,41,41,41],"floor_reached":33,"playtime":3844,"items_purged":["Shame","Strike_G"],"score":343,"play_id":"8a84c354-7405-421d-87bd-86621b8cf4e7","local_time":"20190206010909","is_ascension_mode":true,"campfire_choices":[{"data":"Neutralize","floor":6,"key":"SMITH"},{"data":"Terror","floor":8,"key":"SMITH"},{"data":"Master of Strategy","floor":11,"key":"SMITH"},{"floor":15,"key":"REST"},{"floor":23,"key":"REST"},{"floor":32,"key":"REST"}],"neow_cost":"CURSE","seed_source_timestamp":356374012198223,"circlet_count":0,"master_deck":["Defend_G","Defend_G","Defend_G","Defend_G","Defend_G","Strike_G","Strike_G","Strike_G","Strike_G","Survivor","Neutralize+1","Terror+1","Leg Sweep","Infinite Blades","Master of Strategy+1","Backflip","Well Laid Plans","Backflip","Finisher","Adrenaline","Caltrops","Backflip+1","Noxious Fumes+1","Deadly Poison","Dash+1","Footwork","Dodge and Roll","Cloak And Dagger"],"relics":["Ring of the Serpent","Bottled Lightning","Bottled Flame","Bag of Marbles","FossilizedHelix"],"potions_floor_usage":[13,14,19,28,29,31,33,33],"damage_taken":[{"damage":5,"enemies":"Cultist","floor":1,"turns":4},{"damage":1,"enemies":"2 Louse","floor":3,"turns":4},{"damage":2,"enemies":"Jaw Worm","floor":7,"turns":3},{"damage":0,"enemies":"Red Slaver","floor":12,"turns":4},{"damage":27,"enemies":"Gremlin Gang","floor":13,"turns":8},{"damage":21,"enemies":"Lots of Slimes","floor":14,"turns":11},{"damage":37,"enemies":"Slime Boss","floor":16,"turns":14},{"damage":0,"enemies":"Chosen","floor":18,"turns":6},{"damage":13,"enemies":"2 Thieves","floor":19,"turns":4},{"damage":41,"enemies":"3 Cultists","floor":20,"turns":9},{"damage":2,"enemies":"Chosen and Byrds","floor":22,"turns":7},{"damage":9,"enemies":"Cultist and Chosen","floor":24,"turns":8},{"damage":0,"enemies":"Slavers","floor":25,"turns":7},{"damage":12,"enemies":"Snake Plant","floor":28,"turns":5},{"damage":0,"enemies":"Centurion and Healer","floor":29,"turns":8},{"damage":0,"enemies":"Snecko","floor":31,"turns":5},{"damage":44,"enemies":"Champ","floor":33,"turns":13}],"seed_played":"1937183756533933485","potions_obtained":[{"floor":4,"key":"Block Potion"},{"floor":4,"key":"Weak Potion"},{"floor":4,"key":"Regen Potion"},{"floor":13,"key":"Energy Potion"},{"floor":16,"key":"Block Potion"},{"floor":28,"key":"SpeedPotion"},{"floor":29,"key":"Strength Potion"},{"floor":31,"key":"SkillPotion"}],"is_trial":false,"path_per_floor":["M","$","M","?","$","R","M","R","T","$","R","M","M","M","R","B",null,"M","M","M","$","M","R","M","E","T","?","M","M","$","M","R","B"],"character_chosen":"THE_SILENT","items_purchased":["Leg Sweep","Infinite Blades","Master of Strategy","Well Laid Plans","Deadly Poison","FossilizedHelix"],"campfire_rested":3,"item_purchase_floors":[2,2,2,10,21,30],"current_hp_per_floor":[65,65,64,64,64,64,62,62,62,62,62,62,35,29,50,13,70,70,57,16,16,14,35,26,26,26,26,14,14,14,14,35,0],"gold":41,"neow_bonus":"TWO_FIFTY_GOLD","is_prod":false,"is_daily":false,"chose_seed":false,"campfire_upgraded":3,"win_rate":0,"timestamp":1549411749,"path_taken":["M","$","?","?","?","R","?","R","T","?","R","M","M","M","R","BOSS","M","?","?","?","M","R","M","E","T","?","M","?","?","M","R","BOSS"],"build_version":"2019-01-23","purchased_purges":2,"victory":false,"max_hp_per_floor":[70,70,70,70,70,70,70,70,70,70,70,70,70,70,70,70,70,70,70,70,70,70,70,70,70,70,70,70,70,70,70,70,70],"card_choices":[{"not_picked":["Flying Knee","Quick Slash"],"picked":"Terror","floor":1},{"not_picked":["Flying Knee","Slice","Prepared"],"picked":"SKIP","floor":3},{"not_picked":["Heel Hook","Dagger Spray"],"picked":"Backflip","floor":7},{"not_picked":["Dagger Spray","Finisher"],"picked":"Backflip","floor":12},{"not_picked":["Riddle With Holes","Masterful Stab","Outmaneuver"],"picked":"SKIP","floor":13},{"not_picked":["Deadly Poison","Sucker Punch"],"picked":"Finisher","floor":14},{"not_picked":["Grand Finale","Wraith Form v2"],"picked":"Adrenaline","floor":16},{"not_picked":["Poisoned Stab","Sucker Punch"],"picked":"Caltrops","floor":18},{"not_picked":["Accuracy","Finisher"],"picked":"Backflip+1","floor":19},{"not_picked":["Sucker Punch","Flechettes"],"picked":"Noxious Fumes+1","floor":20},{"not_picked":["Poisoned Stab","Outmaneuver","Expertise"],"picked":"SKIP","floor":22},{"not_picked":["Masterful Stab+1","Reflex"],"picked":"Dash+1","floor":24},{"not_picked":["Predator+1","Caltrops","Well Laid Plans"],"picked":"SKIP","floor":25},{"not_picked":["Deadly Poison","Caltrops+1"],"picked":"Footwork","floor":28},{"not_picked":["Doppelganger","Well Laid Plans+1"],"picked":"Dodge and Roll","floor":29},{"not_picked":["Dodge and Roll","Blade Dance+1"],"picked":"Cloak And Dagger","floor":31}],"player_experience":348561,"relics_obtained":[{"floor":9,"key":"Bottled Lightning"},{"floor":25,"key":"Bottled Flame"},{"floor":26,"key":"Bag of Marbles"}],"event_choices":[{"damage_healed":0,"gold_gain":0,"player_choice":"Got Potions","damage_taken":0,"max_hp_gain":0,"max_hp_loss":0,"event_name":"Lab","floor":4,"gold_loss":0},{"damage_healed":0,"gold_gain":200,"player_choice":"Gold","damage_taken":0,"max_hp_gain":0,"max_hp_loss":0,"event_name":"Wheel of Change","floor":27,"gold_loss":0}],"is_beta":false,"boss_relics":[{"not_picked":["Orrery","Astrolabe"],"picked":"Ring of the Serpent"}],"items_purged_floors":[2,21],"is_endless":false,"potions_floor_spawned":[7,13,16,18,28,29,31],"killed_by":"Champ","ascension_level":4}