{"gold_per_floor":[117,137,137,147,30,30,41,66,113,148,148,166,11,23,23,100,100,117,136,136,149,162,162,181,181,181,181,181,199,60,60],"floor_reached":31,"playtime":1126,"items_purged":["Strike_R","Strike_R"],"score":461,"play_id":"52f05388-5d3a-468b-9ab3-4934e63d7838","local_time":"20181113005736","is_ascension_mode":true,"campfire_choices":[{"data":"Uppercut","floor":6,"key":"SMITH"},{"data":"True Grit","floor":11,"key":"SMITH"},{"data":"Whirlwind","floor":15,"key":"SMITH"},{"floor":23,"key":"REST"},{"floor":25,"key":"REST"},{"floor":27,"key":"REST"}],"neow_cost":"NONE","seed_source_timestamp":214320151517737,"circlet_count":0,"master_deck":["AscendersBane","Strike_R","Strike_R+1","Strike_R+1","Defend_R","Defend_R","Defend_R","Defend_R","Bash","Cleave","Power Through","Flame Barrier","Uppercut+1","Shrug It Off","True Grit+1","Battle Trance","Whirlwind+1","Barricade+1","Evolve","Metallicize","Disarm","Ghostly Armor"],"relics":["Philosopher\u0027s Stone","Shuriken","Whetstone","Orichalcum","Sozu","Pantograph"],"potions_floor_usage":[16,18],"damage_taken":[{"damage":10,"enemies":"Small Slimes","floor":1,"turns":4},{"damage":2,"enemies":"Cultist","floor":2,"turns":3},{"damage":0,"enemies":"Jaw Worm","floor":4,"turns":2},{"damage":3,"enemies":"3 Louse","floor":7,"turns":3},{"damage":16,"enemies":"3 Sentries","floor":8,"turns":9},{"damage":2,"enemies":"Lagavulin","floor":10,"turns":6},{"damage":0,"enemies":"Large Slime","floor":12,"turns":5},{"damage":0,"enemies":"Looter","floor":14,"turns":4},{"damage":30,"enemies":"The Guardian","floor":16,"turns":12},{"damage":0,"enemies":"3 Byrds","floor":18,"turns":2},{"damage":27,"enemies":"Spheric Guardian","floor":19,"turns":6},{"damage":23,"enemies":"Snecko","floor":21,"turns":6},{"damage":9,"enemies":"Centurion and Healer","floor":22,"turns":8},{"damage":7,"enemies":"Snake Plant","floor":24,"turns":6},{"damage":32,"enemies":"Shelled Parasite and Fungi","floor":29,"turns":5},{"damage":31,"enemies":"Slavers","floor":31,"turns":1}],"seed_played":"5163470136954422969","potions_obtained":[{"floor":7,"key":"FearPotion"},{"floor":8,"key":"SteroidPotion"},{"floor":12,"key":"Regen Potion"},{"floor":16,"key":"LiquidBronze"}],"is_trial":false,"path_per_floor":["M","M","?","M","$","R","M","E","T","E","R","M","$","M","R","B",null,"M","M","?","M","M","R","M","R","T","R","?","M","$","E"],"character_chosen":"IRONCLAD","items_purchased":["Uppercut","Shrug It Off","Battle Trance","Ghostly Armor"],"campfire_rested":3,"item_purchase_floors":[5,5,13,30],"current_hp_per_floor":[58,56,56,56,56,56,53,37,37,35,35,35,35,35,35,20,61,61,34,34,11,2,24,17,39,39,61,61,29,29,0],"gold":60,"neow_bonus":"BOSS_RELIC","is_prod":false,"is_daily":false,"chose_seed":false,"campfire_upgraded":3,"win_rate":0,"timestamp":1542067056,"path_taken":["M","M","?","M","$","R","M","E","T","E","R","M","$","M","R","BOSS","M","M","?","?","M","R","M","R","T","R","?","M","$","E"],"build_version":"2018-11-08","purchased_purges":2,"victory":false,"max_hp_per_floor":[75,75,75,75,75,75,75,75,75,75,75,75,75,75,75,75,75,75,75,75,75,75,75,75,75,75,75,75,75,75,75],"card_choices":[{"not_picked":["Pommel Strike","Body Slam"],"picked":"Cleave","floor":1},{"not_picked":["Hemokinesis","Armaments"],"picked":"Power Through","floor":2},{"not_picked":["Cleave","Iron Wave"],"picked":"Flame Barrier","floor":4},{"not_picked":["Perfected Strike","Heavy Blade","Wild Strike"],"picked":"SKIP","floor":7},{"not_picked":["Wild Strike","Pummel"],"picked":"True Grit","floor":8},{"not_picked":["Havoc","Uppercut","True Grit"],"picked":"SKIP","floor":10},{"not_picked":["Body Slam","Second Wind","Spot Weakness"],"picked":"SKIP","floor":12},{"not_picked":["Flex","Clothesline"],"picked":"Whirlwind","floor":14},{"not_picked":["Fiend Fire","Bludgeon"],"picked":"Barricade","floor":16},{"not_picked":["Bloodletting","Twin Strike","Havoc"],"picked":"SKIP","floor":18},{"not_picked":["Hemokinesis","Flex"],"picked":"Evolve","floor":19},{"not_picked":["Spot Weakness","Clash","Cleave"],"picked":"SKIP","floor":21},{"not_picked":["Cleave","Rupture"],"picked":"Metallicize","floor":22},{"not_picked":["Feel No Pain+1","Warcry","Juggernaut"],"picked":"SKIP","floor":24},{"not_picked":["Dropkick","Headbutt"],"picked":"Disarm","floor":29}],"player_experience":651423,"relics_obtained":[{"floor":8,"key":"Shuriken"},{"floor":9,"key":"Whetstone"},{"floor":10,"key":"Orichalcum"},{"floor":26,"key":"Pantograph"}],"event_choices":[{"damage_healed":0,"gold_gain":0,"player_choice":"Fled","damage_taken":0,"max_hp_gain":0,"max_hp_loss":0,"event_name":"Scrap Ooze","floor":3,"gold_loss":0},{"damage_healed":0,"gold_gain":0,"player_choice":"Forge","damage_taken":0,"max_hp_gain":0,"max_hp_loss":0,"event_name":"Accursed Blacksmith","floor":20,"gold_loss":0,"cards_upgraded":["Barricade"]},{"damage_healed":0,"gold_gain":0,"player_choice":"Ignored","damage_taken":0,"max_hp_gain":0,"max_hp_loss":0,"event_name":"Ghosts","floor":28,"gold_loss":0}],"is_beta":false,"boss_relics":[{"not_picked":["Lizard Tail","Empty Cage"],"picked":"Sozu"}],"items_purged_floors":[13,30],"is_endless":false,"potions_floor_spawned":[7,8,12,16,19,24],"killed_by":"Slavers","ascension_level":17}