{"gold_per_floor":[110,122,32,32,47,47,81,81,108,108,120,138,138,170,170,242,242,242,242,242],"floor_reached":20,"playtime":7458,"items_purged":[],"score":350,"play_id":"93f8a352-6d8a-4b38-bb68-9b39e5f80db4","local_time":"20190127191222","is_ascension_mode":true,"campfire_choices":[{"data":"Poisoned Stab","floor":6.0,"key":"SMITH"},{"data":"Noxious Fumes","floor":8.0,"key":"SMITH"},{"floor":10.0,"key":"REST"},{"data":"Bandage Up","floor":13,"key":"SMITH"},{"data":"Caltrops","floor":15,"key":"SMITH"}],"neow_cost":"PERCENT_DAMAGE","seed_source_timestamp":6930300894497,"circlet_count":0,"master_deck":["AscendersBane","Defend_G","Defend_G","Defend_G","Defend_G","Defend_G","Strike_G","Strike_G","Strike_G","Strike_G","Strike_G","Survivor","Neutralize","Bandage Up+1","Thinking Ahead","Backstab","Well Laid Plans","Poisoned Stab+1","Noxious Fumes+1","Caltrops+1","All Out Attack","Footwork","Adrenaline","Leg Sweep+1","Deflect"],"special_seed":0,"relics":["Ring of the Snake","Strawberry","Regal Pillow","Letter Opener","Ectoplasm"],"potions_floor_usage":[16,20],"damage_taken":[{"damage":2.0,"enemies":"Jaw Worm","floor":1.0,"turns":8.0},{"damage":1.0,"enemies":"Cultist","floor":2.0,"turns":3.0},{"damage":7.0,"enemies":"Small Slimes","floor":5.0,"turns":4.0},{"damage":44.0,"enemies":"Gremlin Nob","floor":7.0,"turns":5.0},{"damage":8,"enemies":"3 Louse","floor":11,"turns":3},{"damage":2,"enemies":"2 Fungi Beasts","floor":12,"turns":4},{"damage":30,"enemies":"3 Sentries","floor":14,"turns":7},{"damage":17,"enemies":"Hexaghost","floor":16,"turns":9},{"damage":34,"enemies":"Chosen","floor":18,"turns":6},{"damage":20,"enemies":"Shell Parasite","floor":19,"turns":4},{"damage":22,"enemies":"Snake Plant","floor":20,"turns":1}],"seed_played":"-2296218325482646782","potions_obtained":[{"floor":2.0,"key":"LiquidBronze"},{"floor":5.0,"key":"Dexterity Potion"},{"floor":19,"key":"PowerPotion"}],"is_trial":false,"path_per_floor":["M","M","$","?","M","R","E","R","T","R","M","M","R","E","R","B",null,"M","M","M"],"character_chosen":"THE_SILENT","items_purchased":["Well Laid Plans"],"campfire_rested":1,"item_purchase_floors":[3],"current_hp_per_floor":[46,49,49,66,59,59,26,26,26,62,58,60,60,36,36,25,61,33,19,0],"gold":242,"neow_bonus":"RANDOM_COLORLESS_2","is_prod":false,"is_daily":false,"chose_seed":false,"campfire_upgraded":4,"win_rate":0,"timestamp":1548612742,"path_taken":["M","M","$","?","M","R","E","R","T","R","M","M","R","E","R","BOSS","M","M","M"],"build_version":"2019-01-23","purchased_purges":0,"victory":false,"max_hp_per_floor":[66,66,66,66,66,66,73,73,73,73,73,73,73,73,73,73,73,73,73,73],"card_choices":[{"not_picked":["Cloak And Dagger","Bane"],"picked":"Backstab","floor":1.0},{"not_picked":["Bane","Outmaneuver","Blade Dance"],"picked":"SKIP","floor":2.0},{"not_picked":["Flying Knee","PiercingWail"],"picked":"Poisoned Stab","floor":5.0},{"not_picked":["Setup","Outmaneuver"],"picked":"Noxious Fumes","floor":7.0},{"not_picked":["Terror","Infinite Blades"],"picked":"Caltrops","floor":11},{"not_picked":["Flying Knee","Accuracy"],"picked":"All Out Attack","floor":12},{"not_picked":["Blur","Poisoned Stab"],"picked":"Footwork","floor":14},{"not_picked":["After Image","Night Terror"],"picked":"Adrenaline","floor":16},{"not_picked":["Cloak And Dagger","Masterful Stab+1"],"picked":"Leg Sweep+1","floor":18},{"not_picked":["Setup","Acrobatics"],"picked":"Deflect","floor":19}],"player_experience":924089,"relics_obtained":[{"floor":7.0,"key":"Strawberry"},{"floor":9.0,"key":"Regal Pillow"},{"floor":14,"key":"Letter Opener"}],"event_choices":[{"damage_healed":17.0,"max_hp_gain":0.0,"max_hp_loss":0.0,"gold_gain":0.0,"event_name":"Wheel of Change","player_choice":"Full Heal","floor":4.0,"gold_loss":0.0,"damage_taken":0.0}],"is_beta":false,"boss_relics":[{"not_picked":["Pandora\u0027s Box","Black Star"],"picked":"Ectoplasm"}],"items_purged_floors":[],"is_endless":false,"potions_floor_spawned":[2,5,7,14,19],"killed_by":"Snake Plant","ascension_level":18}