{"gold_per_floor":[117,67,67,83,103,103,134,134,134,160,181,193,193,223,235,325,337,360,297,297,7,7,33,45,60,83,117,217,249,249,268,268,347,347,367,367,379,460,480,480,498,514,541,568,568,598,613,648,648,648],"floor_reached":51,"playtime":2726,"items_purged":["Defend_R"],"score":1581,"play_id":"014adeea-a727-4416-aa67-e1b5d77b98a5","local_time":"20190130165700","is_ascension_mode":true,"campfire_choices":[{"data":"Perfected Strike","floor":6.0,"key":"SMITH"},{"data":"Perfected Strike","floor":8.0,"key":"SMITH"},{"data":"Armaments","floor":15.0,"key":"SMITH"},{"data":"Perfected Strike","floor":30,"key":"SMITH"},{"data":"Perfected Strike","floor":32,"key":"SMITH"},{"data":"Perfected Strike","floor":40,"key":"SMITH"},{"data":"Offering","floor":45,"key":"SMITH"},{"floor":49,"key":"REST"}],"neow_cost":"NONE","seed_source_timestamp":8527449271667,"circlet_count":0,"master_deck":["AscendersBane","Strike_R+1","Strike_R+1","Strike_R+1","Strike_R+1","Strike_R+1","Defend_R+1","Defend_R+1","Defend_R+1","Bash","Perfected Strike+1","Bloodletting+1","Shrug It Off","Perfected Strike+1","Wild Strike","Pommel Strike","Armaments+1","Perfected Strike+1","Offering+1","Perfected Strike+1","Wild Strike","Wild Strike","Offering","Disarm","Pommel Strike","Offering+1","Ghostly Armor+1","Warcry+1","Twin Strike","Impervious+1","Battle Trance+1","Perfected Strike+1","Headbutt+1","Perfected Strike+1","Thunderclap","Perfected Strike","Disarm+1","Disarm+1"],"special_seed":0,"relics":["Burning Blood","StoneCalendar","Gambling Chip","Mercury Hourglass","Odd Mushroom","MawBank","Orrery","PreservedInsect","Gremlin Horn","Regal Pillow","Dream Catcher","Unceasing Top","Toxic Egg 2","Meat on the Bone","Sozu","Matryoshka","Blood Vial","Juzu Bracelet","War Paint","Red Skull","Anchor"],"potions_floor_usage":[31,33,50],"damage_taken":[{"damage":14.0,"enemies":"Jaw Worm","floor":1.0,"turns":7.0},{"damage":3.0,"enemies":"Small Slimes","floor":4.0,"turns":4.0},{"damage":0.0,"enemies":"2 Louse","floor":5.0,"turns":3.0},{"damage":38.0,"enemies":"Lagavulin","floor":7.0,"turns":6.0},{"damage":16.0,"enemies":"Gremlin Nob","floor":10.0,"turns":3.0},{"damage":9.0,"enemies":"The Mushroom Lair","floor":11.0,"turns":3.0},{"damage":3.0,"enemies":"Large Slime","floor":12.0,"turns":1.0},{"damage":5.0,"enemies":"3 Sentries","floor":14.0,"turns":5.0},{"damage":39,"enemies":"Slime Boss","floor":16,"turns":7},{"damage":4,"enemies":"Chosen","floor":18,"turns":3},{"damage":6,"enemies":"Gremlin Leader","floor":23,"turns":3},{"damage":6,"enemies":"2 Thieves","floor":24,"turns":1},{"damage":6,"enemies":"Shelled Parasite and Fungi","floor":25,"turns":2},{"damage":3,"enemies":"Slavers","floor":27,"turns":1},{"damage":6,"enemies":"Colosseum Slavers","floor":28,"turns":2},{"damage":12,"enemies":"Colosseum Nobs","floor":28,"turns":2},{"damage":6,"enemies":"Gremlin Leader","floor":29,"turns":3},{"damage":6,"enemies":"Snecko","floor":31,"turns":3},{"damage":39,"enemies":"Automaton","floor":33,"turns":6},{"damage":0,"enemies":"3 Shapes","floor":35,"turns":2},{"damage":16,"enemies":"3 Darklings","floor":37,"turns":3},{"damage":6,"enemies":"Maw","floor":39,"turns":4},{"damage":11,"enemies":"Spire Growth","floor":41,"turns":4},{"damage":6,"enemies":"Jaw Worm Horde","floor":42,"turns":1},{"damage":6,"enemies":"Nemesis","floor":44,"turns":1},{"damage":6,"enemies":"Reptomancer","floor":46,"turns":1},{"damage":8,"enemies":"4 Shapes","floor":47,"turns":2},{"damage":6,"enemies":"Nemesis","floor":48,"turns":3},{"damage":78,"enemies":"Awakened One","floor":50,"turns":9}],"seed_played":"-4810185443186349134","potions_obtained":[{"floor":4.0,"key":"Strength Potion"},{"floor":11.0,"key":"FearPotion"},{"floor":12.0,"key":"SteroidPotion"},{"floor":14.0,"key":"Dexterity Potion"},{"floor":24,"key":"SteroidPotion"},{"floor":31,"key":"Fire Potion"}],"is_trial":false,"path_per_floor":["?","?","?","M","?","?","?","M","?","?","M","T","M","M"],"character_chosen":"IRONCLAD","items_purchased":["Offering","PreservedInsect"],"campfire_rested":1,"item_purchase_floors":[21,21],"current_hp_per_floor":[64,64,64,67,73,73,41,41,41,31,28,31,57,58,58,25,66,68,68,68,68,68,68,68,68,68,71,65,65,65,65,65,44,71,77,77,67,67,67,67,62,62,62,64,64,66,66,68,80,20],"gold":648,"neow_bonus":"ONE_RANDOM_RARE_CARD","is_prod":false,"is_daily":false,"chose_seed":false,"campfire_upgraded":7,"win_rate":0,"timestamp":1548838620,"path_taken":["M","?","?","M","M","R","E","R","T","E","?","?","?","E","R","BOSS","M","$","?","$","?","E","M","?","T","E","?","E","R","M","R","BOSS","M","?","?","?","?","R","?","M","T","E","R","E","M","E","R","BOSS"],"build_version":"2019-01-23","purchased_purges":1,"victory":true,"max_hp_per_floor":[80,80,80,80,80,80,80,80,80,80,80,80,80,80,80,80,80,80,80,80,80,80,80,80,80,80,80,80,80,80,80,80,80,80,80,80,80,80,80,80,80,80,80,80,80,80,80,80,80,80],"card_choices":[{"not_picked":["Twin Strike","Spot Weakness"],"picked":"Perfected Strike","floor":1.0},{"not_picked":["Dual Wield","Body Slam"],"picked":"Bloodletting","floor":4.0},{"not_picked":["Headbutt","Clash"],"picked":"Shrug It Off","floor":5.0},{"not_picked":["Whirlwind","Infernal Blade"],"picked":"Perfected Strike","floor":7.0},{"not_picked":["Bloodletting","Pummel"],"picked":"Wild Strike","floor":10.0},{"not_picked":["Dual Wield","Limit Break"],"picked":"Pommel Strike","floor":11.0},{"not_picked":["Clothesline","Havoc"],"picked":"Armaments","floor":12.0},{"not_picked":["Headbutt","Combust"],"picked":"Perfected Strike","floor":14.0},{"not_picked":["Fiend Fire","Demon Form"],"picked":"Offering","floor":16},{"not_picked":["Clash","Wild Strike"],"picked":"Perfected Strike","floor":17},{"not_picked":["Armaments","Body Slam"],"picked":"Wild Strike","floor":17},{"not_picked":["Cleave","True Grit+1"],"picked":"Wild Strike","floor":18},{"not_picked":["Juggernaut","Metallicize"],"picked":"Disarm","floor":23},{"not_picked":["Bloodletting","Shrug It Off"],"picked":"Pommel Strike","floor":24},{"not_picked":["Iron Wave+1","Fiend Fire","Havoc"],"picked":"SKIP","floor":25},{"not_picked":["Flex","Headbutt"],"picked":"Offering","floor":27},{"not_picked":["Clash","Heavy Blade"],"picked":"Ghostly Armor","floor":28},{"not_picked":["Anger","Iron Wave+1"],"picked":"Warcry+1","floor":29},{"not_picked":["Heavy Blade","Rupture"],"picked":"Twin Strike","floor":31},{"not_picked":["Feed","Offering+1"],"picked":"Impervious+1","floor":33},{"not_picked":["Inflame","True Grit+1"],"picked":"Battle Trance+1","floor":35},{"not_picked":["Rampage","Warcry+1"],"picked":"Headbutt+1","floor":37},{"not_picked":["Clothesline","Heavy Blade"],"picked":"Perfected Strike","floor":39},{"not_picked":["Clash","Berserk","Sword Boomerang"],"picked":"SKIP","floor":41},{"not_picked":["Ghostly Armor+1","Thunderclap","Sword Boomerang"],"picked":"SKIP","floor":42},{"not_picked":["Combust","Burning Pact+1","Fire Breathing+1"],"picked":"SKIP","floor":44},{"not_picked":["Inflame+1","Warcry+1"],"picked":"Thunderclap","floor":46},{"not_picked":["Havoc+1","Rampage+1"],"picked":"Perfected Strike","floor":47},{"not_picked":["Combust+1","Armaments+1"],"picked":"Disarm+1","floor":48},{"not_picked":["True Grit+1","Entrench+1"],"picked":"Disarm+1","floor":49}],"player_experience":150788,"relics_obtained":[{"floor":7.0,"key":"StoneCalendar"},{"floor":9.0,"key":"Gambling Chip"},{"floor":10.0,"key":"Mercury Hourglass"},{"floor":11.0,"key":"Odd Mushroom"},{"floor":14.0,"key":"MawBank"},{"floor":23,"key":"Gremlin Horn"},{"floor":26,"key":"Regal Pillow"},{"floor":27,"key":"Dream Catcher"},{"floor":28,"key":"Unceasing Top"},{"floor":28,"key":"Toxic Egg 2"},{"floor":29,"key":"Meat on the Bone"},{"floor":38,"key":"Matryoshka"},{"floor":43,"key":"Blood Vial"},{"floor":43,"key":"Juzu Bracelet"},{"floor":44,"key":"War Paint"},{"floor":46,"key":"Red Skull"},{"floor":48,"key":"Anchor"}],"event_choices":[{"cards_removed":["Barricade"],"damage_healed":0.0,"max_hp_gain":0.0,"max_hp_loss":0.0,"gold_gain":0.0,"event_name":"The Cleric","player_choice":"Card Removal","floor":2.0,"gold_loss":50.0,"damage_taken":0.0},{"damage_healed":0.0,"max_hp_gain":0.0,"max_hp_loss":0.0,"gold_gain":0.0,"event_name":"Liars Game","player_choice":"Ignored","floor":3.0,"gold_loss":0.0,"damage_taken":0.0},{"damage_healed":0.0,"max_hp_gain":0.0,"max_hp_loss":0.0,"gold_gain":0.0,"event_name":"Mushrooms","player_choice":"Fought Mushrooms","floor":11.0,"gold_loss":0.0,"damage_taken":0.0},{"damage_healed":26.0,"max_hp_gain":0.0,"max_hp_loss":0.0,"gold_gain":0.0,"event_name":"Big Fish","player_choice":"Banana","floor":13.0,"gold_loss":0.0,"damage_taken":0.0},{"damage_healed":0,"gold_gain":0,"player_choice":"Simplicity","damage_taken":0,"max_hp_gain":0,"max_hp_loss":0,"event_name":"Back to Basics","floor":20,"gold_loss":0,"cards_upgraded":["Strike_R","Strike_R","Strike_R","Strike_R","Strike_R","Defend_R","Defend_R","Defend_R"]},{"damage_healed":0,"gold_gain":0,"player_choice":"Ignored","damage_taken":0,"max_hp_gain":0,"max_hp_loss":0,"event_name":"Beggar","floor":22,"gold_loss":0},{"damage_healed":0,"gold_gain":0,"player_choice":"Fight","damage_taken":0,"max_hp_gain":0,"max_hp_loss":0,"event_name":"Colosseum","floor":28,"gold_loss":0},{"damage_healed":0,"gold_gain":0,"player_choice":"Fought Nobs","damage_taken":0,"max_hp_gain":0,"max_hp_loss":0,"event_name":"Colosseum","floor":28,"gold_loss":0},{"damage_healed":0,"gold_gain":0,"player_choice":"Copied","damage_taken":0,"max_hp_gain":0,"max_hp_loss":0,"event_name":"Duplicator","floor":36,"gold_loss":0,"cards_obtained":["Perfected Strike"]}],"is_beta":false,"boss_relics":[{"not_picked":["Busted Crown","White Beast Statue"],"picked":"Orrery"},{"not_picked":["Astrolabe","Lizard Tail"],"picked":"Sozu"}],"items_purged_floors":[19],"is_endless":false,"potions_floor_spawned":[4,11,12,14,24,25,29,31,37,42,47,48],"ascension_level":13}