{"gold_per_floor":[113,1,20,20,20,53,53,78,78,78,97,97,127,142,142,238,238,249,56,74,74,344,371,383,383,431,431,442,442,470,188,188,291,291,310,355,355,375,475,475,64,97,120,120,0,0,11,40,40,40],"floor_reached":51,"playtime":3588,"items_purged":["Clumsy","Defend_B","Defend_B"],"score":880,"play_id":"252367fa-a7b1-4911-9b54-104b4b6d232d","local_time":"20190213104818","is_ascension_mode":true,"campfire_choices":[{"data":"Zap","floor":7.0,"key":"SMITH"},{"data":"Hologram","floor":10.0,"key":"SMITH"},{"data":"Reinforced Body","floor":12.0,"key":"SMITH"},{"data":"Glacier","floor":15.0,"key":"SMITH"},{"data":"Apotheosis","floor":25.0,"key":"SMITH"},{"data":"Fusion","floor":27.0,"key":"SMITH"},{"data":"Conserve Battery","floor":29.0,"key":"SMITH"},{"data":"Magnetism","floor":32.0,"key":"SMITH"},{"floor":40.0,"key":"DIG"},{"floor":44.0,"key":"DIG"},{"floor":46.0,"key":"REST"},{"floor":49.0,"key":"REST"}],"neow_cost":"CURSE","seed_source_timestamp":0,"circlet_count":0,"master_deck":["Defend_B","Defend_B","Zap+1","Dualcast+1","Reinforced Body+1","Glacier+1","Hologram+1","Conserve Battery+1","Leap","Sunder","Meteor Strike","Fusion+1","Apotheosis+1","Bite","Bite","Bite","Bite","Bite","Injury","Ball Lightning","Magnetism+1","Meteor Strike","Skim+1","Shame"],"special_seed":0,"relics":["Cracked Core","Dodecahedron","Darkstone Periapt","Sundial","Dream Catcher","Cursed Key","Mercury Hourglass","Potion Belt","Juzu Bracelet","Busted Crown","Shovel","Prayer Wheel","Happy Flower","Thread and Needle","Shuriken","Lantern","Bag of Preparation","Red Mask","Bottled Flame"],"potions_floor_usage":[50,50],"damage_taken":[{"damage":1.0,"enemies":"Cultist","floor":1.0,"turns":3.0},{"damage":0.0,"enemies":"Small Slimes","floor":3.0,"turns":3.0},{"damage":11.0,"enemies":"3 Sentries","floor":6.0,"turns":10.0},{"damage":23.0,"enemies":"Gremlin Nob","floor":8.0,"turns":4.0},{"damage":0.0,"enemies":"Jaw Worm","floor":11.0,"turns":4.0},{"damage":0.0,"enemies":"3 Sentries","floor":13.0,"turns":11.0},{"damage":6.0,"enemies":"Large Slime","floor":14.0,"turns":4.0},{"damage":24.0,"enemies":"Slime Boss","floor":16.0,"turns":13.0},{"damage":1.0,"enemies":"2 Thieves","floor":18.0,"turns":3.0},{"damage":0.0,"enemies":"Chosen","floor":20.0,"turns":4.0},{"damage":28.0,"enemies":"Gremlin Leader","floor":23.0,"turns":9.0},{"damage":0.0,"enemies":"Centurion and Healer","floor":24.0,"turns":10.0},{"damage":0.0,"enemies":"Snake Plant","floor":28.0,"turns":3.0},{"damage":32.0,"enemies":"Slavers","floor":30.0,"turns":8.0},{"damage":37.0,"enemies":"Champ","floor":33.0,"turns":11.0},{"damage":0.0,"enemies":"3 Shapes","floor":35.0,"turns":4.0},{"damage":71.0,"enemies":"2 Orb Walkers","floor":36.0,"turns":6.0},{"damage":7.0,"enemies":"Orb Walker","floor":38.0,"turns":3.0},{"damage":0.0,"enemies":"Mind Bloom Boss Battle","floor":39.0,"turns":4.0},{"damage":60.0,"enemies":"Giant Head","floor":42.0,"turns":9.0},{"damage":0.0,"enemies":"Writhing Mass","floor":47.0,"turns":6.0},{"damage":17.0,"enemies":"Nemesis","floor":48.0,"turns":9.0},{"damage":58,"enemies":"Awakened One","floor":50,"turns":10}],"seed_played":"-8361362604823331710","potions_obtained":[{"floor":1.0,"key":"SteroidPotion"},{"floor":3.0,"key":"SteroidPotion"},{"floor":11.0,"key":"Fire Potion"},{"floor":14.0,"key":"FairyPotion"},{"floor":20.0,"key":"Block Potion"},{"floor":24.0,"key":"Strength Potion"},{"floor":28.0,"key":"AttackPotion"},{"floor":38.0,"key":"Block Potion"},{"floor":42.0,"key":"FearPotion"},{"floor":47.0,"key":"Energy Potion"}],"is_trial":false,"path_per_floor":["M","$","M","?","?","E","R","E","T","R","M","R","E","M","R","B",null,"M","$","M","?","?","E","M","R","T","R","M","R","E","$","R","B",null,"M","?","?","M","?","R","$","E","T","R","?","R","M","E","R","B",null],"character_chosen":"DEFECT","items_purchased":["Glacier","Apotheosis","Magnetism","Thread and Needle"],"campfire_rested":2,"item_purchase_floors":[2,19,31,41],"current_hp_per_floor":[88,88,88,88,70,59,59,36,36,36,36,36,36,30,30,6,89,88,88,88,62,38,34,62,62,68,68,68,68,54,54,54,49,68,68,15,59,58,59,59,59,22,28,28,28,47,64,48,65,36],"gold":40,"neow_bonus":"TWENTY_PERCENT_HP_BONUS","is_prod":false,"is_daily":false,"chose_seed":false,"campfire_upgraded":8,"win_rate":1,"timestamp":1550051298,"path_taken":["M","$","M","?","?","E","R","E","T","R","M","R","E","M","R","BOSS","M","$","M","?","?","E","M","R","T","R","M","R","E","$","R","BOSS","M","?","?","M","?","R","$","E","T","R","?","R","M","E","R","BOSS"],"build_version":"2019-02-06","purchased_purges":3,"victory":true,"max_hp_per_floor":[89,89,89,89,89,89,89,89,89,89,89,89,89,89,89,89,89,89,89,89,62,62,62,62,62,68,68,68,68,68,68,68,68,68,68,68,59,59,59,59,59,59,65,65,65,65,65,65,65,65],"card_choices":[{"not_picked":["Beam Cell","Turbo"],"picked":"Reinforced Body","floor":1.0},{"not_picked":["BootSequence","Reinforced Body"],"picked":"Hologram","floor":3.0},{"not_picked":["Aggregate","Heatsinks"],"picked":"Conserve Battery","floor":6.0},{"not_picked":["Chaos","Beam Cell"],"picked":"Leap","floor":8.0},{"not_picked":["Turbo","BootSequence","Hologram"],"picked":"SKIP","floor":11.0},{"not_picked":["Beam Cell","Aggregate","Go for the Eyes"],"picked":"SKIP","floor":13.0},{"not_picked":["Conserve Battery","Fusion"],"picked":"Sunder","floor":14.0},{"not_picked":["Biased Cognition","Thunder Strike"],"picked":"Meteor Strike","floor":16.0},{"not_picked":["Reinforced Body+1","Rebound"],"picked":"Fusion","floor":18.0},{"not_picked":["Redo","Leap","Rebound"],"picked":"SKIP","floor":20.0},{"not_picked":["Hologram","Stack","Lockon"],"picked":"SKIP","floor":23.0},{"not_picked":["Aggregate","Glacier","Barrage"],"picked":"SKIP","floor":24.0},{"not_picked":["Steam","Hologram","Double Energy"],"picked":"SKIP","floor":28.0},{"not_picked":["Chill","Barrage+1"],"picked":"Ball Lightning","floor":30.0},{"not_picked":["Rainbow","All For One"],"picked":"Meteor Strike","floor":33.0},{"not_picked":["Gash+1"],"picked":"SKIP","floor":35.0},{"not_picked":["Turbo+1"],"picked":"SKIP","floor":38.0},{"not_picked":[],"picked":"Skim+1","floor":42.0},{"not_picked":["Rebound"],"picked":"SKIP","floor":47.0},{"not_picked":["Coolheaded+1"],"picked":"SKIP","floor":47.0},{"not_picked":["Barrage+1"],"picked":"SKIP","floor":48.0}],"player_experience":35832,"relics_obtained":[{"floor":6.0,"key":"Dodecahedron"},{"floor":8.0,"key":"Darkstone Periapt"},{"floor":9.0,"key":"Sundial"},{"floor":13.0,"key":"Dream Catcher"},{"floor":23.0,"key":"Mercury Hourglass"},{"floor":26.0,"key":"Potion Belt"},{"floor":30.0,"key":"Juzu Bracelet"},{"floor":36.0,"key":"Shovel"},{"floor":39.0,"key":"Prayer Wheel"},{"floor":40.0,"key":"Happy Flower"},{"floor":42.0,"key":"Shuriken"},{"floor":43.0,"key":"Lantern"},{"floor":44.0,"key":"Bag of Preparation"},{"floor":48.0,"key":"Bottled Flame"}],"event_choices":[{"damage_healed":0.0,"max_hp_gain":0.0,"max_hp_loss":0.0,"gold_gain":0.0,"event_name":"Liars Game","player_choice":"Ignored","floor":4.0,"gold_loss":0.0,"damage_taken":0.0},{"damage_healed":0.0,"max_hp_gain":0.0,"max_hp_loss":0.0,"gold_gain":0.0,"event_name":"Shining Light","player_choice":"Entered Light","floor":5.0,"gold_loss":0.0,"damage_taken":18.0,"cards_upgraded":["Dualcast","Strike_B"]},{"damage_healed":0.0,"max_hp_gain":0.0,"max_hp_loss":27.0,"gold_gain":0.0,"event_name":"Vampires","player_choice":"Became a vampire","floor":21.0,"gold_loss":0.0,"damage_taken":0.0,"cards_obtained":["Bite","Bite","Bite","Bite","Bite"]},{"damage_healed":0.0,"max_hp_gain":0.0,"max_hp_loss":0.0,"gold_gain":270.0,"event_name":"Knowing Skull","player_choice":"GOLD GOLD GOLD ","floor":22.0,"potions_obtained":[],"gold_loss":0.0,"damage_taken":24.0,"cards_obtained":[]},{"damage_healed":0.0,"max_hp_gain":0.0,"max_hp_loss":0.0,"gold_gain":0.0,"event_name":"Mysterious Sphere","player_choice":"Fight","floor":36.0,"gold_loss":0.0,"damage_taken":0.0},{"damage_healed":59.0,"max_hp_gain":0.0,"max_hp_loss":9.0,"gold_gain":0.0,"event_name":"The Moai Head","player_choice":"Heal","floor":37.0,"gold_loss":0.0,"damage_taken":0.0},{"damage_healed":0.0,"max_hp_gain":0.0,"max_hp_loss":0.0,"gold_gain":0.0,"event_name":"MindBloom","player_choice":"Fight","floor":39.0,"gold_loss":0.0,"damage_taken":0.0},{"damage_healed":0.0,"max_hp_gain":0.0,"max_hp_loss":0.0,"gold_gain":0.0,"event_name":"Tomb of Lord Red Mask","player_choice":"Paid","floor":45.0,"gold_loss":120.0,"damage_taken":0.0,"relics_obtained":["Red Mask"]}],"is_beta":true,"boss_relics":[{"not_picked":["Tiny House","Ectoplasm"],"picked":"Cursed Key"},{"not_picked":["Orrery","Velvet Choker"],"picked":"Busted Crown"}],"items_purged_floors":[2,31,41],"is_endless":false,"potions_floor_spawned":[1,3,11,14,20,24,28,38,42,47],"ascension_level":2}