{"gold_per_floor":[359,359,378,16,116,116,127,153,177,195,195,230,198,228,228,299,299,314,331,331,99,116,116,136,136,162,174,206,248,280,327,339,424,436,463,212,212,224,224,253,253,253,253,267,312,44,60,87,87,87],"floor_reached":51,"playtime":2860,"items_purged":["Regret","Strike_G","Strike_G"],"score":1542,"play_id":"9a34da57-674b-4d10-a9cb-f9738dfa77af","local_time":"20190103195149","is_ascension_mode":true,"campfire_choices":[{"data":"Crippling Poison","floor":6,"key":"SMITH"},{"floor":11,"key":"REST"},{"data":"Footwork","floor":15,"key":"SMITH"},{"floor":23,"key":"REST"},{"data":"Noxious Fumes","floor":25,"key":"SMITH"},{"data":"Noxious Fumes","floor":27,"key":"SMITH"},{"floor":32,"key":"REST"},{"data":"PiercingWail","floor":42,"key":"SMITH"},{"floor":49,"key":"REST"}],"neow_cost":"TEN_PERCENT_HP_LOSS","seed_source_timestamp":1147090816280130,"circlet_count":0,"master_deck":["AscendersBane","Defend_G","Defend_G","Defend_G","Defend_G","Defend_G","Strike_G","Survivor","Neutralize","Leg Sweep","Noxious Fumes+1","Crippling Poison+1","Footwork+1","Noxious Fumes+1","Acrobatics","Night Terror","Leg Sweep","Backflip","A Thousand Cuts+1","Backflip","PiercingWail+1","Dodge and Roll","Malaise","Footwork+1","Crippling Poison+1","Bandage Up","Apotheosis","Concentrate+1","Blur","Caltrops+1","Noxious Fumes+1","Catalyst","Backflip","Noxious Fumes+1"],"relics":["Ring of the Snake","Art of War","Toolbox","Blood Vial","Juzu Bracelet","Du-Vu Doll","Frozen Egg 2","Snecko Eye","Membership Card","MawBank","Sundial","FossilizedHelix","Empty Cage","PreservedInsect","DollysMirror","Dream Catcher","Gambling Chip","Girya","Regal Pillow","Toxic Egg 2"],"potions_floor_usage":[10,14,30,33,44,47],"damage_taken":[{"damage":0,"enemies":"2 Louse","floor":1,"turns":4},{"damage":23,"enemies":"Jaw Worm","floor":3,"turns":8},{"damage":4,"enemies":"Cultist","floor":7,"turns":4},{"damage":26,"enemies":"Gremlin Nob","floor":8,"turns":5},{"damage":0,"enemies":"Large Slime","floor":10,"turns":7},{"damage":0,"enemies":"Lagavulin","floor":12,"turns":8},{"damage":6,"enemies":"3 Sentries","floor":14,"turns":5},{"damage":19,"enemies":"The Guardian","floor":16,"turns":10},{"damage":0,"enemies":"3 Byrds","floor":18,"turns":2},{"damage":13,"enemies":"Chosen","floor":19,"turns":6},{"damage":11,"enemies":"Colosseum Slavers","floor":20,"turns":5},{"damage":13,"enemies":"Centurion and Healer","floor":22,"turns":10},{"damage":0,"enemies":"Cultist and Chosen","floor":24,"turns":5},{"damage":0,"enemies":"Sentry and Sphere","floor":28,"turns":3},{"damage":6,"enemies":"Book of Stabbing","floor":29,"turns":8},{"damage":0,"enemies":"Snake Plant","floor":30,"turns":4},{"damage":9,"enemies":"Gremlin Leader","floor":31,"turns":6},{"damage":1,"enemies":"Champ","floor":33,"turns":11},{"damage":6,"enemies":"3 Shapes","floor":35,"turns":5},{"damage":0,"enemies":"3 Darklings","floor":38,"turns":3},{"damage":0,"enemies":"Giant Head","floor":40,"turns":8},{"damage":0,"enemies":"Transient","floor":44,"turns":5},{"damage":43,"enemies":"2 Orb Walkers","floor":45,"turns":5},{"damage":0,"enemies":"Spire Growth","floor":47,"turns":5},{"damage":0,"enemies":"Nemesis","floor":48,"turns":9},{"damage":0,"enemies":"Time Eater","floor":50,"turns":9}],"seed_played":"160920967078501643","potions_obtained":[{"floor":8,"key":"SpeedPotion"},{"floor":10,"key":"Explosive Potion"},{"floor":12,"key":"Strength Potion"},{"floor":24,"key":"Energy Potion"},{"floor":28,"key":"Energy Potion"},{"floor":29,"key":"Poison Potion"},{"floor":30,"key":"Poison Potion"},{"floor":31,"key":"Regen Potion"},{"floor":38,"key":"Fire Potion"},{"floor":45,"key":"Ancient Potion"}],"is_trial":false,"path_per_floor":["M","?","M","$","?","R","M","E","T","M","R","E","?","E","R","B",null,"M","M","?","$","M","R","M","R","T","R","M","E","M","E","R","B",null,"M","$","?","M","?","E","?","R","T","M","?","$","M","E","R","B",null],"character_chosen":"THE_SILENT","items_purchased":["Crippling Poison","Toolbox","Membership Card","A Thousand Cuts+1","PreservedInsect","Footwork+1","DollysMirror","Noxious Fumes+1","Catalyst","Regal Pillow","Regen Potion","Backflip"],"campfire_rested":4,"item_purchase_floors":[4,4,21,21,36,36,36,46,46,46,46,46],"current_hp_per_floor":[59,59,36,36,36,36,32,6,6,8,26,28,28,24,24,7,47,49,38,29,29,18,36,38,38,38,38,40,36,38,31,49,59,60,54,54,44,52,46,54,54,54,54,60,23,23,40,48,60,60],"gold":87,"neow_bonus":"TWO_FIFTY_GOLD","is_prod":false,"is_daily":false,"chose_seed":false,"campfire_upgraded":5,"win_rate":0,"timestamp":1546541509,"path_taken":["M","?","M","$","?","R","?","E","T","M","R","E","?","E","R","BOSS","M","M","?","$","M","R","M","R","T","R","M","E","M","E","R","BOSS","M","$","?","M","?","E","?","R","T","M","?","$","M","E","R","BOSS"],"build_version":"2018-12-20","purchased_purges":3,"victory":true,"max_hp_per_floor":[60,60,60,60,60,60,60,60,60,60,60,60,60,60,60,60,60,60,60,60,60,60,60,60,60,60,60,60,60,60,60,60,60,60,60,60,60,60,60,60,60,60,60,60,60,60,60,60,60,60],"card_choices":[{"not_picked":["Deadly Poison","Calculated Gamble"],"picked":"Leg Sweep","floor":1},{"not_picked":["Slice","Infinite Blades"],"picked":"Noxious Fumes","floor":3},{"not_picked":["Backflip","Slice"],"picked":"Footwork","floor":7},{"not_picked":["Storm of Steel","Bane","Setup"],"picked":"SKIP","floor":8},{"not_picked":["Dodge and Roll","Concentrate"],"picked":"Noxious Fumes","floor":10},{"not_picked":["Concentrate","Underhanded Strike"],"picked":"Acrobatics","floor":12},{"not_picked":["Cloak And Dagger","Underhanded Strike","Predator"],"picked":"SKIP","floor":14},{"not_picked":["Bullet Time","Unload"],"picked":"Night Terror","floor":16},{"not_picked":["Dodge and Roll","Slice"],"picked":"Leg Sweep","floor":18},{"not_picked":["All Out Attack","Terror"],"picked":"Backflip","floor":19},{"not_picked":["Deadly Poison","Blade Dance+1"],"picked":"Backflip","floor":22},{"not_picked":["Tactician","Deflect"],"picked":"PiercingWail","floor":24},{"not_picked":["Deflect","Distraction","Cloak And Dagger+1"],"picked":"SKIP","floor":28},{"not_picked":["Sucker Punch","Acrobatics","Backstab"],"picked":"SKIP","floor":29},{"not_picked":["Underhanded Strike","Backflip"],"picked":"Dodge and Roll","floor":30},{"not_picked":["Bane","Dash","Finisher"],"picked":"SKIP","floor":31},{"not_picked":["Adrenaline","A Thousand Cuts+1"],"picked":"Malaise","floor":33},{"not_picked":["Masterful Stab","Expertise","Flying Knee"],"picked":"SKIP","floor":35},{"not_picked":["Madness","Trip"],"picked":"Bandage Up","floor":37},{"not_picked":["Secret Technique","Blind"],"picked":"Apotheosis","floor":37},{"not_picked":["Poisoned Stab+1","Flying Knee"],"picked":"Concentrate+1","floor":38},{"not_picked":["Tactician","Deflect","Phantasmal Killer"],"picked":"SKIP","floor":40},{"not_picked":["Accuracy+1","Acrobatics"],"picked":"Blur","floor":44},{"not_picked":["Quick Slash+1","PiercingWail"],"picked":"Caltrops+1","floor":45},{"not_picked":["Bane","Infinite Blades+1"],"picked":"Noxious Fumes+1","floor":47},{"not_picked":["Expertise","Acrobatics","Venomology"],"picked":"SKIP","floor":48}],"player_experience":809391,"relics_obtained":[{"floor":8,"key":"Blood Vial"},{"floor":9,"key":"Juzu Bracelet"},{"floor":12,"key":"Du-Vu Doll"},{"floor":14,"key":"Frozen Egg 2"},{"floor":26,"key":"MawBank"},{"floor":29,"key":"Sundial"},{"floor":31,"key":"FossilizedHelix"},{"floor":40,"key":"Dream Catcher"},{"floor":43,"key":"Gambling Chip"},{"floor":45,"key":"Girya"},{"floor":48,"key":"Toxic Egg 2"}],"event_choices":[{"damage_healed":0,"gold_gain":0,"player_choice":"Box","damage_taken":0,"relics_obtained":["Art of War"],"max_hp_gain":0,"max_hp_loss":0,"event_name":"Big Fish","floor":2,"gold_loss":0,"cards_obtained":["Regret"]},{"damage_healed":0,"gold_gain":100,"player_choice":"Pray","damage_taken":0,"max_hp_gain":0,"max_hp_loss":0,"event_name":"Golden Shrine","floor":5,"gold_loss":0},{"damage_healed":0,"gold_gain":0,"player_choice":"Left Gold","damage_taken":0,"max_hp_gain":0,"max_hp_loss":0,"event_name":"World of Goop","floor":13,"gold_loss":32},{"damage_healed":0,"gold_gain":0,"player_choice":"Fight","damage_taken":0,"max_hp_gain":0,"max_hp_loss":0,"event_name":"Colosseum","floor":20,"gold_loss":0},{"damage_healed":0,"gold_gain":0,"player_choice":"Fled From Nobs","damage_taken":0,"max_hp_gain":0,"max_hp_loss":0,"event_name":"Colosseum","floor":20,"gold_loss":0},{"damage_healed":0,"gold_gain":0,"player_choice":"Memory 3","damage_taken":10,"max_hp_gain":0,"max_hp_loss":0,"event_name":"SensoryStone","floor":37,"gold_loss":0},{"damage_healed":0,"gold_gain":0,"player_choice":"Damaged","damage_taken":6,"max_hp_gain":0,"max_hp_loss":0,"event_name":"Wheel of Change","floor":39,"gold_loss":0},{"damage_healed":0,"gold_gain":0,"player_choice":"Ignored","damage_taken":0,"max_hp_gain":0,"max_hp_loss":0,"event_name":"Tomb of Lord Red Mask","floor":41,"gold_loss":0},{"damage_healed":0,"gold_gain":0,"player_choice":"Fight","damage_taken":0,"max_hp_gain":0,"max_hp_loss":0,"event_name":"Mysterious Sphere","floor":45,"gold_loss":0}],"is_beta":false,"boss_relics":[{"not_picked":["Astrolabe","WristBlade"],"picked":"Snecko Eye"},{"not_picked":["Tiny House","Pandora\u0027s Box"],"picked":"Empty Cage"}],"items_purged_floors":[4,36,46],"is_endless":false,"potions_floor_spawned":[8,10,12,24,28,29,30,31,38,40,45],"ascension_level":14}