{"gold_per_floor":[117,137,87,107,107,107,107,138,138,63,63,63,93,105,105,184,184,184,184,184,184,49,49,49,49,49,49,49,49,49,49,49,49],"floor_reached":33,"playtime":1042,"items_purged":["Strike_R","Strike_R"],"score":513,"play_id":"be596a4c-7e48-4ec0-b152-03febe30ab87","local_time":"20181015155936","is_ascension_mode":true,"campfire_choices":[{"data":"Armaments","floor":6,"key":"SMITH"},{"data":"Immolate","floor":11,"key":"SMITH"},{"data":"Inflame","floor":15,"key":"SMITH"},{"floor":23,"key":"REST"},{"floor":25,"key":"REST"},{"data":"Inflame","floor":27,"key":"SMITH"},{"floor":32,"key":"REST"}],"neow_cost":"NONE","seed_source_timestamp":445994926230395,"circlet_count":0,"master_deck":["Strike_R","Defend_R+1","Defend_R+1","Defend_R","Defend_R","Bash","AscendersBane","Cleave","Armaments+1","Pommel Strike","Immolate+1","Thunderclap","Inflame+1","Double Tap","Disarm","Intimidate","Inflame+1","Power Through","Twin Strike","Inflame"],"relics":["Burning Blood","PreservedInsect","Mummified Hand","War Paint","Bottled Flame","Ectoplasm","Smiling Mask","Sundial"],"potions_floor_usage":[8,16,16,29,31],"damage_taken":[{"damage":6,"enemies":"Cultist","floor":1,"turns":4},{"damage":4,"enemies":"Jaw Worm","floor":2,"turns":4},{"damage":6,"enemies":"2 Louse","floor":4,"turns":3},{"damage":11,"enemies":"Lagavulin","floor":8,"turns":7},{"damage":0,"enemies":"3 Sentries","floor":13,"turns":1},{"damage":0,"enemies":"Gremlin Gang","floor":14,"turns":1},{"damage":79,"enemies":"Hexaghost","floor":16,"turns":12},{"damage":9,"enemies":"Shell Parasite","floor":18,"turns":4},{"damage":17,"enemies":"Colosseum Slavers","floor":19,"turns":2},{"damage":14,"enemies":"3 Byrds","floor":20,"turns":4},{"damage":34,"enemies":"Shelled Parasite and Fungi","floor":21,"turns":4},{"damage":17,"enemies":"Gremlin Leader","floor":24,"turns":3},{"damage":0,"enemies":"Sentry and Sphere","floor":28,"turns":1},{"damage":11,"enemies":"Centurion and Healer","floor":29,"turns":4},{"damage":5,"enemies":"Shelled Parasite and Fungi","floor":30,"turns":6},{"damage":18,"enemies":"Snake Plant","floor":31,"turns":3},{"damage":70,"enemies":"Champ","floor":33,"turns":9}],"seed_played":"8910764086232392477","potions_obtained":[{"floor":2,"key":"Regen Potion"},{"floor":4,"key":"Strength Potion"},{"floor":13,"key":"SkillPotion"},{"floor":28,"key":"Fruit Juice"},{"floor":30,"key":"GamblersBrew"}],"is_trial":false,"path_per_floor":["M","M","?","M","?","R","?","E","T","$","R","?","E","M","R","B",null,"M","?","M","M","$","R","E","R","T","R","M","M","M","M","R"],"character_chosen":"IRONCLAD","items_purchased":["Inflame"],"campfire_rested":3,"item_purchase_floors":[22],"current_hp_per_floor":[68,70,70,70,75,75,75,70,70,70,70,63,69,75,75,7,62,59,48,40,12,12,36,25,49,49,49,55,55,56,44,69,0],"gold":49,"neow_bonus":"RANDOM_COMMON_RELIC","is_prod":false,"is_daily":false,"chose_seed":false,"campfire_upgraded":4,"win_rate":0,"timestamp":1539611976,"path_taken":["M","M","?","?","?","R","?","E","T","$","R","?","E","?","R","BOSS","M","?","?","M","$","R","E","R","T","R","M","M","M","M","R","BOSS"],"build_version":"2018-10-11","purchased_purges":2,"victory":false,"max_hp_per_floor":[75,75,75,75,80,80,80,80,80,80,80,80,80,80,80,80,80,80,80,80,80,80,80,80,80,80,80,80,85,85,85,85,85],"card_choices":[{"not_picked":["Thunderclap","Havoc"],"picked":"Cleave","floor":1},{"not_picked":["Warcry","Clash"],"picked":"Armaments","floor":2},{"not_picked":["Body Slam","Seeing Red"],"picked":"Pommel Strike","floor":4},{"not_picked":["Iron Wave","Ghostly Armor"],"picked":"Immolate","floor":8},{"not_picked":["True Grit","Sword Boomerang"],"picked":"Thunderclap","floor":13},{"not_picked":["Wild Strike","Cleave"],"picked":"Inflame","floor":14},{"not_picked":["Fiend Fire","Exhume"],"picked":"Double Tap","floor":16},{"not_picked":["Feel No Pain","Wild Strike"],"picked":"Disarm","floor":18},{"not_picked":["Pommel Strike","Clash"],"picked":"Intimidate","floor":20},{"not_picked":["Heavy Blade","Thunderclap","Body Slam"],"picked":"SKIP","floor":21},{"not_picked":["Sword Boomerang","Berserk","Thunderclap"],"picked":"SKIP","floor":24},{"not_picked":["Twin Strike","Iron Wave","Body Slam+1"],"picked":"SKIP","floor":28},{"not_picked":["Sword Boomerang","Pummel"],"picked":"Power Through","floor":29},{"not_picked":["Clothesline","Warcry"],"picked":"Twin Strike","floor":30},{"not_picked":["Carnage","Anger"],"picked":"Inflame","floor":31}],"player_experience":520753,"relics_obtained":[{"floor":8,"key":"Mummified Hand"},{"floor":9,"key":"War Paint"},{"floor":13,"key":"Bottled Flame"},{"floor":24,"key":"Smiling Mask"},{"floor":26,"key":"Sundial"}],"event_choices":[{"event_name":"The Cleric","player_choice":"Card Removal","floor":3,"damage_taken":0},{"event_name":"Big Fish","player_choice":"Donut","floor":5,"damage_taken":0},{"event_name":"Dead Adventurer","player_choice":"Searched \u00271\u0027 times","floor":7,"damage_taken":0},{"event_name":"Golden Wing","player_choice":"Card Removal","floor":12,"damage_taken":0},{"event_name":"Colosseum","player_choice":"Fight","floor":19,"damage_taken":0},{"event_name":"Colosseum","player_choice":"Fled From Nobs","floor":19,"damage_taken":0}],"is_beta":false,"boss_relics":[{"not_picked":["Lizard Tail","White Beast Statue"],"picked":"Ectoplasm"}],"items_purged_floors":[10,22],"is_endless":false,"potions_floor_spawned":[2,4,13,19,28,30],"killed_by":"Champ","ascension_level":14}