{"gold_per_floor":[110,128,128,138,138,138,166,166,166,199,213,227,227,254,254,254],"floor_reached":16,"playtime":633,"items_purged":[],"score":210,"play_id":"36db1261-9c52-47b4-ad31-ba60f0430d19","local_time":"20190119212031","is_ascension_mode":true,"campfire_choices":[{"data":"Clothesline","floor":6,"key":"SMITH"},{"data":"Double Tap","floor":8,"key":"SMITH"},{"floor":15,"key":"REST"}],"neow_cost":"NONE","seed_source_timestamp":864684326347729,"circlet_count":0,"master_deck":["AscendersBane","Strike_R","Strike_R","Strike_R","Defend_R","Defend_R","Defend_R","Defend_R","Bash","Clothesline+1","Shrug It Off","Anger","Flex","Double Tap+1","Sever Soul","Clash","True Grit","Parasite"],"relics":["Burning Blood","Magic Flower","Self Forming Clay","Unceasing Top","Ginger"],"potions_floor_usage":[16,16],"damage_taken":[{"damage":13,"enemies":"Jaw Worm","floor":1,"turns":5},{"damage":0,"enemies":"Cultist","floor":2,"turns":3},{"damage":0,"enemies":"2 Louse","floor":4,"turns":3},{"damage":21,"enemies":"Lagavulin","floor":7,"turns":7},{"damage":32,"enemies":"3 Sentries","floor":10,"turns":9},{"damage":4,"enemies":"2 Fungi Beasts","floor":11,"turns":3},{"damage":7,"enemies":"Large Slime","floor":12,"turns":4},{"damage":40,"enemies":"Gremlin Nob","floor":14,"turns":5},{"damage":52,"enemies":"The Guardian","floor":16,"turns":9}],"seed_played":"8076978479770375717","potions_obtained":[{"floor":2,"key":"Swift Potion"},{"floor":4,"key":"LiquidBronze"},{"floor":11,"key":"EssenceOfSteel"}],"is_trial":false,"path_per_floor":["M","M","?","M","?","R","E","R","T","E","M","M","?","E","R","B"],"character_chosen":"IRONCLAD","items_purchased":[],"campfire_rested":1,"item_purchase_floors":[],"current_hp_per_floor":[61,67,67,73,73,73,58,58,58,35,40,42,60,29,51,0],"gold":254,"neow_bonus":"THREE_CARDS","is_prod":false,"is_daily":false,"chose_seed":false,"campfire_upgraded":2,"win_rate":0,"timestamp":1547961631,"path_taken":["M","M","?","?","?","R","E","R","T","E","M","M","?","E","R","BOSS"],"build_version":"2019-01-17v2","purchased_purges":0,"victory":false,"max_hp_per_floor":[75,75,75,75,75,75,75,75,75,75,75,75,75,75,75,75],"card_choices":[{"not_picked":["Rage","Anger"],"picked":"Clothesline","floor":0},{"not_picked":["Cleave","Burning Pact"],"picked":"Shrug It Off","floor":1},{"not_picked":["Twin Strike","Thunderclap"],"picked":"Anger","floor":2},{"not_picked":["Armaments","Anger"],"picked":"Flex","floor":4},{"not_picked":["Heavy Blade","Wild Strike"],"picked":"Double Tap","floor":7},{"not_picked":["Headbutt","Seeing Red"],"picked":"Sever Soul","floor":10},{"not_picked":["Twin Strike","Thunderclap"],"picked":"Clash","floor":11},{"not_picked":["Impervious","Shrug It Off"],"picked":"True Grit","floor":12},{"not_picked":["True Grit","Sever Soul","Armaments"],"picked":"SKIP","floor":14}],"player_experience":492288,"relics_obtained":[{"floor":7,"key":"Magic Flower"},{"floor":9,"key":"Self Forming Clay"},{"floor":10,"key":"Unceasing Top"},{"floor":14,"key":"Ginger"}],"event_choices":[{"cards_removed":["Strike_R"],"damage_healed":0,"gold_gain":0,"player_choice":"Offered Basic","damage_taken":0,"max_hp_gain":0,"max_hp_loss":0,"event_name":"Bonfire Elementals","floor":3,"gold_loss":0},{"cards_removed":["Strike_R"],"damage_healed":0,"gold_gain":0,"player_choice":"Forget","damage_taken":0,"max_hp_gain":0,"max_hp_loss":0,"event_name":"Living Wall","floor":5,"gold_loss":0},{"damage_healed":18,"gold_gain":0,"player_choice":"Healed and dodged fight","damage_taken":0,"max_hp_gain":0,"max_hp_loss":0,"event_name":"Mushrooms","floor":13,"gold_loss":0,"cards_obtained":["Parasite"]}],"is_beta":false,"boss_relics":[],"items_purged_floors":[],"is_endless":false,"potions_floor_spawned":[2,4,11,12],"killed_by":"The Guardian","ascension_level":15}