{"gold_per_floor":[113,113,133,133,233,233,274,274,342,355,373,388,36,36,36,156,156,179,179,179,195,210,210,210,225,277,277],"floor_reached":27,"playtime":1728,"items_purged":[],"score":357,"play_id":"a7181c72-2a76-4119-b471-89f48bcb1681","local_time":"20190129184605","is_ascension_mode":true,"campfire_choices":[{"data":"Perfected Strike","floor":6.0,"key":"SMITH"},{"data":"Shockwave","floor":8.0,"key":"SMITH"},{"data":"Perfected Strike","floor":15.0,"key":"SMITH"},{"data":"Wild Strike","floor":23,"key":"SMITH"}],"neow_cost":"NONE","seed_source_timestamp":1479509310821,"circlet_count":0,"master_deck":["AscendersBane","Strike_R","Strike_R","Strike_R","Strike_R","Defend_R","Shockwave+1","Perfected Strike+1","Battle Trance","True Grit","Wild Strike+1","Perfected Strike+1","Fire Breathing+1","Pommel Strike","Evolve","Hemokinesis","Clash+1","Armaments"],"special_seed":0,"relics":["Burning Blood","NeowsBlessing","Bloody Idol","Red Skull","Letter Opener","Membership Card","Gremlin Horn","Astrolabe","Dodecahedron","Ancient Tea Set"],"potions_floor_usage":[21],"damage_taken":[{"damage":0.0,"enemies":"Small Slimes","floor":1.0,"turns":1.0},{"damage":0.0,"enemies":"Cultist","floor":3.0,"turns":1.0},{"damage":0.0,"enemies":"3 Sentries","floor":7.0,"turns":2.0},{"damage":2.0,"enemies":"Jaw Worm","floor":10.0,"turns":3.0},{"damage":0.0,"enemies":"2 Fungi Beasts","floor":11.0,"turns":3.0},{"damage":5.0,"enemies":"Exordium Thugs","floor":12.0,"turns":5.0},{"damage":42,"enemies":"The Guardian","floor":16,"turns":11},{"damage":28,"enemies":"Shell Parasite","floor":18,"turns":4},{"damage":6,"enemies":"Spheric Guardian","floor":21,"turns":3},{"damage":13,"enemies":"Cultist and Chosen","floor":22,"turns":4},{"damage":30,"enemies":"Snecko","floor":25,"turns":4},{"damage":39,"enemies":"Gremlin Leader","floor":27,"turns":6}],"seed_played":"5084440421250119715","potions_obtained":[{"floor":1.0,"key":"Energy Potion"},{"floor":7.0,"key":"Dexterity Potion"},{"floor":16,"key":"Swift Potion"},{"floor":18,"key":"SkillPotion"},{"floor":22,"key":"LiquidBronze"}],"is_trial":false,"path_per_floor":["?","M","?","?","M","M","?","?","?","?","M"],"character_chosen":"IRONCLAD","items_purchased":["Perfected Strike","Membership Card","Gremlin Horn"],"campfire_rested":0,"item_purchase_floors":[13,13,13],"current_hp_per_floor":[78,78,80,60,60,60,66,66,66,70,76,77,77,70,70,34,69,47,47,47,52,50,50,50,31,36,0],"gold":277,"neow_bonus":"THREE_ENEMY_KILL","is_prod":false,"is_daily":false,"chose_seed":false,"campfire_upgraded":4,"win_rate":0,"timestamp":1548758765,"path_taken":["M","?","?","?","?","R","E","R","T","M","?","?","$","?","R","BOSS","M","?","?","M","M","R","?","?","T","E"],"build_version":"2019-01-23","purchased_purges":0,"victory":false,"max_hp_per_floor":[80,80,80,80,80,80,80,80,80,80,80,80,80,80,80,80,80,80,80,80,80,80,80,80,80,80,80],"card_choices":[{"not_picked":["True Grit","Ghostly Armor"],"picked":"Shockwave","floor":1.0},{"not_picked":["Cleave","Sword Boomerang"],"picked":"Perfected Strike","floor":3.0},{"not_picked":["Uppercut","Flex"],"picked":"Battle Trance","floor":7.0},{"not_picked":["Blood for Blood","Second Wind"],"picked":"True Grit","floor":10.0},{"not_picked":["Anger","Juggernaut"],"picked":"Wild Strike","floor":11.0},{"not_picked":["Body Slam","Anger","Corruption"],"picked":"SKIP","floor":12.0},{"not_picked":["Feel No Pain","Shrug It Off"],"picked":"Pommel Strike","floor":18},{"not_picked":["Intimidate","Burning Pact","Rage"],"picked":"SKIP","floor":21},{"not_picked":["Anger","Sentinel"],"picked":"Clash+1","floor":22},{"not_picked":["Searing Blow","True Grit"],"picked":"Armaments","floor":25}],"player_experience":124786,"relics_obtained":[{"floor":7.0,"key":"Red Skull"},{"floor":9.0,"key":"Letter Opener"},{"floor":24,"key":"Dodecahedron"},{"floor":26,"key":"Ancient Tea Set"}],"event_choices":[{"cards_removed":["Strike_R"],"damage_healed":0.0,"max_hp_gain":0.0,"max_hp_loss":0.0,"gold_gain":0.0,"event_name":"Bonfire Elementals","player_choice":"Offered Basic","floor":2.0,"gold_loss":0.0,"damage_taken":0.0},{"damage_healed":0.0,"max_hp_gain":0.0,"max_hp_loss":0.0,"gold_gain":0.0,"event_name":"Golden Idol","player_choice":"Take Damage","floor":4.0,"gold_loss":0.0,"damage_taken":20.0,"relics_obtained":["Golden Idol"]},{"damage_healed":0.0,"max_hp_gain":0.0,"max_hp_loss":0.0,"gold_gain":100.0,"event_name":"Golden Shrine","player_choice":"Pray","floor":5.0,"gold_loss":0.0,"damage_taken":0.0},{"cards_removed":["Defend_R"],"damage_healed":0.0,"max_hp_gain":0.0,"max_hp_loss":0.0,"gold_gain":0.0,"event_name":"Golden Wing","player_choice":"Card Removal","floor":14.0,"gold_loss":0.0,"damage_taken":7.0},{"damage_healed":0,"gold_gain":0,"player_choice":"Gave Idol","damage_taken":0,"relics_obtained":["Bloody Idol"],"max_hp_gain":0,"max_hp_loss":0,"event_name":"Forgotten Altar","floor":19,"relics_lost":["Golden Idol"],"gold_loss":0},{"damage_healed":0,"gold_gain":0,"cards_transformed":["Entrench","Rupture"],"player_choice":"Became Test Subject","damage_taken":0,"max_hp_gain":0,"max_hp_loss":0,"event_name":"Drug Dealer","floor":20,"gold_loss":0,"cards_obtained":["Evolve","Hemokinesis"]},{"damage_healed":0,"gold_gain":0,"player_choice":"Relic","damage_taken":0,"max_hp_gain":0,"max_hp_loss":0,"event_name":"Wheel of Change","floor":24,"gold_loss":0}],"is_beta":false,"boss_relics":[{"not_picked":["Fusion Hammer","White Beast Statue"],"picked":"Astrolabe"}],"items_purged_floors":[],"is_endless":false,"potions_floor_spawned":[1,7,16,18,22],"killed_by":"Gremlin Leader","ascension_level":10}