{"gold_per_floor":[18,35,53,33,43,43,74,84,84,84,259,161,61,61,61,160,160,177,194,16,16,16,16,44,56,56,75,75,87,87,120,120,219,269,279,279,379,389,407,438,438,438],"floor_reached":42,"playtime":3894,"items_purged":["Doubt","Defend_R","Strike_R"],"score":609,"play_id":"4f5f3679-1769-460d-a662-0a804dc45d58","local_time":"20190205000925","is_ascension_mode":true,"campfire_choices":[{"data":"Feed","floor":6,"key":"SMITH"},{"data":"Flame Barrier","floor":10,"key":"SMITH"},{"data":"True Grit","floor":15,"key":"SMITH"},{"data":"Offering","floor":23,"key":"SMITH"},{"data":"Spot Weakness","floor":28,"key":"SMITH"},{"data":"Seeing Red","floor":30,"key":"SMITH"},{"data":"Bash","floor":32,"key":"SMITH"},{"data":"Double Tap","floor":41,"key":"SMITH"}],"neow_cost":"NO_GOLD","seed_source_timestamp":266333651941414,"circlet_count":0,"master_deck":["Defend_R","Defend_R","Defend_R","Bash+1","True Grit+1","Disarm","Feed+1","Spot Weakness+1","Flame Barrier+1","Iron Wave","Offering+1","Flame Barrier+1","Sword Boomerang","Shrug It Off","Bite","Bite","Bite","Bite","Shrug It Off","Iron Wave+1","Seeing Red+1","Double Tap+1","Metallicize","Whirlwind+1","Warcry+1","Seeing Red"],"relics":["Burning Blood","StoneCalendar","Bronze Scales","Meat on the Bone","Sozu","Unceasing Top","Mango","Kunai","Tiny House","Bird Faced Urn","Champion Belt"],"potions_floor_usage":[4,16,16,16],"damage_taken":[{"damage":18,"enemies":"Jaw Worm","floor":1,"turns":4},{"damage":1,"enemies":"Cultist","floor":2,"turns":4},{"damage":11,"enemies":"2 Louse","floor":3,"turns":4},{"damage":41,"enemies":"Exordium Wildlife","floor":5,"turns":7},{"damage":16,"enemies":"Lagavulin","floor":7,"turns":7},{"damage":9,"enemies":"3 Louse","floor":8,"turns":3},{"damage":37,"enemies":"Slime Boss","floor":16,"turns":9},{"damage":17,"enemies":"Spheric Guardian","floor":18,"turns":4},{"damage":10,"enemies":"2 Thieves","floor":19,"turns":3},{"damage":52,"enemies":"Slavers","floor":24,"turns":6},{"damage":30,"enemies":"Centurion and Healer","floor":25,"turns":5},{"damage":6,"enemies":"Chosen and Byrds","floor":27,"turns":4},{"damage":12,"enemies":"Snake Plant","floor":29,"turns":5},{"damage":12,"enemies":"Book of Stabbing","floor":31,"turns":5},{"damage":57,"enemies":"Collector","floor":33,"turns":9},{"damage":45,"enemies":"3 Darklings","floor":35,"turns":5},{"damage":19,"enemies":"Mind Bloom Boss Battle","floor":37,"turns":8},{"damage":8,"enemies":"3 Shapes","floor":38,"turns":3},{"damage":41,"enemies":"Transient","floor":39,"turns":5},{"damage":48,"enemies":"Nemesis","floor":40,"turns":7},{"damage":54,"enemies":"Reptomancer","floor":42,"turns":3}],"seed_played":"1386277091938952265","potions_obtained":[{"floor":3,"key":"BloodPotion"},{"floor":4,"key":"Fruit Juice"},{"floor":8,"key":"Regen Potion"},{"floor":14,"key":"SpeedPotion"},{"floor":16,"key":"Poison Potion"}],"is_trial":false,"path_per_floor":["M","M","M","?","M","R","E","M","T","R","?","$","$","?","R","B",null,"M","M","$","?","?","R","E","M","T","M","R","M","R","E","R","B",null,"M","?","?","M","M","E","R","E"],"character_chosen":"IRONCLAD","items_purchased":["Iron Wave","Shrug It Off"],"campfire_rested":0,"item_purchase_floors":[12,20],"current_hp_per_floor":[68,73,68,73,38,38,28,29,29,29,29,29,29,29,29,33,89,78,78,78,65,65,65,41,43,57,69,69,79,79,83,83,60,92,72,72,75,73,60,50,50,0],"gold":438,"neow_bonus":"ONE_RARE_RELIC","is_prod":false,"is_daily":false,"chose_seed":false,"campfire_upgraded":8,"win_rate":0,"timestamp":1549321765,"path_taken":["M","M","M","?","M","R","E","?","T","R","?","?","$","?","R","BOSS","M","?","$","?","?","R","E","M","T","M","R","M","R","E","R","BOSS","M","?","?","M","M","E","R","E"],"build_version":"2019-01-23","purchased_purges":3,"victory":false,"max_hp_per_floor":[80,80,80,85,85,85,85,89,89,89,89,89,89,89,89,89,89,89,93,93,65,65,65,65,65,79,79,79,83,83,87,87,87,92,96,96,100,100,100,100,100,100],"card_choices":[{"not_picked":["Warcry","Body Slam","Infernal Blade"],"picked":"SKIP","floor":1},{"not_picked":["Iron Wave","Heavy Blade"],"picked":"True Grit","floor":2},{"not_picked":["Perfected Strike","Clash"],"picked":"Disarm","floor":3},{"not_picked":["Perfected Strike","Power Through"],"picked":"Feed","floor":5},{"not_picked":["Anger","Evolve"],"picked":"Spot Weakness","floor":7},{"not_picked":["Feel No Pain","Dual Wield"],"picked":"Flame Barrier","floor":8},{"not_picked":["Exhume","Limit Break"],"picked":"Offering","floor":16},{"not_picked":["Shockwave+1","Havoc+1"],"picked":"Flame Barrier+1","floor":18},{"not_picked":["Clash+1","Wild Strike+1"],"picked":"Sword Boomerang","floor":19},{"not_picked":["Clothesline","Wild Strike"],"picked":"Iron Wave+1","floor":24},{"not_picked":["Havoc+1","Headbutt"],"picked":"Seeing Red","floor":25},{"not_picked":["Cleave","Fire Breathing+1","Barricade"],"picked":"SKIP","floor":27},{"not_picked":["Perfected Strike","Warcry","Evolve+1"],"picked":"SKIP","floor":29},{"not_picked":["Havoc","Reckless Charge","Perfected Strike+1"],"picked":"SKIP","floor":31},{"not_picked":["Brutality","Berserk"],"picked":"Double Tap","floor":33},{"not_picked":["Twin Strike+1","Armaments"],"picked":"Metallicize","floor":35},{"not_picked":["Pummel+1","Thunderclap"],"picked":"Whirlwind+1","floor":37},{"not_picked":["Combust","Clothesline","Exhume"],"picked":"SKIP","floor":38},{"not_picked":["Iron Wave","Wild Strike+1"],"picked":"Warcry+1","floor":39},{"not_picked":["Havoc+1","Flame Barrier"],"picked":"Seeing Red","floor":40}],"player_experience":334254,"relics_obtained":[{"floor":7,"key":"Bronze Scales"},{"floor":9,"key":"Meat on the Bone"},{"floor":24,"key":"Unceasing Top"},{"floor":26,"key":"Mango"},{"floor":31,"key":"Kunai"},{"floor":37,"key":"Bird Faced Urn"},{"floor":40,"key":"Champion Belt"}],"event_choices":[{"damage_healed":0,"gold_gain":0,"player_choice":"Bought 1 Potion","damage_taken":0,"max_hp_gain":0,"max_hp_loss":0,"event_name":"The Woman in Blue","floor":4,"gold_loss":0},{"damage_healed":0,"gold_gain":175,"player_choice":"AGREE","damage_taken":0,"max_hp_gain":0,"max_hp_loss":0,"event_name":"Liars Game","floor":11,"gold_loss":0,"cards_obtained":["Doubt"]},{"damage_healed":0,"gold_gain":0,"player_choice":"Got Potions","damage_taken":0,"max_hp_gain":0,"max_hp_loss":0,"event_name":"Lab","floor":14,"gold_loss":0},{"damage_healed":0,"gold_gain":0,"player_choice":"Became a vampire","damage_taken":0,"max_hp_gain":0,"max_hp_loss":28,"event_name":"Vampires","floor":21,"gold_loss":0,"cards_obtained":["Bite","Bite","Bite","Bite","Bite"]},{"damage_healed":0,"gold_gain":0,"player_choice":"Read","damage_taken":0,"max_hp_gain":0,"max_hp_loss":0,"event_name":"The Library","floor":22,"gold_loss":0,"cards_obtained":["Shrug It Off"]},{"cards_removed":["Bite"],"damage_healed":0,"gold_gain":0,"player_choice":"Removed Attack","damage_taken":0,"max_hp_gain":0,"max_hp_loss":0,"event_name":"Falling","floor":36,"gold_loss":0},{"damage_healed":0,"gold_gain":0,"player_choice":"Fight","damage_taken":0,"max_hp_gain":0,"max_hp_loss":0,"event_name":"MindBloom","floor":37,"gold_loss":0}],"is_beta":false,"boss_relics":[{"not_picked":["Lizard Tail","Philosopher\u0027s Stone"],"picked":"Sozu"},{"not_picked":["Pandora\u0027s Box","Orrery"],"picked":"Tiny House"}],"items_purged_floors":[12,13,20],"is_endless":false,"potions_floor_spawned":[3,8,16,19,24,25,29,37,38,39,40],"killed_by":"Reptomancer","ascension_level":4}