{"gold_per_floor":[210,210,485,504,149,149,174,189,244,263,263,263,273,306,306,380,380,395,320,41,41,58,58,58],"floor_reached":24,"playtime":1144,"items_purged":["Regret","Strike_R"],"score":377,"play_id":"6a27368a-2663-46b2-a063-254e0f6cd341","local_time":"20190131153505","is_ascension_mode":true,"campfire_choices":[{"data":"Bash","floor":6.0,"key":"SMITH"},{"floor":12.0,"key":"REST"},{"data":"Cleave","floor":15.0,"key":"SMITH"},{"floor":23,"key":"REST"}],"neow_cost":"NONE","seed_source_timestamp":91499023766211,"circlet_count":0,"master_deck":["AscendersBane","Strike_R","Strike_R","Strike_R+1","Defend_R","Defend_R+1","Defend_R","Defend_R","Bash+1","Inflame","Headbutt","Double Tap","Cleave+1","Thunderclap","Shrug It Off","Limit Break","Spot Weakness","Reaper","Dropkick","Flex"],"special_seed":0,"relics":["Burning Blood","Lantern","Strawberry","Tiny Chest","Champion Belt","Orrery"],"potions_floor_usage":[22,24],"damage_taken":[{"damage":7.0,"enemies":"Small Slimes","floor":1.0,"turns":3.0},{"damage":13.0,"enemies":"Jaw Worm","floor":4.0,"turns":4.0},{"damage":27.0,"enemies":"Lagavulin","floor":7.0,"turns":5.0},{"damage":0.0,"enemies":"Cultist","floor":8.0,"turns":3.0},{"damage":1.0,"enemies":"2 Fungi Beasts","floor":10.0,"turns":3.0},{"damage":15.0,"enemies":"Exordium Thugs","floor":13.0,"turns":4.0},{"damage":10.0,"enemies":"3 Sentries","floor":14.0,"turns":3.0},{"damage":38.0,"enemies":"Slime Boss","floor":16.0,"turns":9.0},{"damage":46.0,"enemies":"Shell Parasite","floor":18.0,"turns":7.0},{"damage":22,"enemies":"Chosen","floor":22,"turns":7},{"damage":57,"enemies":"Slavers","floor":24,"turns":3}],"seed_played":"2412838983151282913","potions_obtained":[{"floor":4.0,"key":"Swift Potion"},{"floor":8.0,"key":"Energy Potion"},{"floor":13.0,"key":"Poison Potion"},{"floor":16.0,"key":"SkillPotion"},{"floor":22,"key":"PowerPotion"}],"is_trial":false,"path_per_floor":["?","?","M","?","?","?"],"character_chosen":"IRONCLAD","items_purchased":["Lantern","Fruit Juice","Reaper"],"campfire_rested":2,"item_purchase_floors":[5,5,20],"current_hp_per_floor":[67,44,44,37,37,37,28,34,34,39,44,71,62,58,58,26,76,36,36,36,36,26,53,0],"gold":58,"neow_bonus":"HUNDRED_GOLD","is_prod":false,"is_daily":false,"chose_seed":false,"campfire_upgraded":2,"win_rate":0,"timestamp":1548920105,"path_taken":["M","?","?","M","$","R","E","?","T","M","?","R","M","E","R","BOSS","M","?","$","?","M","R","E"],"build_version":"2019-01-23","purchased_purges":2,"victory":false,"max_hp_per_floor":[75,75,75,75,75,75,87,87,87,87,92,92,92,92,92,92,92,92,92,92,92,92,92,92],"card_choices":[{"not_picked":["Thunderclap","Hemokinesis"],"picked":"Inflame","floor":1.0},{"not_picked":["Entrench","Corruption"],"picked":"Headbutt","floor":4.0},{"not_picked":["True Grit","Clothesline"],"picked":"Double Tap","floor":7.0},{"not_picked":["Anger","Reckless Charge"],"picked":"Cleave","floor":8.0},{"not_picked":["Sword Boomerang","Havoc","True Grit"],"picked":"SKIP","floor":10.0},{"not_picked":["Havoc","Pommel Strike"],"picked":"Thunderclap","floor":13.0},{"not_picked":["Seeing Red","Pommel Strike"],"picked":"Shrug It Off","floor":14.0},{"not_picked":["Berserk","Immolate"],"picked":"Limit Break","floor":16.0},{"not_picked":["Seeing Red","Infernal Blade"],"picked":"Spot Weakness","floor":18.0},{"not_picked":["Spot Weakness","Flame Barrier"],"picked":"Flex","floor":22}],"player_experience":184769,"relics_obtained":[{"floor":7.0,"key":"Strawberry"},{"floor":9.0,"key":"Tiny Chest"},{"floor":14.0,"key":"Champion Belt"}],"event_choices":[{"damage_healed":0.0,"max_hp_gain":0.0,"max_hp_loss":0.0,"gold_gain":0.0,"event_name":"Shining Light","player_choice":"Entered Light","floor":2.0,"gold_loss":0.0,"damage_taken":23.0,"cards_upgraded":["Strike_R","Defend_R"]},{"damage_healed":0.0,"max_hp_gain":0.0,"max_hp_loss":0.0,"gold_gain":275.0,"event_name":"Golden Shrine","player_choice":"Desecrate","floor":3.0,"gold_loss":0.0,"damage_taken":0.0,"cards_obtained":["Regret"]},{"damage_healed":0.0,"max_hp_gain":5.0,"max_hp_loss":0.0,"gold_gain":0.0,"event_name":"Big Fish","player_choice":"Donut","floor":11.0,"gold_loss":0.0,"damage_taken":0.0},{"cards_removed":["Strike_R"],"damage_healed":0.0,"max_hp_gain":0.0,"max_hp_loss":0.0,"gold_gain":0.0,"event_name":"Beggar","player_choice":"Gave Gold","floor":19.0,"gold_loss":75.0,"damage_taken":0.0},{"damage_healed":0.0,"max_hp_gain":0.0,"max_hp_loss":0.0,"gold_gain":0.0,"event_name":"The Library","player_choice":"Read","floor":21.0,"gold_loss":0.0,"damage_taken":0.0,"cards_obtained":["Dropkick"]}],"is_beta":false,"boss_relics":[{"not_picked":["Runic Cube","Coffee Dripper"],"picked":"Orrery"}],"items_purged_floors":[5,20],"is_endless":false,"potions_floor_spawned":[4,8,13,16,22],"killed_by":"Slavers","ascension_level":17}