{"gold_per_floor":[111,36,53,128,128,128,145,175,175,175,185,199,226,242,242,313,313,280,280],"floor_reached":19,"playtime":978,"items_purged":[],"score":313,"play_id":"103ad602-e9cb-482b-b6a8-120020df2bf3","local_time":"20190120131408","is_ascension_mode":true,"campfire_choices":[{"data":"Havoc","floor":6,"key":"SMITH"},{"floor":10,"key":"REST"},{"floor":15,"key":"REST"}],"neow_cost":"NONE","seed_source_timestamp":56048158520641,"circlet_count":0,"master_deck":["AscendersBane","Strike_R","Strike_R","Strike_R","Defend_R","Defend_R","Defend_R","Defend_R","Bash","Dropkick","Havoc+1","Inflame","Juggernaut","Fire Breathing","Clash","Limit Break","Uppercut","Barricade","Parasite","Shame","Injury","Body Slam+1"],"relics":["Burning Blood","Ancient Tea Set","StoneCalendar","Darkstone Periapt","Lantern","Calling Bell","Orichalcum","Molten Egg 2","Dead Branch"],"potions_floor_usage":[13,14,19],"damage_taken":[{"damage":19,"enemies":"Small Slimes","floor":1,"turns":4},{"damage":4,"enemies":"2 Louse","floor":3,"turns":4},{"damage":1,"enemies":"Cultist","floor":7,"turns":3},{"damage":25,"enemies":"Lagavulin","floor":8,"turns":6},{"damage":11,"enemies":"2 Fungi Beasts","floor":11,"turns":4},{"damage":12,"enemies":"Exordium Wildlife","floor":12,"turns":4},{"damage":36,"enemies":"Gremlin Nob","floor":13,"turns":5},{"damage":0,"enemies":"Large Slime","floor":14,"turns":5},{"damage":26,"enemies":"Hexaghost","floor":16,"turns":8},{"damage":54,"enemies":"2 Thieves","floor":18,"turns":5},{"damage":34,"enemies":"Chosen","floor":19,"turns":4}],"seed_played":"-1212191952438364457","potions_obtained":[{"floor":1,"key":"Block Potion"},{"floor":11,"key":"GamblersBrew"},{"floor":13,"key":"Poison Potion"}],"is_trial":false,"path_per_floor":["M","?","M","?","?","R","M","E","T","R","M","M","E","M","R","B",null,"M","M"],"character_chosen":"IRONCLAD","items_purchased":[],"campfire_rested":2,"item_purchase_floors":[],"current_hp_per_floor":[55,55,57,46,46,46,51,32,32,54,49,43,13,19,41,21,80,32,0],"gold":280,"neow_bonus":"RANDOM_COMMON_RELIC","is_prod":false,"is_daily":false,"chose_seed":false,"campfire_upgraded":1,"win_rate":0,"timestamp":1548018848,"path_taken":["M","?","M","?","?","R","M","E","T","R","M","?","E","M","R","BOSS","M","M"],"build_version":"2019-01-17v2","purchased_purges":0,"victory":false,"max_hp_per_floor":[75,75,75,75,75,75,75,75,75,75,75,75,75,75,75,75,93,93,93],"card_choices":[{"not_picked":["Disarm","Pommel Strike"],"picked":"Dropkick","floor":1},{"not_picked":["Iron Wave","Sword Boomerang"],"picked":"Havoc","floor":3},{"not_picked":["Battle Trance","Evolve"],"picked":"Juggernaut","floor":7},{"not_picked":["Heavy Blade","Headbutt","Clash"],"picked":"SKIP","floor":8},{"not_picked":["Uppercut","Disarm"],"picked":"Fire Breathing","floor":11},{"not_picked":["Havoc","Rupture"],"picked":"Clash","floor":12},{"not_picked":["Sword Boomerang","Perfected Strike"],"picked":"Limit Break","floor":13},{"not_picked":["Headbutt","Perfected Strike"],"picked":"Uppercut","floor":14},{"not_picked":["Reaper","Offering"],"picked":"Barricade","floor":16},{"not_picked":["Burning Pact","Cleave+1"],"picked":"Body Slam+1","floor":18}],"player_experience":493569,"relics_obtained":[{"floor":8,"key":"StoneCalendar"},{"floor":9,"key":"Darkstone Periapt"},{"floor":13,"key":"Lantern"},{"floor":17,"key":"Orichalcum"},{"floor":17,"key":"Molten Egg 2"},{"floor":17,"key":"Dead Branch"}],"event_choices":[{"cards_removed":["Strike_R"],"damage_healed":0,"gold_gain":0,"player_choice":"Card Removal","damage_taken":0,"max_hp_gain":0,"max_hp_loss":0,"event_name":"The Cleric","floor":2,"gold_loss":75},{"damage_healed":0,"gold_gain":75,"player_choice":"Gather Gold","damage_taken":11,"max_hp_gain":0,"max_hp_loss":0,"event_name":"World of Goop","floor":4,"gold_loss":0},{"damage_healed":0,"gold_gain":0,"cards_transformed":["Strike_R"],"player_choice":"Transformed","damage_taken":0,"max_hp_gain":0,"max_hp_loss":0,"event_name":"Transmorgrifier","floor":5,"gold_loss":0,"cards_obtained":["Inflame"]}],"is_beta":false,"boss_relics":[{"not_picked":["Busted Crown","Fusion Hammer"],"picked":"Calling Bell"}],"items_purged_floors":[],"is_endless":false,"potions_floor_spawned":[1,11,13],"killed_by":"Chosen","ascension_level":15}