{"gold_per_floor":[110,110,31,46,63,63,91,91,170,184,104,104,124,156,156,251,251,270,270,270,24,39,39,57,83,154,154],"floor_reached":27,"playtime":1095,"items_purged":["Strike_B"],"score":386,"play_id":"cd966cf1-cf04-49ba-8cdf-c05e8c12e66d","local_time":"20180929131731","is_ascension_mode":true,"campfire_choices":[{"data":"Fusion","floor":6,"key":"SMITH"},{"data":"Coolheaded","floor":12,"key":"SMITH"},{"floor":15,"key":"REST"},{"data":"Reinforced Body","floor":23,"key":"SMITH"}],"neow_cost":"NONE","seed_source_timestamp":267805708453112,"circlet_count":0,"master_deck":["Strike_B","Strike_B","Defend_B","Defend_B","Defend_B","Defend_B","Zap","Dualcast","AscendersBane","Coolheaded+1","Echo Form","Melter","Fusion+1","Double Energy","Consume","Electrodynamics","Core Surge","Reboot","Reinforced Body+1","Cold Snap","Hologram","Tempest","Skim"],"relics":["Cracked Core","Art of War","Centennial Puzzle","Dodecahedron","Cables","Inserter","Bag of Preparation","Matryoshka","Pen Nib","Bottled Flame"],"potions_floor_usage":[7,16,16,16,16,25],"damage_taken":[{"damage":2,"enemies":"Jaw Worm","floor":1,"turns":3},{"damage":6,"enemies":"2 Louse","floor":4,"turns":3},{"damage":0,"enemies":"Small Slimes","floor":5,"turns":3},{"damage":3,"enemies":"Lagavulin","floor":7,"turns":7},{"damage":7,"enemies":"Blue Slaver","floor":10,"turns":4},{"damage":0,"enemies":"3 Louse","floor":13,"turns":1},{"damage":16,"enemies":"Gremlin Nob","floor":14,"turns":4},{"damage":14,"enemies":"Slime Boss","floor":16,"turns":7},{"damage":22,"enemies":"Chosen","floor":18,"turns":5},{"damage":12,"enemies":"3 Byrds","floor":22,"turns":2},{"damage":21,"enemies":"Centurion and Healer","floor":24,"turns":6},{"damage":32,"enemies":"Book of Stabbing","floor":25,"turns":7},{"damage":12,"enemies":"Colosseum Slavers","floor":27,"turns":3}],"seed_played":"4344612684789902943","potions_obtained":[{"floor":1,"key":"SpeedPotion"},{"floor":5,"key":"FearPotion"},{"floor":10,"key":"EntropicBrew"},{"floor":18,"key":"SpeedPotion"}],"is_trial":false,"path_per_floor":["M","?","$","M","M","R","E","?","T","M","$","R","M","E","R","B",null,"M","?","?","$","M","R","M","E","T"],"character_chosen":"DEFECT","items_purchased":["Echo Form","Electrodynamics","Bag of Preparation","Hologram"],"campfire_rested":1,"item_purchase_floors":[3,11,21,21],"current_hp_per_floor":[66,59,59,53,53,53,50,50,50,43,43,43,43,27,49,35,65,43,75,75,75,63,63,42,10,10,0],"gold":154,"neow_bonus":"RANDOM_COMMON_RELIC","is_prod":false,"is_daily":false,"chose_seed":false,"campfire_upgraded":3,"win_rate":0,"timestamp":1538219851,"path_taken":["M","?","$","M","M","R","E","?","T","M","$","R","?","E","R","BOSS","M","?","?","$","M","R","M","E","T","?"],"build_version":"2018-09-27","purchased_purges":1,"victory":false,"max_hp_per_floor":[75,75,75,75,75,75,75,75,75,75,75,75,75,75,75,75,75,75,75,75,75,75,75,75,75,75,75],"card_choices":[{"not_picked":["Skim","Rip and Tear"],"picked":"Coolheaded","floor":1},{"not_picked":["Hologram","Sweeping Beam"],"picked":"Melter","floor":4},{"not_picked":["Gash","Coolheaded"],"picked":"Fusion","floor":5},{"not_picked":["Scrape","Sweeping Beam"],"picked":"Double Energy","floor":7},{"not_picked":["Chaos","Consume","Stack"],"picked":"SKIP","floor":10},{"not_picked":["Chaos","Stack"],"picked":"Consume","floor":10},{"not_picked":["Hologram","Beam Cell"],"picked":"Core Surge","floor":13},{"not_picked":["Double Energy","Turbo","Ball Lightning"],"picked":"SKIP","floor":14},{"not_picked":["Core Surge","Electrodynamics"],"picked":"Reboot","floor":16},{"not_picked":["Beam Cell","Barrage+1"],"picked":"Reinforced Body","floor":18},{"not_picked":["Go for the Eyes","FTL"],"picked":"Tempest","floor":22},{"not_picked":["Hologram","Barrage","Tempest"],"picked":"SKIP","floor":24},{"not_picked":["Sweeping Beam","Recycle"],"picked":"Skim","floor":25}],"player_experience":463782,"relics_obtained":[{"floor":7,"key":"Centennial Puzzle"},{"floor":9,"key":"Dodecahedron"},{"floor":14,"key":"Cables"},{"floor":25,"key":"Matryoshka"},{"floor":26,"key":"Pen Nib"},{"floor":26,"key":"Bottled Flame"}],"event_choices":[{"event_name":"Golden Wing","player_choice":"Card Removal","floor":2,"damage_taken":0},{"event_name":"Liars Game","player_choice":"disagreed","floor":8,"damage_taken":0},{"event_name":"Wheel of Change","player_choice":"Full Heal","floor":19,"damage_taken":0},{"event_name":"The Library","player_choice":"Read","floor":20,"damage_taken":0},{"event_name":"Colosseum","player_choice":"Fight","floor":27,"damage_taken":0}],"is_beta":false,"boss_relics":[{"not_picked":["Velvet Choker","Calling Bell"],"picked":"Inserter"}],"items_purged_floors":[21],"is_endless":false,"potions_floor_spawned":[1,5,10,14,18],"killed_by":"Colosseum Slavers","ascension_level":12}