{"gold_per_floor":[117,128,204,11,22,22,56,76,103,164,239,12,23,23,23,124,124,139,159,159,178,192,224,224,254,278,43,62,62,77,104,104,104],"floor_reached":33,"playtime":2173,"items_purged":[],"score":507,"play_id":"16e89cab-af08-495f-a474-21402b88012f","local_time":"20181109225805","is_ascension_mode":true,"campfire_choices":[{"data":"Armaments","floor":6,"key":"SMITH"},{"floor":15,"key":"REST"},{"floor":24,"key":"REST"},{"floor":29,"key":"REST"},{"floor":32,"key":"REST"}],"neow_cost":"NONE","seed_source_timestamp":0,"circlet_count":0,"master_deck":["AscendersBane","Strike_R+1","Strike_R","Strike_R","Strike_R","Strike_R","Defend_R","Defend_R","Defend_R","Defend_R","Bash","Carnage","Clothesline","Armaments+1","True Grit","Reaper+1","Flame Barrier","Spot Weakness","Heavy Blade","Barricade","Dual Wield","Cleave","Perfected Strike+1","Rampage","Blood for Blood+1","Entrench+1","Deep Breath","Body Slam+1","Bludgeon+1","Sever Soul+1"],"special_seed":0,"relics":["Burning Blood","Happy Flower","Lantern","Art of War","Strawberry","Tiny Chest","Frozen Eye","Snecko Eye","Molten Egg 2","Darkstone Periapt","Boot","Pen Nib","Bag of Preparation"],"potions_floor_usage":[8,10,13,16,22,23,30],"damage_taken":[{"damage":4.0,"enemies":"Small Slimes","floor":1.0,"turns":4.0},{"damage":2.0,"enemies":"2 Louse","floor":2.0,"turns":3.0},{"damage":7.0,"enemies":"Jaw Worm","floor":5.0,"turns":3.0},{"damage":35,"enemies":"Gremlin Nob","floor":7,"turns":5},{"damage":13,"enemies":"Large Slime","floor":8,"turns":5},{"damage":25,"enemies":"Lagavulin","floor":10,"turns":6},{"damage":0,"enemies":"Looter","floor":13,"turns":3},{"damage":47,"enemies":"Hexaghost","floor":16,"turns":9},{"damage":21,"enemies":"2 Thieves","floor":18,"turns":3},{"damage":6,"enemies":"Shell Parasite","floor":19,"turns":4},{"damage":6,"enemies":"Chosen and Byrds","floor":21,"turns":4},{"damage":11,"enemies":"Snake Plant","floor":22,"turns":2},{"damage":54,"enemies":"Book of Stabbing","floor":23,"turns":6},{"damage":33,"enemies":"Gremlin Leader","floor":25,"turns":7},{"damage":0,"enemies":"Sentry and Sphere","floor":28,"turns":4},{"damage":0,"enemies":"Cultist and Chosen","floor":30,"turns":4},{"damage":28,"enemies":"Slavers","floor":31,"turns":5},{"damage":104,"enemies":"Automaton","floor":33,"turns":6}],"seed_played":"2738386425934043886","potions_obtained":[{"floor":1.0,"key":"AttackPotion"},{"floor":2.0,"key":"Poison Potion"},{"floor":10,"key":"Regen Potion"},{"floor":13,"key":"Strength Potion"},{"floor":18,"key":"SpeedPotion"},{"floor":19,"key":"SpeedPotion"},{"floor":21,"key":"AttackPotion"},{"floor":25,"key":"Explosive Potion"}],"is_trial":false,"path_per_floor":["M","M","?","$","M","R","E","M","T","E","?","$","M","?","R","B",null,"M","M","?","M","M","E","R","E","T","$","M","R","M","E","R","B"],"character_chosen":"IRONCLAD","items_purchased":["Lantern","Armaments","Frozen Eye","Anger","Pen Nib","Deep Breath"],"campfire_rested":4,"item_purchase_floors":[4,4,12,12,27,27],"current_hp_per_floor":[74,78,78,78,77,77,48,45,52,37,26,26,41,24,50,19,70,55,55,60,67,62,14,40,19,19,19,30,56,62,42,68,0],"gold":104,"neow_bonus":"RANDOM_COMMON_RELIC","is_prod":false,"is_daily":false,"chose_seed":true,"campfire_upgraded":1,"win_rate":0,"timestamp":1541833085,"path_taken":["M","M","?","$","M","R","E","M","T","E","?","?","M","?","R","BOSS","M","M","?","M","M","E","R","E","T","$","?","R","M","E","R","BOSS"],"build_version":"2018-11-08","purchased_purges":0,"victory":false,"max_hp_per_floor":[80,80,80,80,80,80,80,80,87,87,87,87,87,87,87,87,87,87,87,87,87,87,87,87,87,87,87,87,87,87,87,87,87],"card_choices":[{"not_picked":["Evolve","Iron Wave"],"picked":"Carnage","floor":1.0},{"not_picked":["Disarm","Warcry"],"picked":"Clothesline","floor":2.0},{"not_picked":["Sword Boomerang","Metallicize"],"picked":"True Grit","floor":5.0},{"not_picked":["Blood for Blood","Inflame"],"picked":"Reaper","floor":7},{"not_picked":["Perfected Strike","Sword Boomerang"],"picked":"Flame Barrier","floor":8},{"not_picked":["Sentinel","Headbutt"],"picked":"Spot Weakness","floor":10},{"not_picked":["Carnage","True Grit"],"picked":"Heavy Blade","floor":13},{"not_picked":["Impervious","Bludgeon"],"picked":"Barricade","floor":16},{"not_picked":["Heavy Blade","Warcry"],"picked":"Dual Wield","floor":18},{"not_picked":["Metallicize","True Grit"],"picked":"Cleave","floor":19},{"not_picked":["Headbutt","Anger"],"picked":"Perfected Strike+1","floor":21},{"not_picked":["Rage","Wild Strike"],"picked":"Rampage","floor":22},{"not_picked":["Warcry","Headbutt+1"],"picked":"Blood for Blood","floor":23},{"not_picked":["Searing Blow+1","Evolve"],"picked":"Entrench+1","floor":25},{"not_picked":["Warcry","Heavy Blade+1"],"picked":"Body Slam+1","floor":28},{"not_picked":["Sentinel","Wild Strike+1"],"picked":"Bludgeon+1","floor":30},{"not_picked":["Searing Blow+1","Metallicize"],"picked":"Sever Soul+1","floor":31}],"player_experience":389884,"relics_obtained":[{"floor":7,"key":"Art of War"},{"floor":9,"key":"Strawberry"},{"floor":10,"key":"Tiny Chest"},{"floor":23,"key":"Molten Egg 2"},{"floor":25,"key":"Darkstone Periapt"},{"floor":26,"key":"Boot"},{"floor":31,"key":"Bag of Preparation"}],"event_choices":[{"damage_healed":0.0,"max_hp_gain":0.0,"max_hp_loss":0.0,"gold_gain":76.0,"event_name":"Golden Wing","player_choice":"Gained Gold","floor":3.0,"gold_loss":0.0,"damage_taken":0.0},{"damage_healed":0,"gold_gain":75,"player_choice":"Gather Gold","damage_taken":11,"max_hp_gain":0,"max_hp_loss":0,"event_name":"World of Goop","floor":11,"gold_loss":0},{"damage_healed":0,"gold_gain":0,"player_choice":"Entered Light","damage_taken":17,"max_hp_gain":0,"max_hp_loss":0,"event_name":"Shining Light","floor":14,"gold_loss":0,"cards_upgraded":["Reaper","Strike_R"]},{"cards_removed":["Anger"],"damage_healed":5,"gold_gain":0,"player_choice":"Offered Common","damage_taken":0,"max_hp_gain":0,"max_hp_loss":0,"event_name":"Bonfire Elementals","floor":20,"gold_loss":0},{"cards_removed":["Anger"],"damage_healed":5,"gold_gain":0,"player_choice":"Offered Special","damage_taken":0,"max_hp_gain":0,"max_hp_loss":0,"event_name":"Bonfire Elementals","floor":20,"gold_loss":0}],"is_beta":false,"boss_relics":[{"not_picked":["Runic Dome","Runic Cube"],"picked":"Snecko Eye"}],"items_purged_floors":[],"is_endless":false,"potions_floor_spawned":[1,2,10,13,18,19,21,25],"killed_by":"Automaton","ascension_level":12}