{"gold_per_floor":[12,12,12,25,25,50,64,64,87,117,117,39,67,67,67,67],"floor_reached":16,"playtime":640,"items_purged":[],"score":215,"play_id":"c0a977ff-c8f8-437e-bbcd-afd7ba2daef6","local_time":"20181206135824","is_ascension_mode":true,"campfire_choices":[{"floor":8,"key":"REST"},{"data":"Body Slam","floor":11,"key":"SMITH"},{"data":"True Grit","floor":15,"key":"SMITH"}],"neow_cost":"NO_GOLD","seed_source_timestamp":72207864799734,"circlet_count":0,"master_deck":["AscendersBane","Strike_R","Strike_R","Strike_R","Strike_R","Defend_R","Defend_R","Defend_R","Bash","Second Wind","True Grit+1","Impervious","Feel No Pain","Body Slam+1","Iron Wave","Seeing Red","Sentinel","Bludgeon","Power Through"],"relics":["Burning Blood","Red Skull","Nunchaku","Smiling Mask","Pear","Lantern"],"potions_floor_usage":[10,13,16],"damage_taken":[{"damage":9,"enemies":"Jaw Worm","floor":1,"turns":5},{"damage":4,"enemies":"Small Slimes","floor":4,"turns":4},{"damage":48,"enemies":"Gremlin Nob","floor":6,"turns":6},{"damage":3,"enemies":"2 Louse","floor":7,"turns":3},{"damage":25,"enemies":"3 Sentries","floor":10,"turns":13},{"damage":38,"enemies":"Gremlin Nob","floor":13,"turns":6},{"damage":23,"enemies":"Slime Boss","floor":16,"turns":3}],"seed_played":"-8764030472258585858","potions_obtained":[{"floor":1,"key":"Regen Potion"},{"floor":10,"key":"Poison Potion"},{"floor":13,"key":"Block Potion"}],"is_trial":false,"path_per_floor":["M","$","?","M","?","E","M","R","T","E","R","$","E","?","R","B"],"character_chosen":"IRONCLAD","items_purchased":["Seeing Red"],"campfire_rested":1,"item_purchase_floors":[12],"current_hp_per_floor":[65,65,60,62,62,20,23,45,45,51,51,51,19,19,19,0],"gold":67,"neow_bonus":"TRANSFORM_TWO_CARDS","is_prod":false,"is_daily":false,"chose_seed":false,"campfire_upgraded":2,"win_rate":0,"timestamp":1544101104,"path_taken":["M","$","?","M","?","E","M","R","T","E","R","$","E","?","R","BOSS"],"build_version":"2018-11-15","purchased_purges":0,"victory":false,"max_hp_per_floor":[75,75,75,75,75,75,75,75,75,85,85,85,85,85,85,85],"card_choices":[{"not_picked":["Evolve","Rupture"],"picked":"True Grit","floor":1},{"not_picked":["Warcry","Perfected Strike"],"picked":"Impervious","floor":4},{"not_picked":["Dual Wield","Dropkick"],"picked":"Body Slam","floor":6},{"not_picked":["Headbutt","Heavy Blade"],"picked":"Iron Wave","floor":7},{"not_picked":["Cleave","Thunderclap","Warcry"],"picked":"SKIP","floor":10},{"not_picked":["Whirlwind","Cleave"],"picked":"Sentinel","floor":13}],"player_experience":721599,"relics_obtained":[{"floor":6,"key":"Nunchaku"},{"floor":9,"key":"Smiling Mask"},{"floor":10,"key":"Pear"},{"floor":13,"key":"Lantern"}],"event_choices":[{"damage_healed":0,"gold_gain":0,"player_choice":"Success","damage_taken":5,"relics_obtained":["Red Skull"],"max_hp_gain":0,"max_hp_loss":0,"event_name":"Scrap Ooze","floor":3,"gold_loss":0},{"damage_healed":0,"gold_gain":0,"cards_transformed":["Fire Breathing"],"player_choice":"Change","damage_taken":0,"max_hp_gain":0,"max_hp_loss":0,"event_name":"Living Wall","floor":5,"gold_loss":0,"cards_obtained":["Feel No Pain"]},{"damage_healed":0,"gold_gain":0,"player_choice":"2 cards matched","damage_taken":0,"max_hp_gain":0,"max_hp_loss":0,"event_name":"Match and Keep!","floor":14,"gold_loss":0,"cards_obtained":["Bludgeon","Power Through"]}],"is_beta":false,"boss_relics":[],"items_purged_floors":[],"is_endless":false,"potions_floor_spawned":[1,10,13],"killed_by":"Slime Boss","ascension_level":17}