{"gold_per_floor":[119,133,83,97,26,37,37,37,61,119,119,201,227,22,22,119,119,119],"floor_reached":18,"playtime":679,"items_purged":[],"score":168,"play_id":"2208dabf-2129-4afe-bed2-a9c7919d3c88","local_time":"20181228150928","daily_mods":["Diverse"],"is_ascension_mode":false,"campfire_choices":[{"data":"Choke","floor":8,"key":"SMITH"},{"data":"Metallicize","floor":11,"key":"SMITH"},{"data":"Bash","floor":15,"key":"SMITH"}],"neow_cost":"","seed_source_timestamp":0,"circlet_count":0,"master_deck":["Strike_R","Strike_R","Strike_R","Strike_R","Defend_R","Defend_R","Defend_R","Defend_R","Bash+1","Choke+1","Metallicize+1","Shrug It Off","Doom and Gloom+1","Deflect","Gash","Backflip","Ball Lightning+1","Multi-Cast"],"special_seed":0,"relics":["Burning Blood","Regal Pillow","Tiny Chest","Molten Egg 2","Pear","Membership Card","Snecko Eye"],"potions_floor_usage":[13],"damage_taken":[{"damage":6.0,"enemies":"Jaw Worm","floor":1.0,"turns":7.0},{"damage":9,"enemies":"Small Slimes","floor":2,"turns":5},{"damage":0,"enemies":"2 Louse","floor":4,"turns":3},{"damage":0,"enemies":"Blue Slaver","floor":6,"turns":6},{"damage":29,"enemies":"Gremlin Nob","floor":10,"turns":5},{"damage":1,"enemies":"3 Sentries","floor":13,"turns":4},{"damage":25,"enemies":"The Guardian","floor":16,"turns":14},{"damage":8,"enemies":"Shell Parasite","floor":18,"turns":3}],"seed_played":"5323501132022334966","potions_obtained":[{"floor":1.0,"key":"SteroidPotion"},{"floor":4,"key":"SteroidPotion"},{"floor":6,"key":"Fire Potion"}],"is_trial":true,"path_per_floor":["M","M","?","M","$","M","?","R","T","E","R","T","E","$","R","B",null,"M"],"character_chosen":"IRONCLAD","items_purchased":["Doom and Gloom","Membership Card","Ball Lightning+1"],"campfire_rested":0,"item_purchase_floors":[5,14,14],"current_hp_per_floor":[80,77,77,80,80,80,80,80,80,57,57,57,72,72,72,53,90,82],"gold":119,"neow_bonus":"","is_prod":false,"is_daily":false,"chose_seed":false,"campfire_upgraded":3,"win_rate":0,"timestamp":1546006168,"path_taken":["M","M","?","M","$","M","?","R","T","E","R","?","E","$","R","BOSS","M"],"build_version":"2018-12-20","purchased_purges":0,"victory":false,"max_hp_per_floor":[80,80,80,80,80,80,80,80,80,80,80,80,90,90,90,90,90,90],"card_choices":[{"not_picked":["Acrobatics","Dual Wield"],"picked":"Choke","floor":1.0},{"not_picked":["Bouncing Flask","Hello World"],"picked":"Metallicize","floor":2},{"not_picked":["Body Slam","Dual Wield"],"picked":"Shrug It Off","floor":4},{"not_picked":["Hello World","Armaments"],"picked":"Deflect","floor":6},{"not_picked":["Pommel Strike","Skewer"],"picked":"Gash","floor":10},{"not_picked":["Outmaneuver","Compile Driver+1"],"picked":"Backflip","floor":13},{"not_picked":["Machine Learning","Bludgeon+1"],"picked":"Multi-Cast","floor":16}],"player_experience":794390,"relics_obtained":[{"floor":9,"key":"Regal Pillow"},{"floor":10,"key":"Tiny Chest"},{"floor":12,"key":"Molten Egg 2"},{"floor":13,"key":"Pear"}],"event_choices":[{"cards_removed":["Strike_R"],"damage_healed":0,"gold_gain":0,"player_choice":"Card Removal","damage_taken":0,"max_hp_gain":0,"max_hp_loss":0,"event_name":"The Cleric","floor":3,"gold_loss":50},{"damage_healed":0,"gold_gain":0,"player_choice":"Grow","damage_taken":0,"max_hp_gain":0,"max_hp_loss":0,"event_name":"Living Wall","floor":7,"gold_loss":0,"cards_upgraded":["Doom and Gloom"]}],"is_beta":false,"boss_relics":[{"not_picked":["Ectoplasm","Eternal Feather"],"picked":"Snecko Eye"}],"items_purged_floors":[],"is_endless":false,"potions_floor_spawned":[1,4,6,10],"killed_by":"Shell Parasite","ascension_level":0}