{"gold_per_floor":[114,11,11,11,25,25,53,70,70,70,81,81,156,156,156,253,253,265,265,265,137,127,153,153,187,187,198,198,211,63,95,95,199,199,219,92,110,122,139,172,172,183,262,262,262,262,53,64,64,64],"floor_reached":51,"playtime":1702,"items_purged":["Defend_B","Defend_B"],"score":1041,"play_id":"7dd91afe-afa0-46e2-9f8a-b1baa6669387","local_time":"20180917235603","is_ascension_mode":true,"campfire_choices":[{"data":"Defragment","floor":6,"key":"SMITH"},{"data":"Capacitor","floor":10,"key":"SMITH"},{"data":"Barrage","floor":12,"key":"SMITH"},{"data":"Zap","floor":15,"key":"SMITH"},{"floor":24,"key":"REST"},{"floor":28,"key":"REST"},{"data":"Barrage","floor":32,"key":"SMITH"},{"data":"Seek","floor":41,"key":"SMITH"},{"data":"Mayhem","floor":46,"key":"SMITH"},{"floor":49,"key":"REST"}],"neow_cost":"NONE","seed_source_timestamp":200156424937408,"circlet_count":0,"master_deck":["Strike_B","Strike_B","Strike_B","Strike_B","Defend_B","Defend_B","Zap+1","Dualcast","Glacier","Capacitor+1","Barrage+1","Defragment+1","Capacitor","Seek+1","Loop+1","Barrage+1","Ball Lightning","Consume+1","Compile Driver","Barrage","Electrodynamics","Cold Snap","Blizzard","Mayhem+1","Master of Strategy","Compile Driver+1"],"relics":["Runic Dome","Unceasing Top","Regal Pillow","StoneCalendar","Meat on the Bone","Inserter","Cables","Ginger","Gremlin Horn","FossilizedHelix","Anchor","Sozu","Symbiotic Virus","Letter Opener"],"potions_floor_usage":[7,16,22,23,50,50],"damage_taken":[{"damage":6,"enemies":"Cultist","floor":1,"turns":4},{"damage":2,"enemies":"2 Louse","floor":5,"turns":4},{"damage":0,"enemies":"Lagavulin","floor":7,"turns":7},{"damage":3,"enemies":"Small Slimes","floor":8,"turns":4},{"damage":4,"enemies":"2 Fungi Beasts","floor":11,"turns":5},{"damage":13,"enemies":"Slime Boss","floor":16,"turns":8},{"damage":12,"enemies":"Chosen","floor":18,"turns":6},{"damage":0,"enemies":"2 Thieves","floor":22,"turns":5},{"damage":38,"enemies":"Gremlin Leader","floor":23,"turns":7},{"damage":11,"enemies":"Book of Stabbing","floor":25,"turns":7},{"damage":1,"enemies":"Sentry and Sphere","floor":27,"turns":6},{"damage":6,"enemies":"Shelled Parasite and Fungi","floor":29,"turns":6},{"damage":18,"enemies":"Gremlin Leader","floor":31,"turns":6},{"damage":17,"enemies":"Champ","floor":33,"turns":8},{"damage":0,"enemies":"3 Shapes","floor":35,"turns":5},{"damage":29,"enemies":"3 Darklings","floor":37,"turns":5},{"damage":14,"enemies":"Reptomancer","floor":38,"turns":4},{"damage":14,"enemies":"Spire Growth","floor":39,"turns":4},{"damage":6,"enemies":"Giant Head","floor":40,"turns":7},{"damage":10,"enemies":"3 Darklings","floor":42,"turns":3},{"damage":0,"enemies":"Maw","floor":48,"turns":4},{"damage":8,"enemies":"Donu and Deca","floor":50,"turns":7}],"seed_played":"-3215966604423062075","potions_obtained":[{"floor":1,"key":"SkillPotion"},{"floor":7,"key":"Ancient Potion"},{"floor":11,"key":"AttackPotion"},{"floor":18,"key":"PowerPotion"},{"floor":22,"key":"LiquidBronze"},{"floor":31,"key":"Strength Potion"},{"floor":33,"key":"Energy Potion"}],"is_trial":false,"path_per_floor":["M","$","?","?","M","R","E","M","T","R","M","R","?","T","R","B",null,"M","?","?","$","M","E","R","E","T","M","R","M","$","E","R","B",null,"M","$","M","M","M","E","R","M","T","?","?","R","$","M","R","B"],"character_chosen":"DEFECT","items_purchased":["Capacitor","Barrage","Barrage","Compile Driver","Cold Snap","Blizzard","Master of Strategy"],"campfire_rested":3,"item_purchase_floors":[2,2,21,30,36,36,47],"current_hp_per_floor":[62,62,55,75,73,73,73,70,70,70,66,66,55,55,55,42,67,55,39,39,39,39,13,50,39,39,38,75,69,69,51,51,46,68,68,68,39,37,35,41,41,43,43,43,43,43,43,43,71,63],"gold":64,"neow_bonus":"BOSS_RELIC","is_prod":false,"is_daily":false,"chose_seed":false,"campfire_upgraded":7,"win_rate":0,"timestamp":1537221363,"path_taken":["M","$","?","?","M","R","E","M","T","R","?","R","?","?","R","BOSS","M","?","?","?","?","E","R","E","T","M","R","M","$","E","R","BOSS","M","$","M","M","M","E","R","M","T","?","?","R","$","M","R","BOSS"],"build_version":"2018-09-06","purchased_purges":2,"victory":true,"max_hp_per_floor":[75,75,75,75,75,75,75,75,75,75,75,75,75,75,75,75,75,75,75,75,75,75,75,75,75,75,75,75,75,75,75,75,75,75,75,75,75,75,75,75,75,75,75,75,71,71,71,71,71,71],"card_choices":[{"not_picked":["Tempest","Go for the Eyes"],"picked":"Glacier","floor":1},{"not_picked":["Coolheaded","Chaos"],"picked":"Defragment","floor":5},{"not_picked":["Go for the Eyes","Sunder","Reprogram"],"picked":"SKIP","floor":7},{"not_picked":["Coolheaded","Tempest","Barrage"],"picked":"SKIP","floor":8},{"not_picked":["Rebound","Sweeping Beam"],"picked":"Capacitor","floor":11},{"not_picked":["Buffer","Multi-Cast"],"picked":"Seek","floor":16},{"not_picked":["Capacitor","Cold Snap"],"picked":"Loop+1","floor":18},{"not_picked":["Coolheaded","Scrape"],"picked":"Ball Lightning","floor":22},{"not_picked":["Sweeping Beam","Storm"],"picked":"Consume+1","floor":23},{"not_picked":["Turbo","Rebound","Cold Snap"],"picked":"SKIP","floor":25},{"not_picked":["Consume","Turbo+1","Stack"],"picked":"SKIP","floor":27},{"not_picked":["Hologram","Aggregate+1","Streamline"],"picked":"SKIP","floor":29},{"not_picked":["Coolheaded","Steam"],"picked":"Barrage","floor":31},{"not_picked":["Creative AI","Biased Cognition"],"picked":"Electrodynamics","floor":33},{"not_picked":["Sweeping Beam","Gash","Ball Lightning"],"picked":"SKIP","floor":35},{"not_picked":["Rebound","Amplify","Steam+1"],"picked":"SKIP","floor":37},{"not_picked":["Redo+1","Cold Snap+1","Lockon"],"picked":"SKIP","floor":38},{"not_picked":["Turbo+1","Go for the Eyes","Conserve Battery"],"picked":"SKIP","floor":39},{"not_picked":["Hologram","Buffer","Barrage+1"],"picked":"SKIP","floor":40},{"not_picked":["Turbo+1","Fusion","Darkness+1"],"picked":"SKIP","floor":42},{"not_picked":["Secret Weapon","Flash of Steel"],"picked":"Mayhem","floor":44},{"not_picked":["Capacitor","Go for the Eyes+1"],"picked":"Compile Driver+1","floor":48}],"player_experience":426635,"relics_obtained":[{"floor":7,"key":"Regal Pillow"},{"floor":9,"key":"StoneCalendar"},{"floor":14,"key":"Meat on the Bone"},{"floor":23,"key":"Ginger"},{"floor":25,"key":"Gremlin Horn"},{"floor":26,"key":"FossilizedHelix"},{"floor":31,"key":"Anchor"},{"floor":40,"key":"Symbiotic Virus"},{"floor":43,"key":"Letter Opener"}],"event_choices":[{"event_name":"Scrap Ooze","player_choice":"success","floor":3,"damage_taken":7},{"event_name":"Big Fish","player_choice":"Banana","floor":4,"damage_taken":0},{"event_name":"World of Goop","player_choice":"Gather Gold","floor":13,"damage_taken":0},{"event_name":"Cursed Tome","player_choice":"Obtained Book","floor":19,"damage_taken":0},{"event_name":"The Mausoleum","player_choice":"Yes","floor":20,"damage_taken":0},{"event_name":"SensoryStone","player_choice":"Memory 1","floor":44,"damage_taken":0},{"event_name":"Winding Halls","player_choice":"Max HP","floor":45,"damage_taken":0}],"is_beta":false,"boss_relics":[{"not_picked":["Eternal Feather","Calling Bell"],"picked":"Inserter"},{"not_picked":["Astrolabe","Coffee Dripper"],"picked":"Sozu"}],"items_purged_floors":[21,30],"is_endless":false,"potions_floor_spawned":[1,7,11,18,22,31,33,35,38,39],"ascension_level":8}