{"gold_per_floor":[368,368,368,368,61,61,80,91,91,91,116,116,191,209,209,307,307,322,322,337,337,262,262,273,273,327,344,344,391,409,409],"floor_reached":31,"playtime":1839,"items_purged":["Strike_R"],"score":351,"play_id":"c74f1290-9f5c-48b4-9565-a572910a7a0d","local_time":"20190129000717","is_ascension_mode":true,"campfire_choices":[{"floor":6,"key":"REST"},{"data":"Barricade","floor":12,"key":"SMITH"},{"data":"Body Slam","floor":15,"key":"SMITH"},{"floor":23,"key":"REST"},{"floor":25,"key":"REST"},{"data":"Ghostly","floor":28,"key":"SMITH"}],"neow_cost":"PERCENT_DAMAGE","seed_source_timestamp":9053752923928,"circlet_count":0,"master_deck":["Strike_R+1","Strike_R+1","Strike_R+1","Defend_R+1","Defend_R+1","Defend_R+1","Defend_R+1","Bash+1","Body Slam+1","Feel No Pain+1","Flex","Barricade+1","Body Slam+1","Juggernaut","True Grit","Ghostly","Ghostly","Ghostly","Ghostly","Ghostly+1","Armaments+1","Iron Wave","Iron Wave"],"relics":["Burning Blood","Blood Vial","Juzu Bracelet","Dream Catcher","Runic Cube","Oddly Smooth Stone","Vajra"],"potions_floor_usage":[11,11,16,16,24,30],"damage_taken":[{"damage":4,"enemies":"2 Louse","floor":1,"turns":5},{"damage":12,"enemies":"Jaw Worm","floor":7,"turns":3},{"damage":0,"enemies":"Cultist","floor":8,"turns":4},{"damage":12,"enemies":"Gremlin Nob","floor":11,"turns":4},{"damage":9,"enemies":"3 Louse","floor":14,"turns":5},{"damage":50,"enemies":"The Guardian","floor":16,"turns":12},{"damage":56,"enemies":"3 Byrds","floor":18,"turns":10},{"damage":12,"enemies":"Shell Parasite","floor":20,"turns":5},{"damage":16,"enemies":"Snecko","floor":24,"turns":8},{"damage":5,"enemies":"Sentry and Sphere","floor":27,"turns":10},{"damage":3,"enemies":"3 Cultists","floor":30,"turns":6},{"damage":47,"enemies":"Gremlin Leader","floor":31,"turns":6}],"seed_played":"-7375660543947170369","potions_obtained":[{"floor":1,"key":"Block Potion"},{"floor":7,"key":"Ancient Potion"},{"floor":8,"key":"Poison Potion"},{"floor":14,"key":"Block Potion"},{"floor":18,"key":"Block Potion"},{"floor":27,"key":"LiquidBronze"},{"floor":30,"key":"Dexterity Potion"}],"is_trial":false,"path_per_floor":["?","?","?","?","?","?","?","?","T"],"character_chosen":"IRONCLAD","items_purchased":["Blood Vial","Feel No Pain"],"campfire_rested":3,"item_purchase_floors":[5,5],"current_hp_per_floor":[53,53,37,37,37,61,57,65,65,65,61,61,50,49,49,7,62,14,14,10,10,10,22,14,26,26,29,29,29,34,0],"gold":409,"neow_bonus":"TWO_FIFTY_GOLD","is_prod":false,"is_daily":false,"chose_seed":false,"campfire_upgraded":3,"win_rate":0,"timestamp":1548691637,"path_taken":["M","?","?","?","$","R","M","M","T","?","E","R","?","M","R","BOSS","M","?","M","?","?","R","M","R","T","M","R","?","M","E"],"build_version":"2019-01-23","purchased_purges":1,"victory":false,"max_hp_per_floor":[80,80,80,80,80,80,80,80,80,80,80,80,80,80,80,80,80,80,80,80,40,40,40,40,40,40,40,40,40,40,40],"card_choices":[{"not_picked":["Second Wind","Entrench"],"picked":"Body Slam","floor":1},{"not_picked":["Fire Breathing","Headbutt"],"picked":"Flex","floor":7},{"not_picked":["Wild Strike","Spot Weakness","Fire Breathing"],"picked":"SKIP","floor":8},{"not_picked":["Rage","Heavy Blade"],"picked":"Barricade","floor":11},{"not_picked":["Wild Strike","Perfected Strike"],"picked":"Body Slam","floor":14},{"not_picked":["Immolate","Demon Form"],"picked":"Juggernaut","floor":16},{"not_picked":["Sword Boomerang","Flex+1","Body Slam"],"picked":"SKIP","floor":18},{"not_picked":["Dropkick","Rampage+1"],"picked":"True Grit","floor":20},{"not_picked":["Wild Strike","Sever Soul"],"picked":"Armaments+1","floor":23},{"not_picked":["Thunderclap","Combust+1","Heavy Blade+1"],"picked":"SKIP","floor":24},{"not_picked":["Carnage","Shockwave"],"picked":"Iron Wave","floor":25},{"not_picked":["Twin Strike","Fire Breathing+1"],"picked":"Iron Wave","floor":27},{"not_picked":["Body Slam","Anger","Sword Boomerang+1"],"picked":"SKIP","floor":30}],"player_experience":106800,"relics_obtained":[{"floor":9,"key":"Juzu Bracelet"},{"floor":11,"key":"Dream Catcher"},{"floor":26,"key":"Oddly Smooth Stone"},{"floor":29,"key":"Vajra"}],"event_choices":[{"damage_healed":0,"gold_gain":0,"player_choice":"Ignored","damage_taken":0,"max_hp_gain":0,"max_hp_loss":0,"event_name":"Liars Game","floor":2,"gold_loss":0},{"damage_healed":0,"gold_gain":0,"player_choice":"Entered Light","damage_taken":16,"max_hp_gain":0,"max_hp_loss":0,"event_name":"Shining Light","floor":3,"gold_loss":0,"cards_upgraded":["Body Slam","Defend_R"]},{"damage_healed":0,"gold_gain":0,"player_choice":"Forge","damage_taken":0,"max_hp_gain":0,"max_hp_loss":0,"event_name":"Accursed Blacksmith","floor":4,"gold_loss":0,"cards_upgraded":["Bash"]},{"damage_healed":0,"gold_gain":0,"player_choice":"Grow","damage_taken":0,"max_hp_gain":0,"max_hp_loss":0,"event_name":"Living Wall","floor":10,"gold_loss":0,"cards_upgraded":["Feel No Pain"]},{"damage_healed":0,"gold_gain":75,"player_choice":"Gather Gold","damage_taken":11,"max_hp_gain":0,"max_hp_loss":0,"event_name":"World of Goop","floor":13,"gold_loss":0},{"damage_healed":0,"gold_gain":0,"player_choice":"Simplicity","damage_taken":0,"max_hp_gain":0,"max_hp_loss":0,"event_name":"Back to Basics","floor":19,"gold_loss":0,"cards_upgraded":["Strike_R","Strike_R","Strike_R","Strike_R","Defend_R","Defend_R","Defend_R"]},{"damage_healed":0,"gold_gain":0,"player_choice":"Became a Ghost","damage_taken":0,"max_hp_gain":0,"max_hp_loss":40,"event_name":"Ghosts","floor":21,"gold_loss":0,"cards_obtained":["Ghostly","Ghostly","Ghostly","Ghostly","Ghostly"]},{"cards_removed":["Strike_R"],"damage_healed":0,"gold_gain":0,"player_choice":"Gave Gold","damage_taken":0,"max_hp_gain":0,"max_hp_loss":0,"event_name":"Beggar","floor":22,"gold_loss":75}],"is_beta":false,"boss_relics":[{"not_picked":["Fusion Hammer","Snecko Eye"],"picked":"Runic Cube"}],"items_purged_floors":[5],"is_endless":false,"potions_floor_spawned":[1,7,8,14,18,27,30],"killed_by":"Gremlin Leader","ascension_level":8}