{"gold_per_floor":[113,113,133,133,58,58,92,92,92,125,125,150,160,174,174,270,270,284,82,93,93,113,113,195,195,222,237,237,257,257,282,282,386,386,405,405,418,75,75,75,108,108,108,124,124,155,155,169,169,169],"floor_reached":51,"playtime":3497,"items_purged":["Strike_R","Defend_R","Strike_R"],"score":981,"play_id":"719af8bc-099b-4074-9733-e65f5e832ef7","local_time":"20190214174551","is_ascension_mode":true,"campfire_choices":[{"data":"1","floor":6,"key":"LIFT"},{"floor":8,"key":"REST"},{"floor":11,"key":"REST"},{"data":"True Grit","floor":15,"key":"SMITH"},{"floor":23,"key":"REST"},{"data":"2","floor":25,"key":"LIFT"},{"data":"Feed","floor":28,"key":"SMITH"},{"data":"3","floor":30,"key":"LIFT"},{"data":"Flame Barrier","floor":32,"key":"SMITH"},{"data":"Madness","floor":40,"key":"SMITH"},{"data":"Madness","floor":42,"key":"SMITH"},{"data":"Feel No Pain","floor":45,"key":"SMITH"},{"data":"Flex","floor":49,"key":"SMITH"}],"neow_cost":"TEN_PERCENT_HP_LOSS","seed_source_timestamp":1788798078558,"circlet_count":0,"master_deck":["Strike_R","Defend_R","Bash","Flame Barrier+1","Flex+1","Carnage","Dropkick","Havoc","Immolate","Sword Boomerang","True Grit+1","Clothesline","Feed+1","Clash","Iron Wave","Headbutt","Warcry","Inflame+1","Iron Wave","Twin Strike+1","Reaper","Madness+1","Madness+1","Clothesline+1","Sword Boomerang","Feel No Pain+1","Seeing Red+1","Inflame","Warcry+1"],"relics":["Burning Blood","Girya","Lantern","Self Forming Clay","Mummified Hand","Bag of Preparation","Eternal Feather","Gremlin Horn","PreservedInsect","Potion Belt","Busted Crown","Strange Spoon","Bottled Flame","Orichalcum"],"potions_floor_usage":[10,22,33,33,33,41,46,46,50,50,50],"damage_taken":[{"damage":0,"enemies":"2 Louse","floor":1,"turns":4},{"damage":4,"enemies":"Small Slimes","floor":3,"turns":2},{"damage":40,"enemies":"Lagavulin","floor":7,"turns":4},{"damage":32,"enemies":"3 Sentries","floor":10,"turns":8},{"damage":0,"enemies":"Gremlin Nob","floor":12,"turns":2},{"damage":0,"enemies":"Cultist","floor":13,"turns":1},{"damage":1,"enemies":"Blue Slaver","floor":14,"turns":2},{"damage":20,"enemies":"Slime Boss","floor":16,"turns":11},{"damage":2,"enemies":"Spheric Guardian","floor":18,"turns":3},{"damage":9,"enemies":"3 Byrds","floor":20,"turns":4},{"damage":32,"enemies":"Centurion and Healer","floor":22,"turns":4},{"damage":10,"enemies":"Shelled Parasite and Fungi","floor":27,"turns":3},{"damage":13,"enemies":"Snake Plant","floor":29,"turns":2},{"damage":12,"enemies":"Book of Stabbing","floor":31,"turns":3},{"damage":67,"enemies":"Automaton","floor":33,"turns":10},{"damage":2,"enemies":"3 Darklings","floor":35,"turns":4},{"damage":9,"enemies":"Orb Walker","floor":37,"turns":3},{"damage":12,"enemies":"Reptomancer","floor":41,"turns":4},{"damage":3,"enemies":"4 Shapes","floor":44,"turns":1},{"damage":13,"enemies":"Giant Head","floor":46,"turns":5},{"damage":10,"enemies":"Spire Growth","floor":48,"turns":3},{"damage":91,"enemies":"Donu and Deca","floor":50,"turns":8}],"seed_played":"6398552227586044818","potions_obtained":[{"floor":1,"key":"GamblersBrew"},{"floor":3,"key":"EntropicBrew"},{"floor":14,"key":"GamblersBrew"},{"floor":16,"key":"FearPotion"},{"floor":22,"key":"GamblersBrew"},{"floor":33,"key":"FearPotion"},{"floor":41,"key":"Swift Potion"},{"floor":46,"key":"Block Potion"}],"is_trial":false,"path_per_floor":["M","?","M","?","$","R","E","R","T","E","R","E","M","M","R","B",null,"M","$","M","?","M","R","T","R","T","M","R","M","R","E","R","B",null,"M","?","M","$","?","R","E","R","T","M","R","E","?","M","R","B",null],"character_chosen":"IRONCLAD","items_purchased":["Clash","Iron Wave","Sword Boomerang","Strange Spoon"],"campfire_rested":3,"item_purchase_floors":[19,19,38,38],"current_hp_per_floor":[72,69,71,71,71,71,37,58,58,32,53,59,65,70,70,56,68,72,72,72,58,35,68,68,77,77,76,86,79,86,84,90,29,75,83,71,68,68,68,83,88,94,94,98,98,91,91,91,102,27],"gold":169,"neow_bonus":"TRANSFORM_TWO_CARDS","is_prod":false,"is_daily":false,"chose_seed":false,"campfire_upgraded":7,"win_rate":0,"timestamp":1550162751,"path_taken":["M","?","M","?","$","R","E","R","T","E","R","E","M","?","R","BOSS","M","$","M","?","M","R","?","R","T","M","R","M","R","E","R","BOSS","M","?","M","$","?","R","E","R","T","M","R","E","?","M","R","BOSS"],"build_version":"2019-01-23","purchased_purges":3,"victory":true,"max_hp_per_floor":[72,72,72,72,72,72,72,72,72,72,72,72,72,72,72,72,72,72,72,75,80,83,83,83,83,83,86,86,86,86,90,90,90,90,94,94,94,94,94,94,94,94,94,98,98,98,98,102,102,102],"card_choices":[{"not_picked":["Headbutt","True Grit"],"picked":"Carnage","floor":1},{"not_picked":["Flex","Fire Breathing"],"picked":"Dropkick","floor":3},{"not_picked":["Sentinel","Headbutt"],"picked":"Havoc","floor":7},{"not_picked":["Twin Strike","Perfected Strike"],"picked":"Immolate","floor":10},{"not_picked":["Clothesline","Infernal Blade"],"picked":"Sword Boomerang","floor":12},{"not_picked":["Blood for Blood","Clothesline"],"picked":"True Grit","floor":13},{"not_picked":["Wild Strike","Headbutt"],"picked":"Clothesline","floor":14},{"not_picked":["Brutality","Dark Embrace"],"picked":"Feed","floor":16},{"not_picked":["Flex","Cleave","Armaments"],"picked":"SKIP","floor":18},{"not_picked":["Burning Pact","Searing Blow+1"],"picked":"Headbutt","floor":20},{"not_picked":["Fire Breathing","Armaments"],"picked":"Warcry","floor":22},{"not_picked":["Battle Trance","Iron Wave"],"picked":"Inflame+1","floor":27},{"not_picked":["Heavy Blade","Anger"],"picked":"Iron Wave","floor":29},{"not_picked":["Pummel","Armaments"],"picked":"Twin Strike+1","floor":31},{"not_picked":["Impervious","Limit Break"],"picked":"Reaper","floor":33},{"not_picked":["Thunderclap"],"picked":"SKIP","floor":35},{"not_picked":[],"picked":"Clothesline+1","floor":37},{"not_picked":[],"picked":"Feel No Pain","floor":41},{"not_picked":[],"picked":"Seeing Red+1","floor":44},{"not_picked":[],"picked":"Inflame","floor":46},{"not_picked":[],"picked":"Warcry+1","floor":48}],"player_experience":397295,"relics_obtained":[{"floor":7,"key":"Lantern"},{"floor":9,"key":"Self Forming Clay"},{"floor":10,"key":"Mummified Hand"},{"floor":12,"key":"Bag of Preparation"},{"floor":24,"key":"Gremlin Horn"},{"floor":26,"key":"PreservedInsect"},{"floor":31,"key":"Potion Belt"},{"floor":41,"key":"Bottled Flame"},{"floor":46,"key":"Orichalcum"}],"event_choices":[{"damage_healed":0,"gold_gain":0,"player_choice":"Success","damage_taken":3,"relics_obtained":["Girya"],"max_hp_gain":0,"max_hp_loss":0,"event_name":"Scrap Ooze","floor":2,"gold_loss":0},{"cards_removed":["Defend_R"],"damage_healed":0,"gold_gain":0,"player_choice":"Offered Basic","damage_taken":0,"max_hp_gain":0,"max_hp_loss":0,"event_name":"Bonfire Elementals","floor":4,"gold_loss":0},{"damage_healed":0,"gold_gain":0,"player_choice":"Shed Blood","damage_taken":19,"max_hp_gain":5,"max_hp_loss":0,"event_name":"Forgotten Altar","floor":21,"gold_loss":0},{"damage_healed":0,"gold_gain":0,"player_choice":"Embrace Madness","damage_taken":12,"max_hp_gain":0,"max_hp_loss":0,"event_name":"Winding Halls","floor":36,"gold_loss":0,"cards_obtained":["Madness","Madness"]},{"damage_healed":0,"gold_gain":0,"player_choice":"Memory 1","damage_taken":0,"max_hp_gain":0,"max_hp_loss":0,"event_name":"SensoryStone","floor":39,"gold_loss":0},{"cards_removed":["Strike_R"],"damage_healed":0,"gold_gain":0,"player_choice":"Removed Attack","damage_taken":0,"max_hp_gain":0,"max_hp_loss":0,"event_name":"Falling","floor":47,"gold_loss":0}],"is_beta":false,"boss_relics":[{"not_picked":["Fusion Hammer","Coffee Dripper"],"picked":"Eternal Feather"},{"not_picked":["Lizard Tail","Calling Bell"],"picked":"Busted Crown"}],"items_purged_floors":[5,19,38],"is_endless":false,"potions_floor_spawned":[1,3,14,16,18,22,29,33,41,46],"ascension_level":6}