{"gold_per_floor":[110,124,124,37,37,67,67,85,85,85,113,85,113,113],"floor_reached":14,"playtime":390,"items_purged":[],"score":246,"play_id":"1b4d3686-d36b-4bab-9c91-9ccf4744ba39","local_time":"20190111012930","is_ascension_mode":true,"campfire_choices":[{"data":"Skewer","floor":7.0,"key":"SMITH"},{"data":"Terror","floor":10.0,"key":"SMITH"}],"neow_cost":"NONE","seed_source_timestamp":1774579956691722,"circlet_count":0,"master_deck":["AscendersBane","Defend_G","Defend_G","Defend_G","Defend_G","Defend_G","Strike_G","Strike_G","Strike_G","Strike_G","Survivor","Neutralize","Dagger Throw","Distraction","Skewer+1","Terror+1","Dodge and Roll","Doppelganger","All Out Attack"],"special_seed":0,"relics":["Ring of the Snake","NeowsBlessing","GremlinMask","Pear","Pantograph","Matryoshka","Regal Pillow"],"potions_floor_usage":[14],"damage_taken":[{"damage":0.0,"enemies":"Small Slimes","floor":1.0,"turns":1.0},{"damage":0.0,"enemies":"Cultist","floor":2.0,"turns":1.0},{"damage":0.0,"enemies":"Gremlin Nob","floor":6.0,"turns":1.0},{"damage":0.0,"enemies":"Jaw Worm","floor":8.0,"turns":4.0},{"damage":17.0,"enemies":"3 Sentries","floor":11.0,"turns":10.0},{"damage":12.0,"enemies":"Exordium Thugs","floor":12.0,"turns":4.0},{"damage":30.0,"enemies":"Lagavulin","floor":13.0,"turns":8.0},{"damage":4,"enemies":"Gremlin Gang","floor":14,"turns":2}],"seed_played":"-5431319261087505030","potions_obtained":[{"floor":8.0,"key":"LiquidBronze"},{"floor":13.0,"key":"Swift Potion"}],"is_trial":false,"path_per_floor":["M","M","?","$","?","E","R","M","T","R","E","M","E","M"],"character_chosen":"THE_SILENT","items_purchased":["Skewer"],"campfire_rested":0,"item_purchase_floors":[4],"current_hp_per_floor":[59,59,52,52,52,62,62,62,62,62,45,33,3,0],"gold":113,"neow_bonus":"THREE_ENEMY_KILL","is_prod":false,"is_daily":false,"chose_seed":false,"campfire_upgraded":2,"win_rate":0,"timestamp":1547166570,"path_taken":["M","M","?","$","?","E","R","M","T","R","E","M","E","M"],"build_version":"2019-01-03v4","purchased_purges":0,"victory":false,"max_hp_per_floor":[66,66,66,66,66,76,76,76,76,76,76,76,76,76],"card_choices":[{"not_picked":["Underhanded Strike","Outmaneuver"],"picked":"Dagger Throw","floor":1.0},{"not_picked":["Sucker Punch","Blade Dance"],"picked":"Distraction","floor":2.0},{"not_picked":["Flying Knee","Bane"],"picked":"Terror","floor":6.0},{"not_picked":["Blade Dance","Sucker Punch"],"picked":"Dodge and Roll","floor":8.0},{"not_picked":["PiercingWail","Flechettes"],"picked":"Doppelganger","floor":11.0},{"not_picked":["Sucker Punch","Tactician","Blade Dance"],"picked":"SKIP","floor":12.0},{"not_picked":["Underhanded Strike","Flechettes"],"picked":"All Out Attack","floor":13.0}],"player_experience":853051,"relics_obtained":[{"floor":6.0,"key":"Pear"},{"floor":9.0,"key":"Pantograph"},{"floor":11.0,"key":"Matryoshka"},{"floor":13.0,"key":"Regal Pillow"}],"event_choices":[{"cards_removed":["Strike_G"],"damage_healed":0.0,"max_hp_gain":0.0,"max_hp_loss":0.0,"gold_gain":0.0,"event_name":"Golden Wing","player_choice":"Card Removal","floor":3.0,"gold_loss":0.0,"damage_taken":7.0},{"damage_healed":0.0,"max_hp_gain":0.0,"max_hp_loss":0.0,"gold_gain":0.0,"event_name":"FaceTrader","player_choice":"Trade","floor":5.0,"gold_loss":0.0,"damage_taken":0.0,"relics_obtained":["GremlinMask"]}],"is_beta":false,"boss_relics":[],"items_purged_floors":[],"is_endless":false,"potions_floor_spawned":[8,13],"killed_by":"Gremlin Gang","ascension_level":17}