{"gold_per_floor":[14,33,110,123,123,153,163,163,190,221,6,26,26,36,36,36],"floor_reached":16,"playtime":708,"items_purged":["Strike_R"],"score":196,"play_id":"23636d4a-943a-4208-a3ec-0eedfbb512e7","local_time":"20190113165140","is_ascension_mode":true,"campfire_choices":[{"data":"Double Tap","floor":15,"key":"SMITH"}],"neow_cost":"NO_GOLD","seed_source_timestamp":330047046259970,"circlet_count":0,"master_deck":["AscendersBane","Strike_R","Strike_R","Strike_R","Strike_R","Defend_R","Defend_R","Defend_R","Defend_R","Bash","Reaper","Clothesline","Iron Wave+1","Bloodletting","Rampage","Whirlwind","Second Wind","Impatience","Rage","Double Tap+1"],"relics":["Burning Blood","Blood Vial","Anchor","PreservedInsect"],"potions_floor_usage":[6,7,12,16],"damage_taken":[{"damage":1,"enemies":"Cultist","floor":1,"turns":3},{"damage":11,"enemies":"Jaw Worm","floor":2,"turns":4},{"damage":4,"enemies":"Small Slimes","floor":4,"turns":4},{"damage":44,"enemies":"Lagavulin","floor":6,"turns":9},{"damage":14,"enemies":"Exordium Thugs","floor":7,"turns":5},{"damage":21,"enemies":"Gremlin Nob","floor":10,"turns":4},{"damage":0,"enemies":"Blue Slaver","floor":12,"turns":2},{"damage":0,"enemies":"Looter","floor":14,"turns":4},{"damage":43,"enemies":"Slime Boss","floor":16,"turns":10}],"seed_played":"608600555257768244","potions_obtained":[{"floor":4,"key":"Weak Potion"},{"floor":6,"key":"SkillPotion"},{"floor":10,"key":"Dexterity Potion"}],"is_trial":false,"path_per_floor":["M","M","?","M","?","E","M","?","T","E","$","M","?","M","R","B"],"character_chosen":"IRONCLAD","items_purchased":["Fire Potion","Impatience"],"campfire_rested":0,"item_purchase_floors":[11,11],"current_hp_per_floor":[73,68,68,70,70,36,38,38,38,25,25,33,33,41,41,0],"gold":36,"neow_bonus":"THREE_RARE_CARDS","is_prod":false,"is_daily":false,"chose_seed":false,"campfire_upgraded":1,"win_rate":0,"timestamp":1547427100,"path_taken":["M","M","?","M","?","E","?","?","T","E","$","?","?","M","R","BOSS"],"build_version":"2019-01-10","purchased_purges":1,"victory":false,"max_hp_per_floor":[75,75,75,75,75,75,75,75,75,75,75,75,75,75,75,75],"card_choices":[{"not_picked":["Barricade","Demon Form"],"picked":"Reaper","floor":0},{"not_picked":["Searing Blow","Flex"],"picked":"Clothesline","floor":1},{"not_picked":["Pummel","Battle Trance"],"picked":"Iron Wave","floor":2},{"not_picked":["Power Through","Clash"],"picked":"Ghostly Armor","floor":4},{"not_picked":["Dropkick","Power Through"],"picked":"Rampage","floor":6},{"not_picked":["Shockwave","Rampage"],"picked":"Whirlwind","floor":7},{"not_picked":["Carnage","Anger"],"picked":"Second Wind","floor":10},{"not_picked":["Warcry","Rupture"],"picked":"Rage","floor":12},{"not_picked":["Body Slam","Perfected Strike"],"picked":"Double Tap","floor":14}],"player_experience":477218,"relics_obtained":[{"floor":6,"key":"Blood Vial"},{"floor":9,"key":"Anchor"},{"floor":10,"key":"PreservedInsect"}],"event_choices":[{"damage_healed":0,"gold_gain":77,"player_choice":"Gained Gold","damage_taken":0,"max_hp_gain":0,"max_hp_loss":0,"event_name":"Golden Wing","floor":3,"gold_loss":0},{"damage_healed":0,"gold_gain":0,"cards_transformed":["Ghostly Armor"],"player_choice":"Transformed","damage_taken":0,"max_hp_gain":0,"max_hp_loss":0,"event_name":"Transmorgrifier","floor":5,"gold_loss":0,"cards_obtained":["Bloodletting"]},{"damage_healed":0,"gold_gain":0,"player_choice":"Upgraded","damage_taken":0,"max_hp_gain":0,"max_hp_loss":0,"event_name":"Upgrade Shrine","floor":8,"gold_loss":0,"cards_upgraded":["Iron Wave"]},{"damage_healed":0,"gold_gain":0,"player_choice":"Ignored","damage_taken":0,"max_hp_gain":0,"max_hp_loss":0,"event_name":"Liars Game","floor":13,"gold_loss":0}],"is_beta":false,"boss_relics":[],"items_purged_floors":[11],"is_endless":false,"potions_floor_spawned":[4,6,10],"killed_by":"Slime Boss","ascension_level":15}