{"gold_per_floor":[113,113,129,139,153,153,185,185,185,185,213,213,4,4,4,104,104,120,120,132,132,57,57,57,57,57,57,73,85,113,132,132,227,227,240,240,340,355,375,375,727,738,765,419,452,60,77,87,87,87],"floor_reached":51,"playtime":3133,"items_purged":["Strike_R","Defend_R","Shame"],"score":831,"play_id":"485cdf7f-adaf-4c7e-a78a-ede688e33ee9","local_time":"20190127180210","is_ascension_mode":true,"campfire_choices":[{"data":"Inflame","floor":6,"key":"SMITH"},{"data":"Cleave","floor":8,"key":"SMITH"},{"data":"Inflame","floor":15,"key":"SMITH"},{"data":"Limit Break","floor":23,"key":"SMITH"},{"data":"Flex","floor":25,"key":"SMITH"},{"data":"Anger","floor":27,"key":"SMITH"},{"floor":32,"key":"REST"},{"floor":40,"key":"REST"},{"floor":49,"key":"REST"}],"neow_cost":"PERCENT_DAMAGE","seed_source_timestamp":5005923030941,"circlet_count":0,"master_deck":["Strike_R+1","Strike_R+1","Defend_R","Bash","Anger+1","Inflame+1","Cleave+1","Inflame+1","Flex+1","Limit Break+1","Sword Boomerang+1","Heavy Blade+1","Sword Boomerang+1","Whirlwind+1","Pummel+1","Double Tap"],"relics":["Burning Blood","Incense Burner","Mummified Hand","Molten Egg 2","Odd Mushroom","Brimstone","Mark of Pain","Ornamental Fan","Pear","Bottled Tornado","Boot","Empty Cage","Mango","Old Coin","PreservedInsect","Toy Ornithopter","Centennial Puzzle","Membership Card","Regal Pillow"],"potions_floor_usage":[20,20,29,38,45,50,50,50],"damage_taken":[{"damage":7,"enemies":"Small Slimes","floor":1,"turns":4},{"damage":1,"enemies":"Cultist","floor":3,"turns":3},{"damage":0,"enemies":"2 Louse","floor":4,"turns":3},{"damage":7,"enemies":"Blue Slaver","floor":5,"turns":4},{"damage":21,"enemies":"Lagavulin","floor":7,"turns":5},{"damage":7,"enemies":"The Mushroom Lair","floor":11,"turns":3},{"damage":0,"enemies":"Slime Boss","floor":16,"turns":3},{"damage":7,"enemies":"Chosen","floor":18,"turns":4},{"damage":13,"enemies":"3 Byrds","floor":20,"turns":4},{"damage":13,"enemies":"Centurion and Healer","floor":28,"turns":4},{"damage":9,"enemies":"3 Cultists","floor":29,"turns":3},{"damage":21,"enemies":"Slavers","floor":30,"turns":4},{"damage":20,"enemies":"Snake Plant","floor":31,"turns":2},{"damage":23,"enemies":"Automaton","floor":33,"turns":5},{"damage":11,"enemies":"3 Shapes","floor":35,"turns":3},{"damage":0,"enemies":"Mind Bloom Boss Battle","floor":37,"turns":2},{"damage":10,"enemies":"3 Darklings","floor":38,"turns":2},{"damage":24,"enemies":"4 Shapes","floor":39,"turns":3},{"damage":34,"enemies":"2 Orb Walkers","floor":41,"turns":3},{"damage":0,"enemies":"Sphere and 2 Shapes","floor":42,"turns":2},{"damage":25,"enemies":"Reptomancer","floor":45,"turns":3},{"damage":0,"enemies":"Maw","floor":47,"turns":2},{"damage":5,"enemies":"4 Shapes","floor":48,"turns":2},{"damage":43,"enemies":"Donu and Deca","floor":50,"turns":4}],"seed_played":"-7264118810359835360","potions_obtained":[{"floor":4,"key":"SneckoOil"},{"floor":7,"key":"Block Potion"},{"floor":11,"key":"Regen Potion"},{"floor":16,"key":"Dexterity Potion"},{"floor":18,"key":"Weak Potion"},{"floor":31,"key":"PowerPotion"},{"floor":35,"key":"Swift Potion"},{"floor":41,"key":"Poison Potion"},{"floor":47,"key":"AttackPotion"}],"is_trial":false,"path_per_floor":["?","M","?","?","?","?","T","?","$","?","?","?","?"],"character_chosen":"IRONCLAD","items_purchased":["Brimstone","Pummel+1","Toy Ornithopter","Membership Card","Regal Pillow","FearPotion","GamblersBrew"],"campfire_rested":3,"item_purchase_floors":[13,44,44,46,46,46,46],"current_hp_per_floor":[55,55,60,66,65,65,50,50,50,50,49,33,33,80,80,80,80,79,79,72,57,57,57,67,67,67,67,60,66,51,37,65,48,95,90,90,104,100,82,104,76,82,82,82,68,68,74,75,104,77],"gold":87,"neow_bonus":"ONE_RARE_RELIC","is_prod":false,"is_daily":false,"chose_seed":false,"campfire_upgraded":6,"win_rate":0,"timestamp":1548583330,"path_taken":["M","?","M","M","?","R","E","R","T","?","?","?","$","?","R","BOSS","M","?","M","?","?","R","?","R","T","R","M","M","E","M","R","BOSS","M","?","?","M","M","R","?","M","T","$","E","$","M","M","R","BOSS"],"build_version":"2019-01-23","purchased_purges":3,"victory":true,"max_hp_per_floor":[80,80,80,80,80,80,80,80,80,80,80,80,80,80,80,80,80,80,80,80,85,85,85,95,95,95,95,95,95,95,95,95,95,95,95,90,104,104,104,104,104,104,104,104,104,104,104,104,104,104],"card_choices":[{"not_picked":["Wild Strike","Heavy Blade"],"picked":"Anger","floor":1},{"not_picked":["Warcry","Burning Pact"],"picked":"Inflame","floor":3},{"not_picked":["Metallicize","Fire Breathing"],"picked":"Cleave","floor":4},{"not_picked":["Impervious","Perfected Strike"],"picked":"Inflame","floor":5},{"not_picked":["Sentinel","Second Wind","Havoc"],"picked":"SKIP","floor":7},{"not_picked":["Perfected Strike+1","Sever Soul+1"],"picked":"Flex","floor":11},{"not_picked":["Brutality","Barricade"],"picked":"Limit Break","floor":16},{"not_picked":["Body Slam+1","Wild Strike+1","Shrug It Off+1"],"picked":"SKIP","floor":18},{"not_picked":["Feel No Pain+1","Cleave+1"],"picked":"Sword Boomerang+1","floor":20},{"not_picked":["Flame Barrier","Body Slam+1","Havoc+1"],"picked":"SKIP","floor":28},{"not_picked":["Limit Break","Cleave+1"],"picked":"Heavy Blade+1","floor":29},{"not_picked":["Anger+1","Wild Strike+1","True Grit"],"picked":"SKIP","floor":30},{"not_picked":["Pommel Strike+1","Sever Soul+1","Power Through"],"picked":"SKIP","floor":31},{"not_picked":["Entrench","Armaments+1","Warcry+1"],"picked":"SKIP","floor":35},{"not_picked":["Body Slam+1","Anger+1"],"picked":"Sword Boomerang+1","floor":37},{"not_picked":["Twin Strike+1","Corruption+1","Rampage+1"],"picked":"SKIP","floor":38},{"not_picked":["Body Slam+1","Warcry","Clothesline+1"],"picked":"SKIP","floor":39},{"not_picked":["Sever Soul+1","Evolve+1"],"picked":"Whirlwind+1","floor":41},{"not_picked":["Armaments+1","Shrug It Off+1","Flex"],"picked":"SKIP","floor":42},{"not_picked":["Sword Boomerang+1","Body Slam+1"],"picked":"Double Tap","floor":45},{"not_picked":["Thunderclap+1","Evolve","Reckless Charge+1"],"picked":"SKIP","floor":47},{"not_picked":["Inflame","Wild Strike+1","Rage+1"],"picked":"SKIP","floor":48}],"player_experience":47691,"relics_obtained":[{"floor":7,"key":"Mummified Hand"},{"floor":9,"key":"Molten Egg 2"},{"floor":11,"key":"Odd Mushroom"},{"floor":19,"key":"Ornamental Fan"},{"floor":26,"key":"Bottled Tornado"},{"floor":30,"key":"Boot"},{"floor":37,"key":"Mango"},{"floor":41,"key":"Old Coin"},{"floor":43,"key":"PreservedInsect"},{"floor":45,"key":"Centennial Puzzle"}],"event_choices":[{"cards_removed":["Strike_R"],"damage_healed":0,"gold_gain":0,"player_choice":"Purged","damage_taken":0,"max_hp_gain":0,"max_hp_loss":0,"event_name":"Purifier","floor":2,"gold_loss":0},{"cards_removed":["Strike_R"],"damage_healed":0,"gold_gain":0,"player_choice":"Forget","damage_taken":0,"max_hp_gain":0,"max_hp_loss":0,"event_name":"Living Wall","floor":10,"gold_loss":0},{"damage_healed":0,"gold_gain":0,"player_choice":"Fought Mushrooms","damage_taken":0,"max_hp_gain":0,"max_hp_loss":0,"event_name":"Mushrooms","floor":11,"gold_loss":0},{"damage_healed":0,"gold_gain":0,"player_choice":"Entered Light","damage_taken":16,"max_hp_gain":0,"max_hp_loss":0,"event_name":"Shining Light","floor":12,"gold_loss":0,"cards_upgraded":["Strike_R","Strike_R"]},{"damage_healed":47,"gold_gain":0,"player_choice":"Full Heal","damage_taken":0,"max_hp_gain":0,"max_hp_loss":0,"event_name":"Wheel of Change","floor":14,"gold_loss":0},{"damage_healed":0,"gold_gain":0,"player_choice":"Shed Blood","damage_taken":20,"max_hp_gain":5,"max_hp_loss":0,"event_name":"Forgotten Altar","floor":21,"gold_loss":0},{"damage_healed":0,"gold_gain":0,"player_choice":"Stole Relic","damage_taken":0,"relics_obtained":["Pear"],"max_hp_gain":0,"max_hp_loss":0,"event_name":"Addict","floor":24,"gold_loss":0,"cards_obtained":["Shame"]},{"damage_healed":0,"gold_gain":0,"player_choice":"Max HP","damage_taken":0,"max_hp_gain":0,"max_hp_loss":5,"event_name":"Winding Halls","floor":36,"gold_loss":0},{"damage_healed":0,"gold_gain":0,"player_choice":"Fight","damage_taken":0,"max_hp_gain":0,"max_hp_loss":0,"event_name":"MindBloom","floor":37,"gold_loss":0},{"damage_healed":0,"gold_gain":0,"player_choice":"Fight","damage_taken":0,"max_hp_gain":0,"max_hp_loss":0,"event_name":"Mysterious Sphere","floor":41,"gold_loss":0}],"is_beta":false,"boss_relics":[{"not_picked":["Lizard Tail","Ectoplasm"],"picked":"Mark of Pain"},{"not_picked":["Cursed Key","Black Star"],"picked":"Empty Cage"}],"items_purged_floors":[22,44,46],"is_endless":false,"potions_floor_spawned":[4,7,11,16,18,31,35,41,47],"ascension_level":1}