{"gold_per_floor":[119,119,119,119,119,119,133,58,58,58,83,116,137,137,137,233,233,252,271,285,285,335,335,348,348,348,372,61,61,79,95,95,188,188,212,232,232,357,370,370,395,395,422,755,767,767,785,200,200,200],"floor_reached":51,"playtime":1379,"items_purged":["Strike_B","Defend_B"],"score":1147,"play_id":"994bb15e-166e-4f96-b8e6-2d585db63ed0","local_time":"20181030154323","is_ascension_mode":true,"campfire_choices":[{"data":"Streamline","floor":6,"key":"SMITH"},{"data":"Zap","floor":10,"key":"SMITH"},{"data":"Beam Cell","floor":15,"key":"SMITH"},{"data":"Hyperbeam","floor":23,"key":"SMITH"},{"floor":25,"key":"REST"},{"floor":29,"key":"REST"},{"data":"Meteor Strike","floor":32,"key":"SMITH"},{"floor":40,"key":"REST"},{"data":"Go for the Eyes","floor":42,"key":"SMITH"},{"floor":49,"key":"REST"}],"neow_cost":"CURSE","seed_source_timestamp":270170166120533,"circlet_count":0,"master_deck":["Defend_B","Defend_B","Zap+1","Dualcast","AscendersBane","Streamline+1","Go for the Eyes+1","Beam Cell+1","Meteor Strike+1","Leap+1","Hyperbeam+1","Steam+1","Conserve Battery+1","Genetic Algorithm+1","Streamline","Beam Cell+1","Steam Power+1","Sunder+1","Fission+1","Sunder+1","Hologram+1","Impatience+1","Thinking Ahead+1","Sweeping Beam+1"],"relics":["Cracked Core","Ice Cream","Spirit Poop","Bronze Scales","Toxic Egg 2","Pocketwatch","Runic Dome","Molten Egg 2","Chemical X","Nuclear Battery","Dead Branch","Anchor","Cauldron"],"potions_floor_usage":[12,20,33,41,47,50,50],"damage_taken":[{"damage":14,"enemies":"Small Slimes","floor":1,"turns":3},{"damage":1,"enemies":"Cultist","floor":7,"turns":3},{"damage":1,"enemies":"2 Louse","floor":11,"turns":2},{"damage":20,"enemies":"3 Sentries","floor":12,"turns":7},{"damage":1,"enemies":"2 Fungi Beasts","floor":13,"turns":3},{"damage":2,"enemies":"Hexaghost","floor":16,"turns":6},{"damage":0,"enemies":"Chosen","floor":18,"turns":3},{"damage":11,"enemies":"2 Thieves","floor":19,"turns":3},{"damage":11,"enemies":"Snake Plant","floor":20,"turns":3},{"damage":25,"enemies":"Shelled Parasite and Fungi","floor":24,"turns":4},{"damage":0,"enemies":"Snecko","floor":27,"turns":3},{"damage":0,"enemies":"Cultist and Chosen","floor":30,"turns":3},{"damage":0,"enemies":"Snake Plant","floor":31,"turns":2},{"damage":26,"enemies":"Collector","floor":33,"turns":8},{"damage":0,"enemies":"3 Darklings","floor":35,"turns":4},{"damage":10,"enemies":"3 Shapes","floor":36,"turns":3},{"damage":8,"enemies":"Mind Bloom Boss Battle","floor":38,"turns":4},{"damage":0,"enemies":"Sphere and 2 Shapes","floor":39,"turns":2},{"damage":0,"enemies":"Jaw Worm Horde","floor":41,"turns":2},{"damage":13,"enemies":"Transient","floor":45,"turns":5},{"damage":0,"enemies":"4 Shapes","floor":47,"turns":3},{"damage":40,"enemies":"Donu and Deca","floor":50,"turns":6}],"seed_played":"2989765672190175283","potions_obtained":[{"floor":7,"key":"Block Potion"},{"floor":11,"key":"FocusPotion"},{"floor":18,"key":"PowerPotion"},{"floor":20,"key":"Explosive Potion"},{"floor":39,"key":"Swift Potion"},{"floor":41,"key":"Swift Potion"},{"floor":48,"key":"Block Potion"}],"is_trial":false,"path_per_floor":["M","?","?","?","?","R","M","?","T","R","M","E","M","?","R","B",null,"M","M","M","?","?","R","M","R","T","M","$","R","M","M","R","B",null,"M","M","?","?","M","R","M","R","T","?","M","?","M","$","R","B"],"character_chosen":"DEFECT","items_purchased":["Sunder+1","Chemical X","Cauldron","AttackPotion","Thinking Ahead+1","Sweeping Beam+1"],"campfire_rested":4,"item_purchase_floors":[28,28,48,48,48,48],"current_hp_per_floor":[50,50,43,43,43,43,42,42,42,42,41,21,20,20,20,18,53,53,42,31,31,31,31,6,25,25,25,25,44,44,44,44,18,53,53,43,43,35,35,54,54,54,54,54,41,41,41,41,60,20],"gold":200,"neow_bonus":"ONE_RARE_RELIC","is_prod":false,"is_daily":false,"chose_seed":false,"campfire_upgraded":6,"win_rate":0,"timestamp":1540910603,"path_taken":["M","?","?","?","?","R","M","?","T","R","M","E","?","?","R","BOSS","M","M","?","?","?","R","M","R","T","M","$","R","M","?","R","BOSS","M","M","?","?","M","R","M","R","T","?","?","?","M","$","R","BOSS"],"build_version":"2018-10-25v2","purchased_purges":2,"victory":true,"max_hp_per_floor":[71,71,71,64,64,64,64,64,64,64,64,64,64,64,64,64,64,64,64,64,64,64,64,64,64,64,64,64,64,64,64,64,64,64,64,64,64,64,64,64,64,64,64,64,64,64,64,64,64,64],"card_choices":[{"not_picked":["Redo","Recycle"],"picked":"Streamline","floor":1},{"not_picked":["Stack","Genetic Algorithm"],"picked":"Go for the Eyes","floor":7},{"not_picked":["Genetic Algorithm+1","Streamline"],"picked":"Beam Cell","floor":11},{"not_picked":["Coolheaded+1","Barrage"],"picked":"Meteor Strike","floor":12},{"not_picked":["Go for the Eyes","Conserve Battery+1"],"picked":"Leap+1","floor":13},{"not_picked":["Creative AI","Reboot+1"],"picked":"Hyperbeam","floor":16},{"not_picked":["Gash","Compile Driver"],"picked":"Steam+1","floor":18},{"not_picked":["Storm+1","Sweeping Beam"],"picked":"Conserve Battery+1","floor":19},{"not_picked":["Streamline","Chill+1","Force Field+1"],"picked":"SKIP","floor":20},{"not_picked":["Melter","Reprogram+1"],"picked":"Beam Cell+1","floor":24},{"not_picked":["Barrage+1","Meteor Strike+1"],"picked":"Steam Power+1","floor":27},{"not_picked":["Beam Cell+1","Self Repair","Compile Driver+1"],"picked":"SKIP","floor":30},{"not_picked":["Beam Cell+1","Gash+1"],"picked":"Auto Shields+1","floor":31},{"not_picked":["Reboot+1","Multi-Cast+1"],"picked":"Fission+1","floor":33},{"not_picked":["Turbo+1","Gash+1","Genetic Algorithm+1"],"picked":"SKIP","floor":35},{"not_picked":["Melter+1","Glacier+1","Turbo+1"],"picked":"SKIP","floor":36},{"not_picked":["Coolheaded+1","Cold Snap+1"],"picked":"Sunder+1","floor":38},{"not_picked":["Compile Driver+1","Cold Snap+1"],"picked":"Hologram+1","floor":39},{"not_picked":["Go for the Eyes+1","Leap+1","Steam+1"],"picked":"SKIP","floor":41},{"not_picked":["Loop","Aggregate+1","Go for the Eyes+1"],"picked":"SKIP","floor":45},{"not_picked":["Enlightenment+1","Sadistic Nature"],"picked":"Impatience+1","floor":46},{"not_picked":["Conserve Battery+1","Hologram+1","Capacitor"],"picked":"SKIP","floor":47}],"player_experience":599672,"relics_obtained":[{"floor":5,"key":"Bronze Scales"},{"floor":9,"key":"Toxic Egg 2"},{"floor":12,"key":"Pocketwatch"},{"floor":26,"key":"Molten Egg 2"},{"floor":38,"key":"Dead Branch"},{"floor":43,"key":"Anchor"}],"event_choices":[{"cards_removed":["Regret"],"damage_healed":0,"gold_gain":0,"player_choice":"Offered Curse","damage_taken":0,"relics_obtained":["Spirit Poop"],"max_hp_gain":0,"max_hp_loss":0,"event_name":"Bonfire Elementals","floor":2,"gold_loss":0},{"cards_removed":["Strike_B"],"damage_healed":0,"gold_gain":0,"player_choice":"Card Removal","damage_taken":7,"max_hp_gain":0,"max_hp_loss":0,"event_name":"Golden Wing","floor":3,"gold_loss":0},{"damage_healed":0,"gold_gain":0,"player_choice":"Lose Max HP","damage_taken":0,"relics_obtained":["Golden Idol"],"max_hp_gain":0,"max_hp_loss":7,"event_name":"Golden Idol","floor":4,"gold_loss":0},{"damage_healed":0,"gold_gain":0,"player_choice":"Relic","damage_taken":0,"max_hp_gain":0,"max_hp_loss":0,"event_name":"Wheel of Change","floor":5,"gold_loss":0},{"cards_removed":["Strike_B"],"damage_healed":0,"gold_gain":0,"player_choice":"Card Removal","damage_taken":0,"max_hp_gain":0,"max_hp_loss":0,"event_name":"The Cleric","floor":8,"gold_loss":75},{"damage_healed":0,"gold_gain":0,"player_choice":"Ignored","damage_taken":0,"max_hp_gain":0,"max_hp_loss":0,"event_name":"Liars Game","floor":14,"gold_loss":0},{"damage_healed":0,"gold_gain":0,"cards_transformed":["Defend_B","Strike_B"],"player_choice":"Became Test Subject","damage_taken":0,"max_hp_gain":0,"max_hp_loss":0,"event_name":"Drug Dealer","floor":21,"gold_loss":0,"cards_obtained":["Genetic Algorithm","Streamline"]},{"damage_healed":0,"gold_gain":50,"player_choice":"Stole From Cult","damage_taken":0,"max_hp_gain":0,"max_hp_loss":0,"event_name":"Nest","floor":22,"gold_loss":0},{"cards_removed":["Auto Shields"],"damage_healed":0,"gold_gain":0,"player_choice":"Removed Skill","damage_taken":0,"max_hp_gain":0,"max_hp_loss":0,"event_name":"Falling","floor":37,"gold_loss":0},{"damage_healed":0,"gold_gain":0,"player_choice":"Fight","damage_taken":0,"max_hp_gain":0,"max_hp_loss":0,"event_name":"MindBloom","floor":38,"gold_loss":0},{"damage_healed":0,"gold_gain":333,"player_choice":"Gave Idol","damage_taken":0,"max_hp_gain":0,"max_hp_loss":0,"event_name":"The Moai Head","floor":44,"relics_lost":["Golden Idol"],"gold_loss":0},{"damage_healed":0,"gold_gain":0,"player_choice":"Memory 1","damage_taken":0,"max_hp_gain":0,"max_hp_loss":0,"event_name":"SensoryStone","floor":46,"gold_loss":0}],"is_beta":false,"boss_relics":[{"not_picked":["Pandora\u0027s Box","Runic Pyramid"],"picked":"Runic Dome"},{"not_picked":["Coffee Dripper","Orrery"],"picked":"Nuclear Battery"}],"items_purged_floors":[28,48],"is_endless":false,"potions_floor_spawned":[7,11,18,20,39,41],"ascension_level":15}