{"gold_per_floor":[367,23,34,44,63,63,63,77,100,100,111,111,11,29,29,106,106,122,140,82,101,119,119,134,134,134,160,160,75,91,104,104,104],"floor_reached":33,"playtime":1501,"items_purged":["Defend_R","Defend_R"],"score":487,"play_id":"ddd6e30c-7001-4315-ba3c-ad221fa63f86","local_time":"20190131195052","is_ascension_mode":true,"campfire_choices":[{"data":"Armaments","floor":6.0,"key":"SMITH"},{"data":"Perfected Strike","floor":10.0,"key":"SMITH"},{"data":"Immolate","floor":12.0,"key":"SMITH"},{"data":"Whirlwind","floor":15.0,"key":"SMITH"},{"floor":23.0,"key":"REST"},{"data":"Pommel Strike","floor":25.0,"key":"SMITH"},{"floor":28.0,"key":"REST"},{"data":"Perfected Strike","floor":32.0,"key":"SMITH"}],"neow_cost":"TEN_PERCENT_HP_LOSS","seed_source_timestamp":11290931844802,"circlet_count":0,"master_deck":["AscendersBane","Strike_R","Strike_R","Strike_R","Strike_R","Strike_R","Perfected Strike+1","Trip","Anger","Metallicize","Whirlwind+1","Armaments+1","Twin Strike","Immolate+1","Impervious","Twin Strike+1","Barricade+1","Fiend Fire+1","Warcry+1","Pommel Strike+1","Thunderclap","Shrug It Off","Offering","Dual Wield","Perfected Strike+1"],"special_seed":0,"relics":["Burning Blood","Tiny Chest","Regal Pillow","Potion Belt","Astrolabe","Self Forming Clay","Bag of Marbles","Happy Flower"],"potions_floor_usage":[33,33,33],"damage_taken":[{"damage":6.0,"enemies":"Cultist","floor":1.0,"turns":3.0},{"damage":0.0,"enemies":"2 Louse","floor":3.0,"turns":2.0},{"damage":4.0,"enemies":"Jaw Worm","floor":4.0,"turns":2.0},{"damage":8.0,"enemies":"3 Louse","floor":5.0,"turns":4.0},{"damage":21.0,"enemies":"Large Slime","floor":8.0,"turns":5.0},{"damage":7.0,"enemies":"Red Slaver","floor":11.0,"turns":3.0},{"damage":0.0,"enemies":"Lots of Slimes","floor":14.0,"turns":1.0},{"damage":30.0,"enemies":"Hexaghost","floor":16.0,"turns":9.0},{"damage":11.0,"enemies":"2 Thieves","floor":18.0,"turns":2.0},{"damage":6.0,"enemies":"Spheric Guardian","floor":19.0,"turns":4.0},{"damage":0.0,"enemies":"Snecko","floor":21.0,"turns":3.0},{"damage":30.0,"enemies":"Cultist and Chosen","floor":22.0,"turns":4.0},{"damage":32.0,"enemies":"Centurion and Healer","floor":24.0,"turns":5.0},{"damage":12.0,"enemies":"Gremlin Leader","floor":27.0,"turns":5.0},{"damage":12.0,"enemies":"Shelled Parasite and Fungi","floor":30.0,"turns":3.0},{"damage":19.0,"enemies":"Sentry and Sphere","floor":31.0,"turns":4.0},{"damage":76,"enemies":"Champ","floor":33,"turns":7}],"seed_played":"-2607270447208835627","potions_obtained":[{"floor":4.0,"key":"SkillPotion"},{"floor":8.0,"key":"Weak Potion"},{"floor":11.0,"key":"FearPotion"},{"floor":14.0,"key":"EssenceOfSteel"},{"floor":18.0,"key":"Ancient Potion"},{"floor":19.0,"key":"BloodPotion"},{"floor":31.0,"key":"SteroidPotion"}],"is_trial":false,"path_per_floor":["M","?","?"],"character_chosen":"IRONCLAD","items_purchased":["Tiny Chest","Trip","Anger","Pommel Strike"],"campfire_rested":2,"item_purchase_floors":[2,2,2,20],"current_hp_per_floor":[68,68,68,68,66,66,55,40,40,40,39,39,39,45,45,21,56,51,51,51,63,39,68,42,42,42,36,68,68,62,49,49,0],"gold":104,"neow_bonus":"TWO_FIFTY_GOLD","is_prod":false,"is_daily":false,"chose_seed":false,"campfire_upgraded":6,"win_rate":0,"timestamp":1548935452,"path_taken":["M","$","?","M","M","R","?","M","T","R","M","R","$","M","R","BOSS","M","M","$","M","M","R","M","R","T","E","R","?","M","M","R","BOSS"],"build_version":"2019-01-23","purchased_purges":2,"victory":false,"max_hp_per_floor":[68,68,68,68,68,68,68,68,68,68,68,68,68,68,68,68,68,68,68,68,68,68,68,68,68,68,68,68,68,68,68,68,68],"card_choices":[{"not_picked":["Clothesline","Pommel Strike"],"picked":"Perfected Strike","floor":1.0},{"not_picked":["Heavy Blade","Armaments"],"picked":"Metallicize","floor":3.0},{"not_picked":["Sever Soul","Fire Breathing"],"picked":"Whirlwind","floor":4.0},{"not_picked":["Warcry","Second Wind"],"picked":"Armaments","floor":5.0},{"not_picked":["Warcry","Thunderclap"],"picked":"Twin Strike","floor":8.0},{"not_picked":["Warcry","Fire Breathing"],"picked":"Immolate","floor":11.0},{"not_picked":["Clash","Sword Boomerang","Clothesline"],"picked":"SKIP","floor":14.0},{"not_picked":["Dark Embrace","Barricade"],"picked":"Impervious","floor":16.0},{"not_picked":["Iron Wave","Shrug It Off"],"picked":"Warcry+1","floor":18.0},{"not_picked":["Metallicize","Warcry","Heavy Blade+1"],"picked":"SKIP","floor":19.0},{"not_picked":["Heavy Blade","Sword Boomerang"],"picked":"Thunderclap","floor":21.0},{"not_picked":["Feel No Pain","Power Through"],"picked":"Shrug It Off","floor":22.0},{"not_picked":["Whirlwind","Inflame","Rage"],"picked":"SKIP","floor":24.0},{"not_picked":["Dropkick+1","Infernal Blade"],"picked":"Offering","floor":27.0},{"not_picked":["Combust","Clothesline+1"],"picked":"Dual Wield","floor":30.0},{"not_picked":["Cleave+1","Combust"],"picked":"Perfected Strike","floor":31.0}],"player_experience":193891,"relics_obtained":[{"floor":9.0,"key":"Potion Belt"},{"floor":26.0,"key":"Self Forming Clay"},{"floor":27.0,"key":"Bag of Marbles"}],"event_choices":[{"damage_healed":0.0,"max_hp_gain":0.0,"max_hp_loss":0.0,"gold_gain":0.0,"event_name":"Scrap Ooze","player_choice":"Success","floor":7.0,"gold_loss":0.0,"damage_taken":11.0,"relics_obtained":["Regal Pillow"]},{"damage_healed":0.0,"max_hp_gain":0.0,"max_hp_loss":0.0,"gold_gain":0.0,"event_name":"Addict","player_choice":"Obtained Relic","floor":29.0,"gold_loss":85.0,"damage_taken":0.0,"relics_obtained":["Happy Flower"]}],"is_beta":false,"boss_relics":[{"not_picked":["Eternal Feather","Runic Pyramid"],"picked":"Astrolabe"}],"items_purged_floors":[2,13],"is_endless":false,"potions_floor_spawned":[4,8,11,14,18,19,31],"killed_by":"Champ","ascension_level":17}