{"gold_per_floor":[109,34,46,121,121,149,2,30,30,61,79,79,79,8,8,99,99,112,133,133,145,145,145,155,155,182,7,26,26,26,53,53,130,130,147,147,147,196,211,211,0,27,104,104,115,115],"floor_reached":46,"playtime":2271,"items_purged":["Strike_R","Regret"],"score":862,"play_id":"78cfc07b-7636-49de-b652-1c9ecb97eb1a","local_time":"20190130214731","is_ascension_mode":true,"campfire_choices":[{"data":"Flex","floor":15.0,"key":"SMITH"},{"data":"Flex","floor":23.0,"key":"SMITH"},{"data":"Bash","floor":25.0,"key":"SMITH"},{"data":"Limit Break","floor":30.0,"key":"SMITH"},{"floor":32.0,"key":"REST"},{"floor":44,"key":"REST"}],"neow_cost":"NONE","seed_source_timestamp":26374276714663,"circlet_count":0,"master_deck":["AscendersBane","Strike_R","Strike_R","Strike_R","Strike_R","Defend_R","Bash+1","Iron Wave","Body Slam","Clash","Sword Boomerang","Flex+1","Headbutt","Sever Soul","Clash","Flex+1","Feed","Clash","Dual Wield","Flash of Steel","Sever Soul","Limit Break+1","RitualDagger","Bludgeon","Armaments+1","Flex+1","Mind Blast"],"special_seed":0,"relics":["Burning Blood","NeowsBlessing","Matryoshka","Orichalcum","Blood Vial","Kunai","Centennial Puzzle","Ice Cream","Bloody Idol","Sozu","Strawberry","Bag of Preparation","Champion Belt","Fusion Hammer","WingedGreaves","Red Mask","Bag of Marbles","Self Forming Clay"],"potions_floor_usage":[33,33],"damage_taken":[{"damage":0.0,"enemies":"Jaw Worm","floor":1.0,"turns":1.0},{"damage":0.0,"enemies":"2 Louse","floor":3.0,"turns":1.0},{"damage":0.0,"enemies":"3 Sentries","floor":6.0,"turns":1.0},{"damage":20.0,"enemies":"Lagavulin","floor":8.0,"turns":7.0},{"damage":24.0,"enemies":"Gremlin Nob","floor":10.0,"turns":4.0},{"damage":0.0,"enemies":"Small Slimes","floor":11.0,"turns":2.0},{"damage":35.0,"enemies":"Hexaghost","floor":16.0,"turns":9.0},{"damage":7.0,"enemies":"Chosen","floor":18.0,"turns":3.0},{"damage":9.0,"enemies":"3 Byrds","floor":19.0,"turns":5.0},{"damage":7.0,"enemies":"Centurion and Healer","floor":21.0,"turns":4.0},{"damage":25.0,"enemies":"Snecko","floor":24.0,"turns":4.0},{"damage":19.0,"enemies":"Snake Plant","floor":28.0,"turns":2.0},{"damage":26.0,"enemies":"Book of Stabbing","floor":31.0,"turns":3.0},{"damage":35,"enemies":"Collector","floor":33,"turns":6},{"damage":6,"enemies":"Orb Walker","floor":35,"turns":2},{"damage":57,"enemies":"2 Orb Walkers","floor":38,"turns":5},{"damage":5,"enemies":"3 Shapes","floor":39,"turns":2},{"damage":28,"enemies":"Reptomancer","floor":42,"turns":4},{"damage":40,"enemies":"Transient","floor":45,"turns":5},{"damage":43,"enemies":"Maw","floor":46,"turns":4}],"seed_played":"8301028685749526588","potions_obtained":[{"floor":1.0,"key":"Regen Potion"},{"floor":3.0,"key":"Block Potion"},{"floor":11.0,"key":"SpeedPotion"},{"floor":16.0,"key":"Ancient Potion"}],"is_trial":false,"path_per_floor":["?","?","?","?","$","?","?","?","?","?","?","M","?","?"],"character_chosen":"IRONCLAD","items_purchased":["Sword Boomerang","Clash","Flex","Flash of Steel","Sever Soul"],"campfire_rested":2,"item_purchase_floors":[7,14,14,27,27],"current_hp_per_floor":[74,74,75,64,64,70,70,56,56,40,48,41,41,41,41,14,55,56,58,58,64,64,64,52,52,64,64,58,52,52,42,66,59,79,88,88,84,38,49,49,49,34,39,65,38,0],"gold":115,"neow_bonus":"THREE_ENEMY_KILL","is_prod":false,"is_daily":false,"chose_seed":false,"campfire_upgraded":4,"win_rate":0,"timestamp":1548856051,"path_taken":["M","$","M","?","?","E","$","E","T","E","M","?","?","?","R","BOSS","M","M","?","M","?","R","M","R","T","$","M","?","R","E","R","BOSS","M","?","?","?","?","?","?","E","T","R","M","M"],"build_version":"2019-01-23","purchased_purges":2,"victory":false,"max_hp_per_floor":[75,75,75,75,75,75,75,75,75,75,75,75,69,69,69,69,69,69,72,72,72,72,72,72,72,79,79,79,79,79,82,82,85,85,88,88,84,84,87,87,87,87,87,87,87,87],"card_choices":[{"not_picked":["Flame Barrier","Warcry"],"picked":"Iron Wave","floor":1.0},{"not_picked":["Seeing Red","Second Wind"],"picked":"Body Slam","floor":3.0},{"not_picked":["True Grit","Shrug It Off"],"picked":"Clash","floor":6.0},{"not_picked":["Juggernaut","Shockwave"],"picked":"Flex","floor":8.0},{"not_picked":["Shrug It Off","Intimidate"],"picked":"Headbutt","floor":10.0},{"not_picked":["Armaments","Metallicize"],"picked":"Sever Soul","floor":11.0},{"not_picked":["Juggernaut","Reaper"],"picked":"Feed","floor":16.0},{"not_picked":["True Grit","Sword Boomerang","Thunderclap"],"picked":"SKIP","floor":18.0},{"not_picked":["Havoc","Wild Strike","Twin Strike"],"picked":"SKIP","floor":19.0},{"not_picked":["Sever Soul","Spot Weakness"],"picked":"Clash","floor":21.0},{"not_picked":["Sword Boomerang+1","Combust"],"picked":"Dual Wield","floor":24.0},{"not_picked":["Body Slam","Clothesline+1"],"picked":"Limit Break","floor":28.0},{"not_picked":["Uppercut","Cleave","Body Slam"],"picked":"SKIP","floor":31.0},{"not_picked":["Double Tap","Brutality"],"picked":"Bludgeon","floor":33},{"not_picked":["Perfected Strike","Body Slam+1"],"picked":"Armaments+1","floor":35},{"not_picked":["Armaments","Thunderclap"],"picked":"Flex+1","floor":39},{"not_picked":["Deep Breath","Swift Strike"],"picked":"Mind Blast","floor":40},{"not_picked":["Anger","Armaments","Double Tap"],"picked":"SKIP","floor":42},{"not_picked":["Ghostly Armor+1","Havoc+1","Iron Wave"],"picked":"SKIP","floor":45}],"player_experience":160239,"relics_obtained":[{"floor":6.0,"key":"Orichalcum"},{"floor":8.0,"key":"Blood Vial"},{"floor":9.0,"key":"Kunai"},{"floor":9.0,"key":"Centennial Puzzle"},{"floor":10.0,"key":"Ice Cream"},{"floor":26.0,"key":"Strawberry"},{"floor":26.0,"key":"Bag of Preparation"},{"floor":31.0,"key":"Champion Belt"},{"floor":38,"key":"WingedGreaves"},{"floor":42,"key":"Bag of Marbles"},{"floor":43,"key":"Self Forming Clay"}],"event_choices":[{"damage_healed":0.0,"max_hp_gain":0.0,"max_hp_loss":0.0,"gold_gain":75.0,"event_name":"World of Goop","player_choice":"Gather Gold","floor":4.0,"gold_loss":0.0,"damage_taken":11.0},{"damage_healed":0.0,"max_hp_gain":0.0,"max_hp_loss":0.0,"gold_gain":0.0,"event_name":"Big Fish","player_choice":"Box","floor":5.0,"gold_loss":0.0,"damage_taken":0.0,"relics_obtained":["Matryoshka"],"cards_obtained":["Regret"]},{"cards_removed":["Defend_R"],"damage_healed":0.0,"max_hp_gain":0.0,"max_hp_loss":0.0,"gold_gain":0.0,"event_name":"Golden Wing","player_choice":"Card Removal","floor":12.0,"gold_loss":0.0,"damage_taken":7.0},{"damage_healed":0.0,"max_hp_gain":0.0,"max_hp_loss":6.0,"gold_gain":0.0,"event_name":"Golden Idol","player_choice":"Lose Max HP","floor":13.0,"gold_loss":0.0,"damage_taken":0.0,"relics_obtained":["Golden Idol"]},{"damage_healed":0.0,"max_hp_gain":0.0,"max_hp_loss":0.0,"gold_gain":0.0,"event_name":"Forgotten Altar","player_choice":"Gave Idol","floor":20.0,"relics_lost":["Golden Idol"],"gold_loss":0.0,"damage_taken":0.0,"relics_obtained":["Bloody Idol"]},{"cards_removed":["Defend_R"],"damage_healed":0.0,"max_hp_gain":0.0,"max_hp_loss":0.0,"gold_gain":0.0,"event_name":"Back to Basics","player_choice":"Elegance","floor":22.0,"gold_loss":0.0,"damage_taken":0.0},{"damage_healed":0.0,"max_hp_gain":0.0,"max_hp_loss":0.0,"gold_gain":0.0,"event_name":"Nest","player_choice":"Joined the Cult","floor":29.0,"gold_loss":0.0,"damage_taken":6.0,"cards_obtained":["RitualDagger"]},{"cards_removed":["Defend_R"],"damage_healed":0,"gold_gain":0,"player_choice":"Removed Skill","damage_taken":0,"max_hp_gain":0,"max_hp_loss":0,"event_name":"Falling","floor":36,"gold_loss":0},{"damage_healed":0,"gold_gain":0,"player_choice":"Max HP","damage_taken":0,"max_hp_gain":0,"max_hp_loss":4,"event_name":"Winding Halls","floor":37,"gold_loss":0},{"damage_healed":0,"gold_gain":0,"player_choice":"Fight","damage_taken":0,"max_hp_gain":0,"max_hp_loss":0,"event_name":"Mysterious Sphere","floor":38,"gold_loss":0},{"damage_healed":0,"gold_gain":0,"player_choice":"Memory 1","damage_taken":0,"max_hp_gain":0,"max_hp_loss":0,"event_name":"SensoryStone","floor":40,"gold_loss":0},{"damage_healed":0,"gold_gain":0,"player_choice":"Paid","damage_taken":0,"relics_obtained":["Red Mask"],"max_hp_gain":0,"max_hp_loss":0,"event_name":"Tomb of Lord Red Mask","floor":41,"gold_loss":211}],"is_beta":false,"boss_relics":[{"not_picked":["Tiny House","Empty Cage"],"picked":"Sozu"},{"not_picked":["Mark of Pain","White Beast Statue"],"picked":"Fusion Hammer"}],"items_purged_floors":[2,7],"is_endless":false,"potions_floor_spawned":[1,3,6,11,16,19,24,31,35,39,45],"killed_by":"Maw","ascension_level":14}