{"gold_per_floor":[111,111,36,49,66,66,38,66,66,79,89,100,100,135,135,207,207,226,226,316,335,346,377,377,391,414,440,450,450,469,19,19,95,95,109,125,143,143,33,64,97,97,97,97,131,151,58,76,76,76],"floor_reached":51,"playtime":4808,"items_purged":["Pain","Strike_G","Strike_G"],"score":1539,"play_id":"6cdde75d-8b7d-44f9-a73e-512091987027","local_time":"20190227133643","is_ascension_mode":true,"campfire_choices":[{"data":"Dagger Spray","floor":6,"key":"SMITH"},{"data":"Footwork","floor":13,"key":"SMITH"},{"floor":15,"key":"REST"},{"floor":24,"key":"REST"},{"data":"Malaise","floor":29,"key":"SMITH"},{"floor":32,"key":"REST"},{"data":"Crippling Poison","floor":42,"key":"SMITH"},{"floor":44,"key":"REST"},{"floor":49,"key":"REST"}],"neow_cost":"NONE","seed_source_timestamp":1276491559814675,"circlet_count":0,"master_deck":["AscendersBane","Defend_G","Defend_G","Defend_G","Defend_G+1","Defend_G","Strike_G","Survivor","Neutralize+1","PiercingWail","Dagger Spray+1","Cloak And Dagger","Noxious Fumes","Footwork+1","Cloak And Dagger","Leg Sweep","Backstab","Malaise+1","Crippling Poison+1","Backflip","Deadly Poison+1","Acrobatics+1","Deadly Poison","Noxious Fumes","Dagger Spray+1","After Image","Deadly Poison+1","PiercingWail+1","Acrobatics+1","Caltrops","Catalyst+1","Footwork","Noxious Fumes","Deflect+1"],"relics":["Black Star","WarpedTongs","Letter Opener","Art of War","Meat on the Bone","PreservedInsect","Mercury Hourglass","Philosopher\u0027s Stone","MutagenicStrength","Orichalcum","Gremlin Horn","Smiling Mask","Potion Belt","Mango","Nunchaku","Runic Pyramid","War Paint","WingedGreaves","Bag of Preparation","Dream Catcher","Ancient Tea Set","StoneCalendar"],"potions_floor_usage":[11,12,14,23,23,33,33,45,50,50,50],"damage_taken":[{"damage":7,"enemies":"Small Slimes","floor":1,"turns":5},{"damage":0,"enemies":"Cultist","floor":4,"turns":4},{"damage":0,"enemies":"2 Louse","floor":5,"turns":4},{"damage":30,"enemies":"3 Sentries","floor":8,"turns":11},{"damage":17,"enemies":"Large Slime","floor":10,"turns":6},{"damage":8,"enemies":"Exordium Thugs","floor":11,"turns":5},{"damage":0,"enemies":"Gremlin Gang","floor":12,"turns":3},{"damage":24,"enemies":"Gremlin Nob","floor":14,"turns":6},{"damage":21,"enemies":"Slime Boss","floor":16,"turns":10},{"damage":19,"enemies":"Chosen","floor":18,"turns":6},{"damage":16,"enemies":"Shell Parasite","floor":21,"turns":7},{"damage":15,"enemies":"Chosen and Byrds","floor":22,"turns":7},{"damage":13,"enemies":"Book of Stabbing","floor":23,"turns":4},{"damage":3,"enemies":"Snake Plant","floor":25,"turns":5},{"damage":28,"enemies":"Gremlin Leader","floor":27,"turns":5},{"damage":14,"enemies":"Centurion and Healer","floor":28,"turns":6},{"damage":25,"enemies":"Shelled Parasite and Fungi","floor":30,"turns":5},{"damage":8,"enemies":"Champ","floor":33,"turns":15},{"damage":28,"enemies":"3 Darklings","floor":35,"turns":4},{"damage":4,"enemies":"3 Shapes","floor":36,"turns":5},{"damage":6,"enemies":"Maw","floor":37,"turns":8},{"damage":1,"enemies":"Nemesis","floor":40,"turns":7},{"damage":0,"enemies":"Reptomancer","floor":41,"turns":6},{"damage":27,"enemies":"Giant Head","floor":45,"turns":9},{"damage":9,"enemies":"3 Darklings","floor":46,"turns":3},{"damage":24,"enemies":"Spire Growth","floor":48,"turns":7},{"damage":52,"enemies":"Awakened One","floor":50,"turns":14}],"seed_played":"5186720207339067060","potions_obtained":[{"floor":5,"key":"Ancient Potion"},{"floor":8,"key":"Energy Potion"},{"floor":11,"key":"PowerPotion"},{"floor":12,"key":"SteroidPotion"},{"floor":18,"key":"Fire Potion"},{"floor":22,"key":"Fire Potion"},{"floor":28,"key":"SkillPotion"},{"floor":30,"key":"SkillPotion"},{"floor":33,"key":"Fire Potion"},{"floor":36,"key":"FearPotion"},{"floor":41,"key":"Swift Potion"},{"floor":46,"key":"PowerPotion"}],"is_trial":false,"path_per_floor":["M","?","$","M","M","R","$","E","T","M","M","M","R","E","R","B",null,"M","?","?","M","M","E","R","M","T","E","M","R","M","$","R","B",null,"M","M","M","?","?","E","E","R","T","R","E","M","$","M","R","B",null],"character_chosen":"THE_SILENT","items_purchased":["Cloak And Dagger","Nunchaku","Explosive Potion","Footwork"],"campfire_rested":5,"item_purchase_floors":[7,31,31,47],"current_hp_per_floor":[52,52,52,52,52,52,52,22,22,17,21,33,33,21,40,31,57,38,38,26,22,19,18,37,34,34,32,30,30,17,17,41,45,71,43,51,45,45,45,44,44,44,44,68,41,44,44,32,56,16],"gold":76,"neow_bonus":"BOSS_RELIC","is_prod":false,"is_daily":false,"chose_seed":false,"campfire_upgraded":4,"win_rate":0,"timestamp":1551303403,"path_taken":["M","?","?","M","M","R","$","E","T","M","M","M","R","E","R","BOSS","M","?","?","M","?","E","R","M","T","E","M","R","M","$","R","BOSS","M","?","M","?","?","E","E","R","T","R","E","?","$","M","R","BOSS"],"build_version":"2019-01-23","purchased_purges":3,"victory":true,"max_hp_per_floor":[66,66,66,66,66,66,66,66,66,66,66,66,66,66,66,66,66,66,66,66,66,66,66,66,66,66,80,80,80,80,80,80,80,80,80,80,80,80,80,80,80,80,80,80,80,80,80,80,80,80],"card_choices":[{"not_picked":["Backflip","Dodge and Roll"],"picked":"PiercingWail","floor":1},{"not_picked":["Caltrops","Heel Hook","Sucker Punch"],"picked":"SKIP","floor":4},{"not_picked":["Concentrate","Backflip"],"picked":"Dagger Spray","floor":5},{"not_picked":["Bane","Dagger Throw"],"picked":"Noxious Fumes","floor":8},{"not_picked":["Masterful Stab","Dodge and Roll"],"picked":"Footwork","floor":10},{"not_picked":["Tactician","Envenom"],"picked":"Cloak And Dagger","floor":11},{"not_picked":["Flechettes","Acrobatics"],"picked":"Leg Sweep","floor":12},{"not_picked":["Caltrops","Tactician"],"picked":"Backstab","floor":14},{"not_picked":["Glass Knife","Burst"],"picked":"Malaise","floor":16},{"not_picked":["Flying Knee","PiercingWail"],"picked":"Crippling Poison","floor":18},{"not_picked":["Slice","Poisoned Stab"],"picked":"Backflip","floor":21},{"not_picked":["Poisoned Stab","Setup"],"picked":"Deadly Poison+1","floor":22},{"not_picked":["A Thousand Cuts","Dagger Throw"],"picked":"Acrobatics","floor":23},{"not_picked":["PiercingWail","Quick Slash"],"picked":"Deadly Poison","floor":25},{"not_picked":["Accuracy","Reflex"],"picked":"Noxious Fumes","floor":27},{"not_picked":["Cloak And Dagger","Prepared"],"picked":"Dagger Spray+1","floor":28},{"not_picked":["Accuracy","Predator+1","Flying Knee"],"picked":"SKIP","floor":30},{"not_picked":["Envenom","Glass Knife"],"picked":"After Image","floor":33},{"not_picked":["Prepared","Bane"],"picked":"Deadly Poison+1","floor":35},{"not_picked":["Backstab","Deadly Poison"],"picked":"PiercingWail+1","floor":36},{"not_picked":["Blade Dance","Skewer","Unload"],"picked":"SKIP","floor":37},{"not_picked":["Blade Dance","Sucker Punch","Setup"],"picked":"SKIP","floor":40},{"not_picked":["Caltrops","Tools of the Trade"],"picked":"Acrobatics+1","floor":41},{"not_picked":["Grand Finale","Underhanded Strike"],"picked":"Caltrops","floor":45},{"not_picked":["Flechettes+1","Reflex"],"picked":"Catalyst+1","floor":46},{"not_picked":["Flechettes+1","Poisoned Stab+1"],"picked":"Noxious Fumes","floor":48},{"not_picked":["Flying Knee+1","Infinite Blades"],"picked":"Deflect+1","floor":49}],"player_experience":272574,"relics_obtained":[{"floor":8,"key":"Letter Opener"},{"floor":8,"key":"Art of War"},{"floor":9,"key":"Meat on the Bone"},{"floor":14,"key":"PreservedInsect"},{"floor":14,"key":"Mercury Hourglass"},{"floor":23,"key":"Orichalcum"},{"floor":23,"key":"Gremlin Horn"},{"floor":26,"key":"Smiling Mask"},{"floor":27,"key":"Potion Belt"},{"floor":27,"key":"Mango"},{"floor":40,"key":"War Paint"},{"floor":40,"key":"WingedGreaves"},{"floor":41,"key":"Bag of Preparation"},{"floor":41,"key":"Dream Catcher"},{"floor":45,"key":"Ancient Tea Set"},{"floor":45,"key":"StoneCalendar"}],"event_choices":[{"damage_healed":0,"gold_gain":0,"player_choice":"Rummage","damage_taken":0,"relics_obtained":["WarpedTongs"],"max_hp_gain":0,"max_hp_loss":0,"event_name":"Accursed Blacksmith","floor":2,"gold_loss":0,"cards_obtained":["Pain"]},{"damage_healed":0,"gold_gain":0,"player_choice":"Inject Mutagens","damage_taken":0,"relics_obtained":["MutagenicStrength"],"max_hp_gain":0,"max_hp_loss":0,"event_name":"Drug Dealer","floor":19,"gold_loss":0},{"damage_healed":0,"gold_gain":90,"player_choice":"GOLD ","damage_taken":12,"max_hp_gain":0,"max_hp_loss":0,"event_name":"Knowing Skull","floor":20,"potions_obtained":[],"gold_loss":0,"cards_obtained":[]},{"cards_removed":["Strike_G"],"damage_healed":0,"gold_gain":0,"player_choice":"Removed Attack","damage_taken":0,"max_hp_gain":0,"max_hp_loss":0,"event_name":"Falling","floor":38,"gold_loss":0},{"cards_removed":["Strike_G"],"damage_healed":0,"gold_gain":0,"player_choice":"Upgrade and Remove","damage_taken":0,"max_hp_gain":0,"max_hp_loss":0,"event_name":"Designer","floor":39,"gold_loss":110,"cards_upgraded":["Neutralize"]}],"is_beta":false,"boss_relics":[{"not_picked":["Ectoplasm","Calling Bell"],"picked":"Philosopher\u0027s Stone"},{"not_picked":["Astrolabe","Fusion Hammer"],"picked":"Runic Pyramid"}],"items_purged_floors":[3,31,47],"is_endless":false,"potions_floor_spawned":[5,8,11,12,18,22,28,30,33,36,41,46],"ascension_level":19}