{"gold_per_floor":[114,114,79,96,96,131,53,72,95,95,95,95,95,112,112,189,189,207,193,143,157,176,176],"floor_reached":23,"playtime":7295,"items_purged":[],"score":325,"play_id":"bfad0a94-641c-4a34-a1fa-8232aa0c6ab2","local_time":"20190220193725","is_ascension_mode":true,"campfire_choices":[{"floor":10,"key":"REST"},{"data":"Footwork","floor":13,"key":"SMITH"},{"data":"Catalyst","floor":15,"key":"SMITH"}],"neow_cost":"NONE","seed_source_timestamp":307529907445925,"circlet_count":0,"master_deck":["AscendersBane","Defend_G","Defend_G","Defend_G","Defend_G+1","Strike_G+1","Strike_G","Strike_G","Survivor","Neutralize","Footwork+1","Crippling Poison","Noxious Fumes","Dodge and Roll","Catalyst+1","Malaise","PiercingWail+1","Flying Knee+1","Unload+1","Crippling Poison","Leg Sweep","Backflip","PiercingWail+1"],"relics":["Ring of the Snake","Pen Nib","Bag of Preparation","Bronze Scales","Astrolabe"],"potions_floor_usage":[6,6,23],"damage_taken":[{"damage":0,"enemies":"Small Slimes","floor":1,"turns":3},{"damage":2,"enemies":"Jaw Worm","floor":4,"turns":6},{"damage":34,"enemies":"Lagavulin","floor":6,"turns":11},{"damage":4,"enemies":"2 Louse","floor":8,"turns":2},{"damage":1,"enemies":"Exordium Thugs","floor":14,"turns":5},{"damage":11,"enemies":"Hexaghost","floor":16,"turns":9},{"damage":8,"enemies":"Spheric Guardian","floor":18,"turns":5},{"damage":10,"enemies":"2 Thieves","floor":19,"turns":4},{"damage":14,"enemies":"Sentry and Sphere","floor":21,"turns":7},{"damage":5,"enemies":"Snake Plant","floor":22,"turns":6},{"damage":24,"enemies":"Book of Stabbing","floor":23,"turns":6}],"seed_played":"-7900277556325057751","potions_obtained":[{"floor":1,"key":"Fire Potion"},{"floor":4,"key":"Energy Potion"},{"floor":6,"key":"GhostInAJar"},{"floor":21,"key":"Energy Potion"}],"is_trial":false,"path_per_floor":["M","?","?","M","$","E","$","M","T","R","?","?","R","M","R","B",null,"M","M","?","M","M","E"],"character_chosen":"THE_SILENT","items_purchased":["Noxious Fumes"],"campfire_rested":1,"item_purchase_floors":[7],"current_hp_per_floor":[59,46,62,60,60,26,26,22,22,41,57,57,57,56,56,45,59,51,41,41,27,22,0],"gold":176,"neow_bonus":"RANDOM_COMMON_RELIC","is_prod":false,"is_daily":false,"chose_seed":false,"campfire_upgraded":2,"win_rate":0,"timestamp":1550687845,"path_taken":["M","?","?","M","?","E","$","M","T","R","?","?","R","M","R","BOSS","M","M","?","?","M","E"],"build_version":"2019-01-23","purchased_purges":0,"victory":false,"max_hp_per_floor":[66,66,66,66,66,66,66,66,66,66,66,63,63,63,63,63,63,63,63,63,63,63,63],"card_choices":[{"not_picked":["Endless Agony","Accuracy"],"picked":"Footwork","floor":1},{"not_picked":["Dagger Spray","Backstab"],"picked":"Crippling Poison","floor":4},{"not_picked":["Bane","Underhanded Strike","Flying Knee"],"picked":"SKIP","floor":6},{"not_picked":["Dagger Spray","Riddle With Holes"],"picked":"Dodge and Roll","floor":8},{"not_picked":["Slice","Outmaneuver"],"picked":"Catalyst","floor":14},{"not_picked":["Tools of the Trade","Phantasmal Killer"],"picked":"Malaise","floor":16},{"not_picked":["Eviscerate","Quick Slash"],"picked":"Crippling Poison","floor":18},{"not_picked":["Cloak And Dagger","Tactician"],"picked":"Leg Sweep","floor":19},{"not_picked":["Cloak And Dagger","Deflect"],"picked":"Backflip","floor":21},{"not_picked":["Poisoned Stab","Phantasmal Killer"],"picked":"PiercingWail+1","floor":22}],"player_experience":2297786,"relics_obtained":[{"floor":6,"key":"Bag of Preparation"},{"floor":9,"key":"Bronze Scales"}],"event_choices":[{"damage_healed":0,"gold_gain":0,"player_choice":"Entered Light","damage_taken":13,"max_hp_gain":0,"max_hp_loss":0,"event_name":"Shining Light","floor":2,"gold_loss":0,"cards_upgraded":["Defend_G","Strike_G"]},{"damage_healed":16,"gold_gain":0,"player_choice":"Healed","damage_taken":0,"max_hp_gain":0,"max_hp_loss":0,"event_name":"The Cleric","floor":3,"gold_loss":35},{"damage_healed":16,"gold_gain":0,"player_choice":"Healed and dodged fight","damage_taken":0,"max_hp_gain":0,"max_hp_loss":0,"event_name":"Mushrooms","floor":11,"gold_loss":0,"cards_obtained":["Parasite"]},{"cards_removed":["Parasite"],"damage_healed":0,"gold_gain":0,"player_choice":"Purged","damage_taken":0,"max_hp_gain":0,"max_hp_loss":0,"event_name":"Purifier","floor":12,"gold_loss":0},{"damage_healed":0,"gold_gain":0,"player_choice":"Bet on Murderer","damage_taken":0,"max_hp_gain":0,"max_hp_loss":0,"event_name":"The Joust","floor":20,"gold_loss":50}],"is_beta":false,"boss_relics":[{"not_picked":["Busted Crown","Snecko Eye"],"picked":"Astrolabe"}],"items_purged_floors":[],"is_endless":false,"potions_floor_spawned":[1,4,6,21,22],"killed_by":"Book of Stabbing","ascension_level":14}