{"gold_per_floor":[367,382,432,449,292,292,49,81,81,81,93,93,93,19,19,93,93,103,103,103,18,18,18,18],"floor_reached":24,"playtime":1293,"items_purged":[],"score":371,"play_id":"d51737f8-4bde-4107-bf2f-64f6e8c7f2ea","local_time":"20190118151835","is_ascension_mode":true,"campfire_choices":[{"data":"Bash","floor":6.0,"key":"SMITH"},{"data":"True Grit","floor":10.0,"key":"SMITH"},{"data":"Pommel Strike","floor":12,"key":"SMITH"},{"floor":15,"key":"REST"},{"floor":23,"key":"REST"}],"neow_cost":"TEN_PERCENT_HP_LOSS","seed_source_timestamp":184768119811174,"circlet_count":0,"master_deck":["AscendersBane","Strike_R","Strike_R","Strike_R+1","Strike_R","Strike_R","Defend_R","Defend_R","Defend_R","Defend_R+1","Bash+1","Reckless Charge","Pommel Strike+1","Shrug It Off","True Grit+1","Cleave","Blood for Blood+1","Inflame","Juggernaut","Intimidate","RitualDagger+1"],"special_seed":0,"relics":["Burning Blood","Lantern","Anchor","Pocketwatch","Molten Egg 2","Mark of Pain","Sundial"],"potions_floor_usage":[18],"damage_taken":[{"damage":15.0,"enemies":"Small Slimes","floor":1.0,"turns":4.0},{"damage":6.0,"enemies":"Cultist","floor":2.0,"turns":4.0},{"damage":8.0,"enemies":"2 Louse","floor":4.0,"turns":2.0},{"damage":24.0,"enemies":"Gremlin Nob","floor":8.0,"turns":4.0},{"damage":0.0,"enemies":"Exordium Wildlife","floor":11.0,"turns":2.0},{"damage":18,"enemies":"The Guardian","floor":16,"turns":11},{"damage":21,"enemies":"Spheric Guardian","floor":18,"turns":5},{"damage":17,"enemies":"Colosseum Slavers","floor":20,"turns":6},{"damage":47,"enemies":"Slavers","floor":24,"turns":6}],"seed_played":"1340625240466686396","potions_obtained":[{"floor":1.0,"key":"Weak Potion"},{"floor":11,"key":"Energy Potion"}],"is_trial":false,"path_per_floor":["M","M","?","M","$","R","$","E","T","R","M","R","?","$","R","B",null,"M","?","?","?","$","R","E"],"character_chosen":"IRONCLAD","items_purchased":["Lantern","Shrug It Off","Anchor","True Grit","Inflame"],"campfire_rested":2,"item_purchase_floors":[5,7,7,7,14],"current_hp_per_floor":[59,59,53,51,51,51,51,33,33,33,39,39,19,19,39,27,58,43,37,26,26,26,46,0],"gold":18,"neow_bonus":"TWO_FIFTY_GOLD","is_prod":false,"is_daily":false,"chose_seed":false,"campfire_upgraded":3,"win_rate":0,"timestamp":1547821115,"path_taken":["M","M","?","?","?","R","$","E","T","R","M","R","?","?","R","BOSS","M","?","?","?","$","R","E"],"build_version":"2019-01-17v2","purchased_purges":0,"victory":false,"max_hp_per_floor":[68,68,68,68,68,68,68,68,68,68,68,68,68,68,68,68,68,68,68,68,68,68,68,68],"card_choices":[{"not_picked":["Dropkick","Rage"],"picked":"Reckless Charge","floor":1.0},{"not_picked":["Body Slam","Sword Boomerang"],"picked":"Pommel Strike","floor":2.0},{"not_picked":["Sword Boomerang","Fire Breathing","Havoc"],"picked":"SKIP","floor":4.0},{"not_picked":["True Grit","Wild Strike"],"picked":"Cleave","floor":8.0},{"not_picked":["Thunderclap+1","Metallicize"],"picked":"Blood for Blood+1","floor":11},{"not_picked":["Immolate+1","Feed+1"],"picked":"Juggernaut","floor":16},{"not_picked":["Clash+1","Perfected Strike+1"],"picked":"Intimidate","floor":18}],"player_experience":886586,"relics_obtained":[{"floor":8.0,"key":"Pocketwatch"},{"floor":9.0,"key":"Molten Egg 2"}],"event_choices":[{"damage_healed":0.0,"max_hp_gain":0.0,"max_hp_loss":0.0,"gold_gain":50.0,"event_name":"FaceTrader","player_choice":"Touch","floor":3.0,"gold_loss":0.0,"damage_taken":6.0},{"damage_healed":0,"gold_gain":0,"player_choice":"Entered Light","damage_taken":20,"max_hp_gain":0,"max_hp_loss":0,"event_name":"Shining Light","floor":13,"gold_loss":0,"cards_upgraded":["Strike_R","Defend_R"]},{"damage_healed":0,"gold_gain":0,"player_choice":"Joined the Cult","damage_taken":6,"max_hp_gain":0,"max_hp_loss":0,"event_name":"Nest","floor":19,"gold_loss":0,"cards_obtained":["RitualDagger"]},{"damage_healed":0,"gold_gain":0,"player_choice":"Fight","damage_taken":0,"max_hp_gain":0,"max_hp_loss":0,"event_name":"Colosseum","floor":20,"gold_loss":0},{"damage_healed":0,"gold_gain":0,"player_choice":"Fled From Nobs","damage_taken":0,"max_hp_gain":0,"max_hp_loss":0,"event_name":"Colosseum","floor":20,"gold_loss":0},{"damage_healed":0,"gold_gain":0,"player_choice":"Obtained Relic","damage_taken":0,"relics_obtained":["Sundial"],"max_hp_gain":0,"max_hp_loss":0,"event_name":"Addict","floor":21,"gold_loss":85}],"is_beta":false,"boss_relics":[{"not_picked":["White Beast Statue","Runic Pyramid"],"picked":"Mark of Pain"}],"items_purged_floors":[],"is_endless":false,"potions_floor_spawned":[1,11],"killed_by":"Slavers","ascension_level":19}