{"gold_per_floor":[118,136,136,154,174,174,187,187,187,220,220,220,1,1,1,120,120,144,157,157,57,75,75,98,98,155,155,179,179,213,231,231,350,350,371,111,134,152,152,152,196,196,196,196,215,250,250,58,58,58],"floor_reached":51,"playtime":7556,"items_purged":["PanicButton","Strike_R","Strike_R"],"score":850,"play_id":"41968a61-7d48-452d-b954-8be0f54b78e1","local_time":"20190226185735","is_ascension_mode":false,"campfire_choices":[{"data":"Armaments","floor":6.0,"key":"SMITH"},{"data":"Inflame","floor":8.0,"key":"SMITH"},{"data":"Shrug It Off","floor":11.0,"key":"SMITH"},{"floor":15.0,"key":"REST"},{"data":"Barricade","floor":23.0,"key":"SMITH"},{"data":"Clothesline","floor":25.0,"key":"SMITH"},{"data":"Defend_R","floor":27.0,"key":"SMITH"},{"data":"Defend_R","floor":32.0,"key":"SMITH"},{"data":"Bash","floor":40,"key":"SMITH"},{"data":"Defend_R","floor":42,"key":"SMITH"},{"data":"Defend_R","floor":47,"key":"SMITH"},{"data":"Discovery","floor":49,"key":"SMITH"}],"neow_cost":"PERCENT_DAMAGE","seed_source_timestamp":869303225593621,"circlet_count":0,"master_deck":["Defend_R+1","Defend_R+1","Defend_R+1","Defend_R+1","Bash+1","Discovery+1","Shrug It Off+1","Iron Wave+1","Inflame+1","Armaments+1","Seeing Red+1","Clothesline+1","Offering+1","Dual Wield+1","Barricade+1","Power Through+1","Ghostly Armor+1","Shockwave+1","Ghostly Armor+1"],"special_seed":0,"relics":["Burning Blood","Golden Idol","Toxic Egg 2","Gambling Chip","Busted Crown","Tiny Chest","Sundial","Sozu","Shuriken","Anchor","Potion Belt","Oddly Smooth Stone"],"potions_floor_usage":[50,50],"damage_taken":[{"damage":10.0,"enemies":"Jaw Worm","floor":1.0,"turns":4.0},{"damage":0.0,"enemies":"Small Slimes","floor":2.0,"turns":4.0},{"damage":0.0,"enemies":"Cultist","floor":4.0,"turns":4.0},{"damage":7.0,"enemies":"Large Slime","floor":5.0,"turns":5.0},{"damage":5.0,"enemies":"Looter","floor":7.0,"turns":3.0},{"damage":9.0,"enemies":"3 Sentries","floor":10.0,"turns":7.0},{"damage":6.0,"enemies":"Hexaghost","floor":16.0,"turns":10.0},{"damage":9.0,"enemies":"Spheric Guardian","floor":18.0,"turns":6.0},{"damage":6.0,"enemies":"Shell Parasite","floor":19.0,"turns":5.0},{"damage":2.0,"enemies":"Shelled Parasite and Fungi","floor":22.0,"turns":9.0},{"damage":6.0,"enemies":"Sentry and Sphere","floor":24.0,"turns":10.0},{"damage":6.0,"enemies":"Centurion and Healer","floor":28.0,"turns":9.0},{"damage":6.0,"enemies":"Gremlin Leader","floor":30.0,"turns":9.0},{"damage":6.0,"enemies":"Snecko","floor":31.0,"turns":5.0},{"damage":18.0,"enemies":"Champ","floor":33.0,"turns":12.0},{"damage":6.0,"enemies":"3 Darklings","floor":35.0,"turns":8.0},{"damage":6,"enemies":"Orb Walker","floor":37,"turns":5},{"damage":14,"enemies":"Maw","floor":38,"turns":7},{"damage":6,"enemies":"Giant Head","floor":41,"turns":8},{"damage":6,"enemies":"Jaw Worm Horde","floor":45,"turns":11},{"damage":6,"enemies":"Nemesis","floor":46,"turns":9},{"damage":6,"enemies":"Time Eater","floor":50,"turns":16}],"seed_played":"-7522759763151290187","potions_obtained":[{"floor":1.0,"key":"BloodPotion"},{"floor":2.0,"key":"Energy Potion"},{"floor":7.0,"key":"LiquidBronze"},{"floor":10.0,"key":"Weak Potion"},{"floor":19.0,"key":"SpeedPotion"},{"floor":28.0,"key":"FearPotion"}],"is_trial":false,"path_per_floor":["M","M","?","M","M","R","M","R","T","E","R","?","$","?","R","B",null,"M","M","?","$","M","R","M","R","T","R","M","?","E","M","R","B",null,"M","$","M","M","?","R","E","R","T","?","M","E","R","$","R","B",null],"character_chosen":"IRONCLAD","items_purchased":["Offering+1","Dual Wield+1","Shuriken","Ghostly Armor+1"],"campfire_rested":1,"item_purchase_floors":[13,13,36,48],"current_hp_per_floor":[52,58,38,44,43,43,44,44,44,41,41,41,41,41,65,65,80,77,77,77,77,80,80,80,80,80,80,80,80,80,80,80,68,80,80,80,80,72,72,72,72,72,72,72,72,72,72,72,72,80],"gold":58,"neow_bonus":"RANDOM_COLORLESS_2","is_prod":false,"is_daily":false,"chose_seed":false,"campfire_upgraded":11,"win_rate":0,"timestamp":1551175055,"path_taken":["M","M","?","M","M","R","M","R","T","E","R","?","$","?","R","BOSS","M","M","?","$","M","R","M","R","T","R","M","?","E","M","R","BOSS","M","$","M","M","?","R","E","R","T","?","M","E","R","$","R","BOSS"],"build_version":"2019-01-23","purchased_purges":3,"victory":true,"max_hp_per_floor":[80,80,80,80,80,80,80,80,80,80,80,80,80,80,80,80,80,80,80,80,80,80,80,80,80,80,80,80,80,80,80,80,80,80,80,80,80,80,80,80,80,80,80,80,80,80,80,80,80,80],"card_choices":[{"not_picked":["Clash","Hemokinesis"],"picked":"Shrug It Off","floor":1.0},{"not_picked":["True Grit","Infernal Blade"],"picked":"Iron Wave","floor":2.0},{"not_picked":["Havoc","Twin Strike"],"picked":"Inflame","floor":4.0},{"not_picked":["Clash","Thunderclap"],"picked":"Armaments","floor":5.0},{"not_picked":["Feel No Pain","Armaments","Perfected Strike"],"picked":"SKIP","floor":7.0},{"not_picked":["Rupture","True Grit+1"],"picked":"Seeing Red+1","floor":10.0},{"not_picked":["Fiend Fire","Demon Form"],"picked":"Barricade","floor":16.0},{"not_picked":["Perfected Strike"],"picked":"SKIP","floor":18.0},{"not_picked":["Iron Wave"],"picked":"SKIP","floor":19.0},{"not_picked":["Carnage"],"picked":"SKIP","floor":22.0},{"not_picked":[],"picked":"Shockwave+1","floor":24.0},{"not_picked":["Clash"],"picked":"SKIP","floor":28.0},{"not_picked":["Anger"],"picked":"SKIP","floor":30.0},{"not_picked":["Burning Pact+1"],"picked":"SKIP","floor":31.0},{"not_picked":["Uppercut+1"],"picked":"SKIP","floor":35.0},{"not_picked":["Warcry+1"],"picked":"SKIP","floor":37},{"not_picked":["Wild Strike"],"picked":"SKIP","floor":38},{"not_picked":["Metallicize+1"],"picked":"SKIP","floor":41},{"not_picked":["Rage+1"],"picked":"SKIP","floor":45},{"not_picked":["Entrench+1"],"picked":"SKIP","floor":46}],"player_experience":451829,"relics_obtained":[{"floor":9.0,"key":"Toxic Egg 2"},{"floor":10.0,"key":"Gambling Chip"},{"floor":26.0,"key":"Tiny Chest"},{"floor":30.0,"key":"Sundial"},{"floor":41,"key":"Anchor"},{"floor":43,"key":"Potion Belt"},{"floor":46,"key":"Oddly Smooth Stone"}],"event_choices":[{"damage_healed":0.0,"max_hp_gain":0.0,"max_hp_loss":0.0,"gold_gain":0.0,"event_name":"Golden Idol","player_choice":"Take Damage","floor":3.0,"gold_loss":0.0,"damage_taken":20.0,"relics_obtained":["Golden Idol"]},{"damage_healed":0.0,"max_hp_gain":0.0,"max_hp_loss":0.0,"gold_gain":0.0,"cards_transformed":["Strike_R"],"event_name":"Living Wall","player_choice":"Change","floor":12.0,"gold_loss":0.0,"damage_taken":0.0,"cards_obtained":["Clothesline"]},{"damage_healed":0.0,"max_hp_gain":0.0,"max_hp_loss":0.0,"gold_gain":0.0,"event_name":"Accursed Blacksmith","player_choice":"Forge","floor":14.0,"gold_loss":0.0,"damage_taken":0.0,"cards_upgraded":["Iron Wave"]},{"damage_healed":0.0,"max_hp_gain":0.0,"max_hp_loss":0.0,"gold_gain":0.0,"cards_transformed":["Strike_R","Strike_R"],"event_name":"Drug Dealer","player_choice":"Became Test Subject","floor":20.0,"gold_loss":0.0,"damage_taken":0.0,"cards_obtained":["Power Through","Ghostly Armor"]},{"damage_healed":0.0,"max_hp_gain":0.0,"max_hp_loss":0.0,"gold_gain":0.0,"event_name":"The Mausoleum","player_choice":"Ignored","floor":29.0,"gold_loss":0.0,"damage_taken":0.0},{"damage_healed":0,"gold_gain":0,"player_choice":"Memory 1","damage_taken":0,"max_hp_gain":0,"max_hp_loss":0,"event_name":"SensoryStone","floor":39,"gold_loss":0},{"damage_healed":0,"gold_gain":0,"player_choice":"Ignored","damage_taken":0,"max_hp_gain":0,"max_hp_loss":0,"event_name":"Tomb of Lord Red Mask","floor":44,"gold_loss":0}],"is_beta":false,"boss_relics":[{"not_picked":["Eternal Feather","Snecko Eye"],"picked":"Busted Crown"},{"not_picked":["Runic Pyramid","Mark of Pain"],"picked":"Sozu"}],"items_purged_floors":[13,21,48],"is_endless":false,"potions_floor_spawned":[1,2,7,10,19,28,37,45],"ascension_level":0}