{"gold_per_floor":[15,33,33,111,36,36,55,55,55,75,116,139,163,163,163,163],"floor_reached":16,"playtime":497,"items_purged":["Injury"],"score":179,"play_id":"5ed864a5-d086-43f6-af53-1fefc678d348","local_time":"20190214005900","is_ascension_mode":true,"campfire_choices":[{"data":"Clothesline","floor":6,"key":"SMITH"},{"floor":8,"key":"REST"},{"floor":15,"key":"REST"}],"neow_cost":"NO_GOLD","seed_source_timestamp":96431472729753,"circlet_count":0,"master_deck":["AscendersBane","Strike_R","Strike_R","Strike_R","Strike_R","Defend_R","Defend_R","Defend_R","Bash","Limit Break","Warcry","Dropkick","Clothesline+1","Shrug It Off","Perfected Strike","Offering","Perfected Strike","Twin Strike"],"relics":["Burning Blood","Golden Idol","Matryoshka","Juzu Bracelet"],"potions_floor_usage":[],"damage_taken":[{"damage":14,"enemies":"2 Louse","floor":1,"turns":4},{"damage":13,"enemies":"Jaw Worm","floor":2,"turns":4},{"damage":6,"enemies":"Small Slimes","floor":7,"turns":4},{"damage":5,"enemies":"2 Fungi Beasts","floor":10,"turns":4},{"damage":49,"enemies":"3 Sentries","floor":11,"turns":10},{"damage":13,"enemies":"3 Louse","floor":12,"turns":3},{"damage":5,"enemies":"Blue Slaver","floor":13,"turns":3},{"damage":59,"enemies":"Hexaghost","floor":16,"turns":11}],"seed_played":"3835846526375336382","potions_obtained":[{"floor":1,"key":"FairyPotion"},{"floor":7,"key":"LiquidBronze"}],"is_trial":false,"path_per_floor":["M","M","?","?","$","R","M","R","T","M","E","M","M","?","R","B"],"character_chosen":"IRONCLAD","items_purchased":[],"campfire_rested":2,"item_purchase_floors":[],"current_hp_per_floor":[60,53,53,53,53,53,53,75,75,75,32,25,26,26,48,0],"gold":163,"neow_bonus":"TRANSFORM_TWO_CARDS","is_prod":false,"is_daily":false,"chose_seed":false,"campfire_upgraded":1,"win_rate":0,"timestamp":1550123940,"path_taken":["M","M","?","?","$","R","M","R","T","M","E","M","M","?","R","BOSS"],"build_version":"2019-02-06","purchased_purges":1,"victory":false,"max_hp_per_floor":[75,75,75,75,75,75,75,75,75,75,75,75,75,75,75,75],"card_choices":[{"not_picked":["Uppercut","Clash"],"picked":"Dropkick","floor":1},{"not_picked":["True Grit","Rampage"],"picked":"Clothesline","floor":2},{"not_picked":["Battle Trance","Pommel Strike"],"picked":"Shrug It Off","floor":7},{"not_picked":["Clothesline","Body Slam"],"picked":"Perfected Strike","floor":10},{"not_picked":["Sword Boomerang","Cleave"],"picked":"Offering","floor":11},{"not_picked":["Battle Trance","Havoc"],"picked":"Perfected Strike","floor":12},{"not_picked":["Wild Strike","True Grit"],"picked":"Twin Strike","floor":13}],"player_experience":598958,"relics_obtained":[{"floor":9,"key":"Matryoshka"},{"floor":11,"key":"Juzu Bracelet"}],"event_choices":[{"damage_healed":0,"gold_gain":0,"player_choice":"Take Wound","damage_taken":0,"relics_obtained":["Golden Idol"],"max_hp_gain":0,"max_hp_loss":0,"event_name":"Golden Idol","floor":3,"gold_loss":0,"cards_obtained":["Injury"]},{"damage_healed":0,"gold_gain":78,"player_choice":"Gained Gold","damage_taken":0,"max_hp_gain":0,"max_hp_loss":0,"event_name":"Golden Wing","floor":4,"gold_loss":0},{"damage_healed":0,"gold_gain":0,"player_choice":"Ignored","damage_taken":0,"max_hp_gain":0,"max_hp_loss":0,"event_name":"Liars Game","floor":14,"gold_loss":0}],"is_beta":true,"boss_relics":[],"items_purged_floors":[5],"is_endless":false,"potions_floor_spawned":[1,7,11,13],"killed_by":"Hexaghost","ascension_level":15}