{"gold_per_floor":[112,112,126,51,66,66,93,93,93,26,36,36,46,62,62,62],"floor_reached":16,"playtime":580,"items_purged":["Strike_R"],"score":173,"play_id":"38b85f04-23e1-46c9-b5eb-c8c6b926de8d","local_time":"20181015154203","is_ascension_mode":true,"campfire_choices":[{"data":"True Grit","floor":6.0,"key":"SMITH"},{"data":"Uppercut","floor":12,"key":"SMITH"},{"data":"Metallicize","floor":15,"key":"SMITH"}],"neow_cost":"NONE","seed_source_timestamp":0,"circlet_count":0,"master_deck":["Strike_R","Strike_R","Strike_R","Defend_R","Defend_R","Defend_R","Defend_R","Bash","AscendersBane","Twin Strike","True Grit+1","Evolve","Feel No Pain","Inflame","Uppercut+1","Inflame","Metallicize+1"],"special_seed":0,"relics":["Burning Blood","Gambling Chip","PreservedInsect","Self Forming Clay"],"potions_floor_usage":[16,16],"damage_taken":[{"damage":25.0,"enemies":"Jaw Worm","floor":1.0,"turns":7.0},{"damage":1.0,"enemies":"Cultist","floor":3.0,"turns":3.0},{"damage":0.0,"enemies":"Small Slimes","floor":5.0,"turns":2.0},{"damage":43,"enemies":"Lagavulin","floor":7,"turns":7},{"damage":6,"enemies":"Looter","floor":11,"turns":5},{"damage":4,"enemies":"Red Slaver","floor":13,"turns":4},{"damage":18,"enemies":"Exordium Thugs","floor":14,"turns":4},{"damage":17,"enemies":"Hexaghost","floor":16,"turns":11}],"seed_played":"-8542611002606140180","potions_obtained":[{"floor":3.0,"key":"AttackPotion"},{"floor":11,"key":"LiquidBronze"},{"floor":14,"key":"GamblersBrew"}],"is_trial":false,"path_per_floor":["M","?","M","$","M","R","E","?","T","$","M","R","M","M","R"],"character_chosen":"IRONCLAD","items_purchased":["Inflame"],"campfire_rested":0,"item_purchase_floors":[10],"current_hp_per_floor":[53,53,58,58,64,64,27,27,27,27,27,27,29,17,17,0],"gold":62,"neow_bonus":"ONE_RANDOM_RARE_CARD","is_prod":false,"is_daily":false,"chose_seed":false,"campfire_upgraded":3,"win_rate":0,"timestamp":1539610923,"path_taken":["M","?","M","$","M","R","E","?","T","$","?","R","M","M","R","BOSS"],"build_version":"2018-10-11","purchased_purges":1,"victory":false,"max_hp_per_floor":[75,75,75,75,75,75,75,75,75,75,75,75,75,75,75,75],"card_choices":[{"not_picked":["Perfected Strike","Sentinel"],"picked":"Twin Strike","floor":1.0},{"not_picked":["Thunderclap","Seeing Red"],"picked":"True Grit","floor":3.0},{"not_picked":["Anger","Rupture"],"picked":"Evolve","floor":5.0},{"not_picked":["Clothesline","Dropkick"],"picked":"Feel No Pain","floor":7},{"not_picked":["Headbutt","Feel No Pain"],"picked":"Uppercut","floor":11},{"not_picked":["Body Slam","Wild Strike"],"picked":"Inflame","floor":13},{"not_picked":["Iron Wave","Combust"],"picked":"Metallicize","floor":14}],"player_experience":520173,"relics_obtained":[{"floor":7,"key":"PreservedInsect"},{"floor":9,"key":"Self Forming Clay"}],"event_choices":[{"event_name":"WeMeetAgain","player_choice":"Card","floor":2.0,"damage_taken":0.0},{"event_name":"Purifier","player_choice":"One Purge","floor":8,"damage_taken":0}],"is_beta":false,"boss_relics":[],"items_purged_floors":[4],"is_endless":false,"potions_floor_spawned":[3,11,14],"killed_by":"Hexaghost","ascension_level":14}