{"gold_per_floor":[15,31,31,46,61,61,94,94,94,94,124,138,15,35,35,113,113,132,132,151,166,13,13,48,48,71,83,83,83,96,96,96,174,174,190,190,190,148,167,167,89,102,102,102,113,28,28],"floor_reached":47,"playtime":3107,"items_purged":["Sever Soul"],"score":934,"play_id":"d30eab1a-6df9-4838-b803-443b327761d2","local_time":"20181205161740","is_ascension_mode":true,"campfire_choices":[{"data":"Uppercut","floor":6,"key":"SMITH"},{"data":"True Grit","floor":8,"key":"SMITH"},{"data":"Bash","floor":10,"key":"SMITH"},{"data":"Metallicize","floor":15,"key":"SMITH"},{"data":"True Grit","floor":23,"key":"SMITH"},{"floor":25,"key":"REST"},{"floor":28,"key":"REST"},{"data":"Ghostly","floor":32,"key":"SMITH"},{"data":"Ghostly","floor":40,"key":"SMITH"}],"neow_cost":"NO_GOLD","seed_source_timestamp":358453030729882,"circlet_count":0,"master_deck":["AscendersBane","Bash+1","Inflame","Pummel","True Grit+1","Uppercut+1","Twin Strike","Battle Trance","Metallicize+1","Metallicize","Spot Weakness","Shrug It Off","Offering","Shrug It Off","Twin Strike","Iron Wave","Blood for Blood","True Grit+1","Clothesline","Sword Boomerang","Shrug It Off","Offering","Evolve","Reckless Charge","Ghostly+1","Ghostly+1","Ghostly","Sword Boomerang+1","Double Tap","Headbutt+1","Metallicize","Cleave+1","Sentinel","Spot Weakness"],"relics":["Burning Blood","Self Forming Clay","Paper Frog","Pantograph","Pandora\u0027s Box","Torii","Oddly Smooth Stone","Sozu","Thread and Needle"],"potions_floor_usage":[7,16,18,24,42,42],"damage_taken":[{"damage":6,"enemies":"Jaw Worm","floor":1,"turns":5},{"damage":10,"enemies":"Small Slimes","floor":2,"turns":3},{"damage":6,"enemies":"Cultist","floor":4,"turns":3},{"damage":9,"enemies":"Blue Slaver","floor":5,"turns":6},{"damage":18,"enemies":"Lagavulin","floor":7,"turns":6},{"damage":23,"enemies":"Gremlin Nob","floor":11,"turns":4},{"damage":6,"enemies":"Looter","floor":12,"turns":3},{"damage":1,"enemies":"2 Fungi Beasts","floor":14,"turns":4},{"damage":0,"enemies":"The Guardian","floor":16,"turns":11},{"damage":10,"enemies":"Spheric Guardian","floor":18,"turns":4},{"damage":12,"enemies":"Chosen","floor":20,"turns":5},{"damage":17,"enemies":"Centurion and Healer","floor":21,"turns":5},{"damage":35,"enemies":"Gremlin Leader","floor":24,"turns":5},{"damage":24,"enemies":"Sentry and Sphere","floor":27,"turns":5},{"damage":18,"enemies":"Snecko","floor":30,"turns":6},{"damage":13,"enemies":"Champ","floor":33,"turns":12},{"damage":19,"enemies":"3 Darklings","floor":35,"turns":6},{"damage":2,"enemies":"Orb Walker","floor":39,"turns":4},{"damage":34,"enemies":"Spire Growth","floor":42,"turns":5},{"damage":7,"enemies":"4 Shapes","floor":45,"turns":9},{"damage":13,"enemies":"3 Darklings","floor":47,"turns":2}],"seed_played":"-5246631728747716454","potions_obtained":[{"floor":1,"key":"Regen Potion"},{"floor":2,"key":"LiquidBronze"},{"floor":12,"key":"Fire Potion"},{"floor":14,"key":"Swift Potion"},{"floor":19,"key":"SmokeBomb"},{"floor":19,"key":"Regen Potion"},{"floor":20,"key":"Explosive Potion"},{"floor":27,"key":"BloodPotion"}],"is_trial":false,"path_per_floor":["M","M","?","M","M","R","E","R","T","R","E","M","$","M","R","B",null,"M","?","M","M","$","R","E","R","T","M","R","?","M","$","R","B",null,"M","?","?","$","M","R","$","M","T","?","M","$","M"],"character_chosen":"IRONCLAD","items_purchased":["Metallicize","Spot Weakness","Offering","Metallicize","Sentinel","Spot Weakness"],"campfire_rested":2,"item_purchase_floors":[13,13,22,38,41,46],"current_hp_per_floor":[68,64,69,69,66,66,68,68,68,68,51,51,51,56,56,80,80,76,76,70,59,59,59,30,54,54,36,60,40,28,28,28,33,38,25,25,25,25,29,29,29,13,13,13,12,12,0],"gold":28,"neow_bonus":"REMOVE_TWO","is_prod":false,"is_daily":false,"chose_seed":false,"campfire_upgraded":7,"win_rate":0,"timestamp":1544023060,"path_taken":["M","M","?","M","M","R","E","R","T","R","E","M","$","M","R","BOSS","M","?","?","M","$","R","E","R","T","M","R","?","M","$","R","BOSS","M","?","?","?","M","R","$","M","T","?","M","$","M"],"build_version":"2018-11-15","purchased_purges":1,"victory":false,"max_hp_per_floor":[75,75,80,80,80,80,80,80,80,80,80,80,80,80,80,80,80,80,80,80,80,80,80,80,80,80,80,80,40,40,40,40,40,40,40,40,38,38,38,38,38,38,38,38,38,38,38],"card_choices":[{"not_picked":["Rage","Wild Strike"],"picked":"Inflame","floor":1},{"not_picked":["Power Through","Twin Strike"],"picked":"Pummel","floor":2},{"not_picked":["Heavy Blade","Power Through"],"picked":"True Grit","floor":4},{"not_picked":["Iron Wave","True Grit"],"picked":"Uppercut","floor":5},{"not_picked":["Body Slam","Perfected Strike"],"picked":"Twin Strike","floor":7},{"not_picked":["Rupture","Rage"],"picked":"Battle Trance","floor":11},{"not_picked":["Iron Wave","Cleave"],"picked":"Metallicize","floor":12},{"not_picked":["Cleave","Dropkick"],"picked":"Shrug It Off","floor":14},{"not_picked":["Berserk","Double Tap"],"picked":"Offering","floor":16},{"not_picked":["Clash","Cleave"],"picked":"Sword Boomerang","floor":18},{"not_picked":["Evolve","Heavy Blade"],"picked":"Shrug It Off","floor":20},{"not_picked":["Warcry","Heavy Blade","Perfected Strike"],"picked":"SKIP","floor":21},{"not_picked":["Rage","Havoc"],"picked":"Evolve","floor":24},{"not_picked":["Burning Pact","Blood for Blood"],"picked":"Reckless Charge","floor":27},{"not_picked":["Cleave","Warcry"],"picked":"Sword Boomerang+1","floor":30},{"not_picked":["Fiend Fire","Brutality"],"picked":"Double Tap","floor":33},{"not_picked":["Blood for Blood","Anger"],"picked":"Headbutt+1","floor":35},{"not_picked":["Combust","Wild Strike"],"picked":"Cleave+1","floor":39},{"not_picked":["Havoc","Warcry","Evolve+1"],"picked":"SKIP","floor":42},{"not_picked":["Iron Wave","Sword Boomerang","Wild Strike"],"picked":"SKIP","floor":45}],"player_experience":715558,"relics_obtained":[{"floor":7,"key":"Self Forming Clay"},{"floor":9,"key":"Paper Frog"},{"floor":11,"key":"Pantograph"},{"floor":24,"key":"Torii"},{"floor":26,"key":"Oddly Smooth Stone"},{"floor":43,"key":"Thread and Needle"}],"event_choices":[{"damage_healed":0,"gold_gain":0,"player_choice":"Donut","damage_taken":0,"max_hp_gain":5,"max_hp_loss":0,"event_name":"Big Fish","floor":3,"gold_loss":0},{"damage_healed":0,"gold_gain":0,"player_choice":"Got Potions","damage_taken":0,"max_hp_gain":0,"max_hp_loss":0,"event_name":"Lab","floor":19,"gold_loss":0},{"damage_healed":0,"gold_gain":0,"player_choice":"Became a Ghost","damage_taken":0,"max_hp_gain":0,"max_hp_loss":40,"event_name":"Ghosts","floor":29,"gold_loss":0,"cards_obtained":["Ghostly","Ghostly","Ghostly"]},{"damage_healed":0,"gold_gain":0,"player_choice":"Ignored","damage_taken":0,"max_hp_gain":0,"max_hp_loss":0,"event_name":"Tomb of Lord Red Mask","floor":36,"gold_loss":0},{"damage_healed":0,"gold_gain":0,"player_choice":"Max HP","damage_taken":0,"max_hp_gain":0,"max_hp_loss":2,"event_name":"Winding Halls","floor":37,"gold_loss":0},{"damage_healed":0,"gold_gain":0,"player_choice":"Ignored","damage_taken":0,"max_hp_gain":0,"max_hp_loss":0,"event_name":"The Moai Head","floor":44,"gold_loss":0}],"is_beta":false,"boss_relics":[{"not_picked":["White Beast Statue","Fusion Hammer"],"picked":"Pandora\u0027s Box"},{"not_picked":["Runic Pyramid","Eternal Feather"],"picked":"Sozu"}],"items_purged_floors":[22],"is_endless":false,"potions_floor_spawned":[1,2,5,12,14,20,27,30,33,35,42],"killed_by":"3 Darklings","ascension_level":17}