{"gold_per_floor":[119,44,44,60,80,111,111,140,140,215,215,215,215,274,274,352,352,371,371,371,149,199,199,215,245,270,270,270,270,195,220,220,292,292,309,309,56,66,86,86,115,115,115,115,215,90,102,137,137,137],"floor_reached":51,"playtime":2170,"items_purged":["Strike_R","Pain","Normality"],"score":1603,"play_id":"49d5ec8c-8e92-4310-9a21-c98b638ecfb7","local_time":"20190219192416","is_ascension_mode":true,"campfire_choices":[{"data":"Barricade","floor":7.0,"key":"SMITH"},{"data":"Defend_R","floor":11.0,"key":"SMITH"},{"data":"Bash","floor":13.0,"key":"SMITH"},{"data":"Body Slam","floor":15.0,"key":"SMITH"},{"data":"Pommel Strike","floor":23.0,"key":"SMITH"},{"floor":28.0,"key":"REST"},{"data":"Shrug It Off","floor":32.0,"key":"SMITH"},{"data":"Impervious","floor":40.0,"key":"SMITH"},{"data":"Rampage","floor":49,"key":"SMITH"}],"neow_cost":"CURSE","seed_source_timestamp":243794133645700,"circlet_count":0,"master_deck":["AscendersBane","Strike_R","Strike_R","Defend_R+1","Defend_R","Defend_R","Defend_R","Bash+1","Entrench+1","Pommel Strike+1","Barricade+1","Body Slam+1","Shrug It Off+1","Impervious+1","Injury","Dual Wield","Rampage+1","Shrug It Off+1"],"special_seed":0,"relics":["Burning Blood","Champion Belt","Oddly Smooth Stone","Ginger","Sundial","Charon\u0027s Ashes","Snecko Eye","Omamori","Tiny Chest","Juzu Bracelet","Necronomicon","Matryoshka","Vajra","Calling Bell","Boot","Singing Bowl","Turnip","Happy Flower","Bronze Scales","Anchor","Peace Pipe","Ancient Tea Set"],"potions_floor_usage":[50],"damage_taken":[{"damage":0.0,"enemies":"Small Slimes","floor":1.0,"turns":3.0},{"damage":7.0,"enemies":"Cultist","floor":4.0,"turns":4.0},{"damage":11.0,"enemies":"Jaw Worm","floor":5.0,"turns":4.0},{"damage":50.0,"enemies":"3 Sentries","floor":6.0,"turns":12.0},{"damage":0.0,"enemies":"Lagavulin","floor":8.0,"turns":11.0},{"damage":22.0,"enemies":"Lagavulin Event","floor":14.0,"turns":13.0},{"damage":0.0,"enemies":"Slime Boss","floor":16.0,"turns":11.0},{"damage":26.0,"enemies":"2 Thieves","floor":18.0,"turns":5.0},{"damage":6.0,"enemies":"Colosseum Slavers","floor":19.0,"turns":5.0},{"damage":0.0,"enemies":"Spheric Guardian","floor":24.0,"turns":3.0},{"damage":0.0,"enemies":"Gremlin Leader","floor":31.0,"turns":7.0},{"damage":0.0,"enemies":"Champ","floor":33.0,"turns":8.0},{"damage":37.0,"enemies":"Orb Walker","floor":35.0,"turns":6.0},{"damage":10.0,"enemies":"3 Shapes","floor":38.0,"turns":6.0},{"damage":1.0,"enemies":"Spire Growth","floor":39.0,"turns":6.0},{"damage":15,"enemies":"Nemesis","floor":41,"turns":19},{"damage":36,"enemies":"Mind Bloom Boss Battle","floor":45,"turns":5},{"damage":5,"enemies":"Sphere and 2 Shapes","floor":47,"turns":6},{"damage":0,"enemies":"Giant Head","floor":48,"turns":4},{"damage":23,"enemies":"Donu and Deca","floor":50,"turns":8}],"seed_played":"3935348858839160791","potions_obtained":[{"floor":1.0,"key":"Strength Potion"},{"floor":6.0,"key":"Regen Potion"},{"floor":14.0,"key":"Strength Potion"},{"floor":31.0,"key":"Strength Potion"},{"floor":35.0,"key":"Poison Potion"},{"floor":38.0,"key":"SkillPotion"},{"floor":48,"key":"PowerPotion"}],"is_trial":false,"path_per_floor":["M","?","?","M","M","E","R","E","T","?","R","?","R","?","R","B",null,"M","?","?","$","?","R","M","?","T","?","R","T","?","E","R","B",null,"M","?","$","M","M","R","E","$","T","?","?","$","M","E","R","B",null],"character_chosen":"IRONCLAD","items_purchased":["Omamori","Happy Flower"],"campfire_rested":1,"item_purchase_floors":[21,37],"current_hp_per_floor":[74,74,74,73,68,24,24,45,45,34,34,34,34,18,18,24,62,42,42,21,21,21,21,27,27,27,6,30,30,30,36,36,42,71,42,44,44,42,47,47,38,38,38,71,43,43,44,52,52,35],"gold":137,"neow_bonus":"ONE_RARE_RELIC","is_prod":false,"is_daily":false,"chose_seed":false,"campfire_upgraded":8,"win_rate":0,"timestamp":1550575456,"path_taken":["M","?","?","?","M","E","R","E","T","?","R","?","R","?","R","BOSS","M","?","?","$","?","R","M","?","T","?","R","?","?","E","R","BOSS","M","?","$","M","M","R","E","$","T","?","?","$","M","E","R","BOSS"],"build_version":"2019-02-06","purchased_purges":3,"victory":true,"max_hp_per_floor":[75,75,75,75,75,75,75,75,75,75,75,75,75,75,75,75,75,75,75,80,80,80,80,80,80,80,80,80,80,80,80,80,80,80,82,84,84,86,86,86,86,86,86,71,73,73,73,75,75,75],"card_choices":[{"not_picked":["Warcry","Whirlwind"],"picked":"Entrench","floor":1.0},{"not_picked":["Anger","Perfected Strike","Dual Wield"],"picked":"SKIP","floor":4.0},{"not_picked":["Rupture","Warcry"],"picked":"Pommel Strike","floor":5.0},{"not_picked":["Armaments","Sword Boomerang"],"picked":"Barricade","floor":6.0},{"not_picked":["Whirlwind","Wild Strike","Armaments"],"picked":"SKIP","floor":8.0},{"not_picked":["True Grit","Heavy Blade"],"picked":"Body Slam","floor":14.0},{"not_picked":["Whirlwind","Cleave","Thunderclap"],"picked":"SKIP","floor":18.0},{"not_picked":["Reckless Charge","Thunderclap","Warcry"],"picked":"SKIP","floor":24.0},{"not_picked":["Uppercut","Immolate"],"picked":"Shrug It Off","floor":31.0},{"not_picked":["Dark Embrace","Juggernaut"],"picked":"Impervious","floor":33.0},{"not_picked":["Reckless Charge+1","Anger","Shrug It Off"],"picked":"Singing Bowl","floor":35.0},{"not_picked":["Finesse","Secret Weapon","Panacea"],"picked":"Singing Bowl","floor":36.0},{"not_picked":["Flex","Clothesline","Reckless Charge+1"],"picked":"Singing Bowl","floor":38.0},{"not_picked":["Clothesline+1","Havoc+1"],"picked":"Dual Wield","floor":39.0},{"not_picked":["Carnage","Perfected Strike"],"picked":"Rampage","floor":41},{"not_picked":["Combust","Corruption","Flex"],"picked":"Singing Bowl","floor":45},{"not_picked":["Disarm","Offering"],"picked":"Shrug It Off+1","floor":47},{"not_picked":["Juggernaut","True Grit","Armaments"],"picked":"Singing Bowl","floor":48}],"player_experience":719501,"relics_obtained":[{"floor":6.0,"key":"Oddly Smooth Stone"},{"floor":8.0,"key":"Ginger"},{"floor":9.0,"key":"Sundial"},{"floor":14.0,"key":"Charon\u0027s Ashes"},{"floor":26.0,"key":"Juzu Bracelet"},{"floor":27.0,"key":"Necronomicon"},{"floor":29.0,"key":"Matryoshka"},{"floor":31.0,"key":"Vajra"},{"floor":34.0,"key":"Boot"},{"floor":34.0,"key":"Singing Bowl"},{"floor":34.0,"key":"Turnip"},{"floor":41,"key":"Bronze Scales"},{"floor":43,"key":"Anchor"},{"floor":45,"key":"Peace Pipe"},{"floor":48,"key":"Ancient Tea Set"}],"event_choices":[{"cards_removed":["Decay"],"damage_healed":0.0,"max_hp_gain":0.0,"max_hp_loss":0.0,"gold_gain":0.0,"event_name":"The Cleric","player_choice":"Card Removal","floor":2.0,"gold_loss":75.0,"damage_taken":0.0},{"damage_healed":0.0,"max_hp_gain":0.0,"max_hp_loss":0.0,"gold_gain":0.0,"event_name":"Accursed Blacksmith","player_choice":"Forge","floor":3.0,"gold_loss":0.0,"damage_taken":0.0,"cards_upgraded":["Entrench"]},{"damage_healed":0.0,"max_hp_gain":0.0,"max_hp_loss":0.0,"gold_gain":75.0,"event_name":"World of Goop","player_choice":"Gather Gold","floor":10.0,"gold_loss":0.0,"damage_taken":11.0},{"cards_removed":["Strike_R"],"damage_healed":0.0,"max_hp_gain":0.0,"max_hp_loss":0.0,"gold_gain":0.0,"event_name":"Living Wall","player_choice":"Forget","floor":12.0,"gold_loss":0.0,"damage_taken":0.0},{"damage_healed":0.0,"max_hp_gain":0.0,"max_hp_loss":0.0,"gold_gain":30.0,"event_name":"Dead Adventurer","player_choice":"Searched \u00273\u0027 times","floor":14.0,"gold_loss":0.0,"damage_taken":0.0},{"damage_healed":0.0,"max_hp_gain":0.0,"max_hp_loss":0.0,"gold_gain":0.0,"event_name":"Colosseum","player_choice":"Fight","floor":19.0,"gold_loss":0.0,"damage_taken":0.0},{"damage_healed":0.0,"max_hp_gain":0.0,"max_hp_loss":0.0,"gold_gain":0.0,"event_name":"Colosseum","player_choice":"Fled From Nobs","floor":19.0,"gold_loss":0.0,"damage_taken":0.0},{"damage_healed":0.0,"max_hp_gain":5.0,"max_hp_loss":0.0,"gold_gain":0.0,"event_name":"Forgotten Altar","player_choice":"Shed Blood","floor":20.0,"gold_loss":0.0,"damage_taken":26.0},{"damage_healed":0.0,"max_hp_gain":0.0,"max_hp_loss":0.0,"gold_gain":50.0,"event_name":"Nest","player_choice":"Stole From Cult","floor":22.0,"gold_loss":0.0,"damage_taken":0.0},{"damage_healed":0.0,"max_hp_gain":0.0,"max_hp_loss":0.0,"gold_gain":0.0,"event_name":"Addict","player_choice":"Stole Relic","floor":25.0,"gold_loss":0.0,"damage_taken":0.0,"relics_obtained":["Tiny Chest"],"cards_obtained":["Shame"]},{"damage_healed":0.0,"max_hp_gain":0.0,"max_hp_loss":0.0,"gold_gain":0.0,"event_name":"Cursed Tome","player_choice":"Obtained Book","floor":27.0,"gold_loss":0.0,"damage_taken":21.0},{"cards_removed":["Strike_R"],"damage_healed":0.0,"max_hp_gain":0.0,"max_hp_loss":0.0,"gold_gain":0.0,"event_name":"Beggar","player_choice":"Gave Gold","floor":30.0,"gold_loss":75.0,"damage_taken":0.0},{"damage_healed":0.0,"max_hp_gain":0.0,"max_hp_loss":0.0,"gold_gain":0.0,"event_name":"SensoryStone","player_choice":"Memory 1","floor":36.0,"gold_loss":0.0,"damage_taken":0.0},{"damage_healed":71,"gold_gain":0,"player_choice":"Heal","damage_taken":0,"max_hp_gain":0,"max_hp_loss":15,"event_name":"The Moai Head","floor":44,"gold_loss":0},{"damage_healed":0,"gold_gain":0,"player_choice":"Fight","damage_taken":0,"max_hp_gain":0,"max_hp_loss":0,"event_name":"MindBloom","floor":45,"gold_loss":0}],"is_beta":true,"boss_relics":[{"not_picked":["Tiny House","Ectoplasm"],"picked":"Snecko Eye"},{"not_picked":["Lizard Tail","Runic Pyramid"],"picked":"Calling Bell"}],"items_purged_floors":[21,37,46],"is_endless":false,"potions_floor_spawned":[1,6,14,19,31,35,38,48],"ascension_level":15}