{"gold_per_floor":[116,129,129,148,158,158,177,177,177,177,177,212,212,229,229,229],"floor_reached":16,"playtime":1203,"items_purged":[],"score":143,"play_id":"91f53734-2e53-4478-8bbe-3bab681c1c17","local_time":"20190219232446","is_ascension_mode":true,"campfire_choices":[{"data":"Bash","floor":6,"key":"SMITH"},{"floor":8,"key":"REST"},{"data":"Intimidate","floor":10,"key":"SMITH"},{"data":"Feed","floor":13,"key":"SMITH"},{"data":"Shrug It Off","floor":15,"key":"SMITH"}],"neow_cost":"PERCENT_DAMAGE","seed_source_timestamp":292273057372243,"circlet_count":0,"master_deck":["Strike_R","Strike_R","Strike_R","Strike_R","Strike_R","Defend_R","Defend_R","Defend_R","Defend_R","Bash+1","Shrug It Off+1","Intimidate+1","Feed+1"],"relics":["Burning Blood","Thread and Needle","Dodecahedron","Bag of Preparation"],"potions_floor_usage":[12,16],"damage_taken":[{"damage":0,"enemies":"Small Slimes","floor":1,"turns":4},{"damage":0,"enemies":"Jaw Worm","floor":2,"turns":5},{"damage":1,"enemies":"Cultist","floor":4,"turns":5},{"damage":10,"enemies":"Looter","floor":5,"turns":5},{"damage":24,"enemies":"Gremlin Gang","floor":7,"turns":10},{"damage":5,"enemies":"3 Sentries","floor":12,"turns":4},{"damage":2,"enemies":"3 Louse","floor":14,"turns":4},{"damage":83,"enemies":"Hexaghost","floor":16,"turns":12}],"seed_played":"868642541248856486","potions_obtained":[{"floor":7,"key":"AttackPotion"},{"floor":11,"key":"Energy Potion"},{"floor":11,"key":"Ancient Potion"},{"floor":12,"key":"BloodPotion"},{"floor":14,"key":"Weak Potion"}],"is_trial":false,"path_per_floor":["M","M","?","M","M","R","M","R","T","R","?","E","R","M","R","B"],"character_chosen":"IRONCLAD","items_purchased":[],"campfire_rested":1,"item_purchase_floors":[],"current_hp_per_floor":[57,63,63,68,64,64,46,70,70,70,70,71,71,79,79,0],"gold":229,"neow_bonus":"ONE_RARE_RELIC","is_prod":false,"is_daily":false,"chose_seed":false,"campfire_upgraded":4,"win_rate":0,"timestamp":1550615086,"path_taken":["M","M","?","M","M","R","M","R","T","R","?","E","R","?","R","BOSS"],"build_version":"2019-01-23","purchased_purges":0,"victory":false,"max_hp_per_floor":[80,80,80,80,80,80,80,80,80,80,80,80,80,84,84,84],"card_choices":[{"not_picked":["Heavy Blade","Pommel Strike"],"picked":"Shrug It Off","floor":1},{"not_picked":["Anger","Sword Boomerang"],"picked":"Intimidate","floor":2},{"not_picked":["Heavy Blade","Sword Boomerang","Clash"],"picked":"SKIP","floor":4},{"not_picked":["Rage","Thunderclap","Berserk"],"picked":"SKIP","floor":5},{"not_picked":["Shockwave","Wild Strike","Body Slam"],"picked":"SKIP","floor":7},{"not_picked":["Sword Boomerang","Shrug It Off"],"picked":"Feed","floor":12},{"not_picked":["Corruption","Wild Strike","Pummel"],"picked":"SKIP","floor":14}],"player_experience":431149,"relics_obtained":[{"floor":9,"key":"Dodecahedron"},{"floor":12,"key":"Bag of Preparation"}],"event_choices":[{"damage_healed":0,"gold_gain":0,"player_choice":"Ignored","damage_taken":0,"max_hp_gain":0,"max_hp_loss":0,"event_name":"Liars Game","floor":3,"gold_loss":0},{"damage_healed":0,"gold_gain":0,"player_choice":"Got Potions","damage_taken":0,"max_hp_gain":0,"max_hp_loss":0,"event_name":"Lab","floor":11,"gold_loss":0}],"is_beta":false,"boss_relics":[],"items_purged_floors":[],"is_endless":false,"potions_floor_spawned":[7,12,14],"killed_by":"Hexaghost","ascension_level":8}