{"gold_per_floor":[114,114,114,79,91,91,105,122,122,28,44,69,69,84,84,159,159,170,170,85,85,0,0],"floor_reached":23,"playtime":931,"items_purged":[],"score":331,"play_id":"3c3fd34c-563a-41ea-a32b-1adb764d3600","local_time":"20190110230932","is_ascension_mode":true,"campfire_choices":[{"data":"Corruption","floor":6,"key":"SMITH"},{"data":"Trip","floor":13,"key":"SMITH"},{"floor":15,"key":"REST"}],"neow_cost":"PERCENT_DAMAGE","seed_source_timestamp":93273064934601,"circlet_count":0,"master_deck":["AscendersBane","Strike_R+1","Strike_R+1","Strike_R+1","Strike_R+1","Strike_R+1","Defend_R+1","Defend_R+1","Defend_R+1","Defend_R+1","Bash","Finesse","Swift Strike","Cleave","Corruption+1","Armaments","True Grit","Trip+1","Headbutt","Dropkick","Sentinel","Barricade","Shrug It Off","RitualDagger"],"relics":["Burning Blood","Magic Flower","Question Card","Shuriken","Runic Pyramid","Kunai"],"potions_floor_usage":[14,16,18],"damage_taken":[{"damage":12,"enemies":"Jaw Worm","floor":1,"turns":3},{"damage":4,"enemies":"2 Louse","floor":5,"turns":2},{"damage":2,"enemies":"Small Slimes","floor":7,"turns":3},{"damage":11,"enemies":"Looter","floor":8,"turns":3},{"damage":0,"enemies":"Large Slime","floor":11,"turns":4},{"damage":49,"enemies":"3 Sentries","floor":12,"turns":9},{"damage":0,"enemies":"3 Louse","floor":14,"turns":2},{"damage":46,"enemies":"The Guardian","floor":16,"turns":7},{"damage":27,"enemies":"Spheric Guardian","floor":18,"turns":4},{"damage":46,"enemies":"Slavers","floor":23,"turns":3}],"seed_played":"-6715407354638099141","potions_obtained":[{"floor":11,"key":"Block Potion"},{"floor":14,"key":"Fire Potion"},{"floor":16,"key":"Weak Potion"}],"is_trial":false,"path_per_floor":["M","?","?","?","M","R","M","M","T","$","M","E","R","M","R","B",null,"M","?","?","?","?","E"],"character_chosen":"IRONCLAD","items_purchased":["Trip"],"campfire_rested":1,"item_purchase_floors":[10],"current_hp_per_floor":[44,49,31,51,56,56,63,61,61,61,70,30,30,39,63,26,67,49,43,43,43,43,0],"gold":0,"neow_bonus":"RANDOM_COLORLESS_2","is_prod":false,"is_daily":false,"chose_seed":false,"campfire_upgraded":2,"win_rate":0,"timestamp":1547190572,"path_taken":["M","?","?","?","M","R","M","M","T","$","M","E","R","M","R","BOSS","M","?","?","?","?","E"],"build_version":"2019-01-10","purchased_purges":0,"victory":false,"max_hp_per_floor":[75,80,80,80,80,80,80,80,80,80,80,80,80,80,80,80,80,80,80,80,80,80,80],"card_choices":[{"not_picked":["Body Slam","Wild Strike"],"picked":"Cleave","floor":1},{"not_picked":["Shockwave","Ghostly Armor"],"picked":"Corruption","floor":5},{"not_picked":["Heavy Blade","Iron Wave"],"picked":"Armaments","floor":7},{"not_picked":["Sword Boomerang","Body Slam"],"picked":"True Grit","floor":8},{"not_picked":["Second Wind","Heavy Blade","Sentinel"],"picked":"Headbutt","floor":11},{"not_picked":["Ghostly Armor","Spot Weakness","Cleave"],"picked":"Dropkick","floor":12},{"not_picked":["Reckless Charge","Warcry","Rampage"],"picked":"Sentinel","floor":14},{"not_picked":["Immolate","Brutality","Limit Break"],"picked":"Barricade","floor":16},{"not_picked":["Second Wind","Flex","Clothesline"],"picked":"Shrug It Off","floor":18}],"player_experience":462170,"relics_obtained":[{"floor":9,"key":"Question Card"},{"floor":12,"key":"Shuriken"}],"event_choices":[{"damage_healed":0,"gold_gain":0,"player_choice":"Donut","damage_taken":0,"max_hp_gain":5,"max_hp_loss":0,"event_name":"Big Fish","floor":2,"gold_loss":0},{"damage_healed":0,"gold_gain":0,"player_choice":"Success","damage_taken":18,"relics_obtained":["Magic Flower"],"max_hp_gain":0,"max_hp_loss":0,"event_name":"Scrap Ooze","floor":3,"gold_loss":0},{"damage_healed":20,"gold_gain":0,"player_choice":"Healed","damage_taken":0,"max_hp_gain":0,"max_hp_loss":0,"event_name":"The Cleric","floor":4,"gold_loss":35},{"damage_healed":0,"gold_gain":0,"player_choice":"Joined the Cult","damage_taken":6,"max_hp_gain":0,"max_hp_loss":0,"event_name":"Nest","floor":19,"gold_loss":0,"cards_obtained":["RitualDagger"]},{"damage_healed":0,"gold_gain":0,"player_choice":"Obtained Relic","damage_taken":0,"relics_obtained":["Kunai"],"max_hp_gain":0,"max_hp_loss":0,"event_name":"Addict","floor":20,"gold_loss":85},{"damage_healed":0,"gold_gain":0,"player_choice":"Simplicity","damage_taken":0,"max_hp_gain":0,"max_hp_loss":0,"event_name":"Back to Basics","floor":21,"gold_loss":0,"cards_upgraded":["Strike_R","Strike_R","Strike_R","Strike_R","Strike_R","Defend_R","Defend_R","Defend_R","Defend_R"]},{"damage_healed":0,"gold_gain":0,"player_choice":"Paid Fearfully","damage_taken":0,"max_hp_gain":0,"max_hp_loss":0,"event_name":"Masked Bandits","floor":22,"gold_loss":85}],"is_beta":false,"boss_relics":[{"not_picked":["Cursed Key","Ectoplasm"],"picked":"Runic Pyramid"}],"items_purged_floors":[],"is_endless":false,"potions_floor_spawned":[11,14,16],"killed_by":"Slavers","ascension_level":15}