{"gold_per_floor":[17,17,17,29,41,53,91,103,115,157,169,191,203,226,238,324,336,361,393,421,444,506,518,445,457,469,481,504,516,214,214,214,286,286,306,27,45,59,59,387,407,407,476,486,486,486,503,38,38,38],"floor_reached":50,"playtime":1401,"items_purged":["Strike_R","Strike_R","Parasite"],"score":885,"play_id":"0a1e3c4f-3a71-4d73-b4c7-0109d53187ce","local_time":"20181019144303","is_ascension_mode":true,"campfire_choices":[{"data":"Body Slam","floor":6,"key":"SMITH"},{"floor":8,"key":"REST"},{"data":"Spot Weakness","floor":11,"key":"SMITH"},{"data":"Bash","floor":13,"key":"SMITH"},{"data":"Combust","floor":15,"key":"SMITH"},{"data":"Immolate","floor":23,"key":"SMITH"},{"data":"Shrug It Off","floor":25,"key":"SMITH"},{"data":"Iron Wave","floor":27,"key":"SMITH"},{"data":"Ghostly Armor","floor":29,"key":"SMITH"},{"data":"Limit Break","floor":32,"key":"SMITH"},{"floor":42,"key":"REST"},{"floor":49,"key":"REST"}],"neow_cost":"NO_GOLD","seed_source_timestamp":786655201719022,"circlet_count":0,"master_deck":["Defend_R","Defend_R","Defend_R","Defend_R","Bash+1","AscendersBane","Combust+1","Iron Wave+1","Spot Weakness+1","Body Slam+1","Thunderclap","Shrug It Off+1","Immolate+1","Ghostly Armor+1","Burning Pact+1","Dropkick","Sword Boomerang+1","Flame Barrier","Limit Break+1","Blind","Pummel","Evolve","Ghostly Armor+1","Limit Break+1","Flame Barrier"],"relics":["Burning Blood","Paper Frog","MawBank","Lantern","Blue Candle","PreservedInsect","Mark of Pain","Charon\u0027s Ashes","Incense Burner","Sozu","Old Coin","Kunai","Gambling Chip"],"potions_floor_usage":[10,16,21,37],"damage_taken":[{"damage":3,"enemies":"Jaw Worm","floor":1,"turns":5},{"damage":19,"enemies":"3 Sentries","floor":7,"turns":6},{"damage":18,"enemies":"Gremlin Nob","floor":10,"turns":3},{"damage":0,"enemies":"Small Slimes","floor":12,"turns":3},{"damage":1,"enemies":"Cultist","floor":14,"turns":3},{"damage":17,"enemies":"Slime Boss","floor":16,"turns":7},{"damage":2,"enemies":"3 Byrds","floor":18,"turns":3},{"damage":9,"enemies":"Shell Parasite","floor":19,"turns":4},{"damage":26,"enemies":"Snake Plant","floor":20,"turns":4},{"damage":0,"enemies":"Shelled Parasite and Fungi","floor":21,"turns":2},{"damage":3,"enemies":"Cultist and Chosen","floor":28,"turns":3},{"damage":54,"enemies":"Collector","floor":33,"turns":6},{"damage":1,"enemies":"3 Shapes","floor":35,"turns":2},{"damage":27,"enemies":"3 Darklings","floor":37,"turns":4},{"damage":0,"enemies":"Jaw Worm Horde","floor":38,"turns":1},{"damage":35,"enemies":"Giant Head","floor":40,"turns":7},{"damage":15,"enemies":"Transient","floor":41,"turns":5},{"damage":0,"enemies":"Writhing Mass","floor":44,"turns":3},{"damage":29,"enemies":"Spire Growth","floor":47,"turns":5},{"damage":42,"enemies":"Time Eater","floor":50,"turns":8}],"seed_played":"-7536103154913166152","potions_obtained":[{"floor":1,"key":"GamblersBrew"},{"floor":10,"key":"Fire Potion"},{"floor":20,"key":"Block Potion"},{"floor":33,"key":"SkillPotion"}],"is_trial":false,"path_per_floor":["M","?","?","?","?","R","E","R","T","E","R","M","R","M","R","B",null,"M","M","M","M","?","R","?","R","T","R","M","R","$","?","R","B",null,"M","$","M","M","?","E","M","R","T","M","?","?","M","$","R"],"character_chosen":"IRONCLAD","items_purchased":["Flame Barrier","Limit Break","Blind","Pummel","Gambling Chip"],"campfire_rested":3,"item_purchase_floors":[30,30,36,36,48],"current_hp_per_floor":[71,71,60,53,53,53,40,62,62,50,50,56,56,61,61,50,69,73,70,50,56,56,56,56,56,56,56,59,59,59,59,59,11,59,64,64,43,49,49,20,11,33,33,39,39,39,16,16,37,0],"gold":38,"neow_bonus":"TRANSFORM_TWO_CARDS","is_prod":false,"is_daily":false,"chose_seed":false,"campfire_upgraded":9,"win_rate":0,"timestamp":1539952983,"path_taken":["M","?","?","?","?","R","E","R","T","E","R","M","R","M","R","BOSS","M","M","M","?","?","R","?","R","T","R","M","R","$","?","R","BOSS","M","$","M","M","?","E","?","R","T","M","?","?","M","?","R","BOSS"],"build_version":"2018-10-18","purchased_purges":3,"victory":false,"max_hp_per_floor":[75,75,75,75,75,75,75,75,75,75,75,75,75,75,75,75,75,75,75,75,75,75,75,75,75,75,75,75,75,75,75,75,75,75,75,75,75,75,75,75,75,75,75,75,75,75,75,72,72,72],"card_choices":[{"not_picked":["Warcry","Pommel Strike"],"picked":"Spot Weakness","floor":1},{"not_picked":["Twin Strike","Intimidate"],"picked":"Thunderclap","floor":7},{"not_picked":["Anger","Wild Strike","Twin Strike"],"picked":"SKIP","floor":10},{"not_picked":["Body Slam","Seeing Red","Bloodletting"],"picked":"SKIP","floor":12},{"not_picked":["Demon Form","Pommel Strike"],"picked":"Shrug It Off","floor":14},{"not_picked":["Reaper","Limit Break"],"picked":"Immolate","floor":16},{"not_picked":["Intimidate","Cleave"],"picked":"Ghostly Armor","floor":18},{"not_picked":["Iron Wave","Body Slam+1"],"picked":"Burning Pact+1","floor":19},{"not_picked":["Thunderclap","Sever Soul","Dropkick"],"picked":"SKIP","floor":20},{"not_picked":["Thunderclap","Sever Soul"],"picked":"Dropkick","floor":20},{"not_picked":["Pommel Strike","Blood for Blood"],"picked":"Sword Boomerang+1","floor":21},{"not_picked":["Pommel Strike","Headbutt+1","Warcry"],"picked":"SKIP","floor":28},{"not_picked":["Perfected Strike","Carnage","Warcry"],"picked":"SKIP","floor":35},{"not_picked":["Shrug It Off","Havoc"],"picked":"Evolve","floor":37},{"not_picked":["Warcry","Iron Wave","Rage"],"picked":"SKIP","floor":38},{"not_picked":["Seeing Red","Uppercut","Sentinel"],"picked":"SKIP","floor":40},{"not_picked":["Cleave","Shrug It Off"],"picked":"Ghostly Armor+1","floor":41},{"not_picked":["Second Wind+1","Rage","Shrug It Off"],"picked":"SKIP","floor":44},{"not_picked":["Juggernaut","Reckless Charge"],"picked":"Flame Barrier","floor":47}],"player_experience":536322,"relics_obtained":[{"floor":7,"key":"Lantern"},{"floor":9,"key":"Blue Candle"},{"floor":10,"key":"PreservedInsect"},{"floor":26,"key":"Incense Burner"},{"floor":40,"key":"Old Coin"},{"floor":43,"key":"Kunai"}],"event_choices":[{"damage_healed":0,"gold_gain":0,"player_choice":"Box","damage_taken":0,"relics_obtained":["Paper Frog"],"max_hp_gain":0,"max_hp_loss":0,"event_name":"Big Fish","floor":2,"gold_loss":0,"cards_obtained":["Regret"]},{"damage_healed":0,"gold_gain":0,"player_choice":"Success","damage_taken":11,"relics_obtained":["MawBank"],"max_hp_gain":0,"max_hp_loss":0,"event_name":"Scrap Ooze","floor":3,"gold_loss":0},{"cards_removed":["Regret"],"damage_healed":0,"gold_gain":0,"player_choice":"Card Removal","damage_taken":7,"max_hp_gain":0,"max_hp_loss":0,"event_name":"Golden Wing","floor":4,"gold_loss":0},{"damage_healed":0,"gold_gain":0,"player_choice":"1 cards matched","damage_taken":0,"max_hp_gain":0,"max_hp_loss":0,"event_name":"Match and Keep!","floor":5,"gold_loss":0,"cards_obtained":["Body Slam"]},{"damage_healed":0,"gold_gain":100,"player_choice":"Pray","damage_taken":0,"max_hp_gain":0,"max_hp_loss":0,"event_name":"Golden Shrine","floor":22,"gold_loss":0},{"damage_healed":0,"gold_gain":0,"player_choice":"Obtained Relic","damage_taken":0,"relics_obtained":["Charon\u0027s Ashes"],"max_hp_gain":0,"max_hp_loss":0,"event_name":"Addict","floor":24,"gold_loss":85},{"cards_removed":["Strike_R"],"damage_healed":0,"gold_gain":0,"player_choice":"Purged","damage_taken":0,"max_hp_gain":0,"max_hp_loss":0,"event_name":"Purifier","floor":31,"gold_loss":0},{"damage_healed":0,"gold_gain":0,"player_choice":"Ignored","damage_taken":0,"max_hp_gain":0,"max_hp_loss":0,"event_name":"Mysterious Sphere","floor":39,"gold_loss":0},{"damage_healed":0,"gold_gain":0,"player_choice":"Ignored","damage_taken":0,"max_hp_gain":0,"max_hp_loss":0,"event_name":"Tomb of Lord Red Mask","floor":45,"gold_loss":0},{"damage_healed":0,"gold_gain":0,"player_choice":"Copied","damage_taken":0,"max_hp_gain":0,"max_hp_loss":0,"event_name":"Duplicator","floor":46,"gold_loss":0,"cards_obtained":["Limit Break"]}],"is_beta":false,"boss_relics":[{"not_picked":["Busted Crown","Lizard Tail"],"picked":"Mark of Pain"},{"not_picked":["Cursed Key","Runic Pyramid"],"picked":"Sozu"}],"items_purged_floors":[30,36,48],"is_endless":false,"potions_floor_spawned":[1,10,20,33,37,47],"killed_by":"Time Eater","ascension_level":16}