{"gold_per_floor":[118,129,129,140,151,151,76,92,139,166,166,166,166,186,186,290,290,305,305,305,315,328,328,343,343,370,62,94,112,139,157,157,254,254,273,273,373,373,391,391,391,405,459,459,7,23,23,37,37,37],"floor_reached":50,"playtime":2991,"items_purged":["Strike_R","Strike_R","Perfected Strike+1"],"score":534,"play_id":"37afad1d-f5b1-4bb7-ab8d-c2eff5292d52","local_time":"20190128204804","is_ascension_mode":false,"campfire_choices":[{"data":"Searing Blow+1","floor":6,"key":"SMITH"},{"data":"Searing Blow+2","floor":12,"key":"SMITH"},{"floor":15,"key":"REST"},{"data":"Searing Blow+3","floor":23,"key":"SMITH"},{"data":"Searing Blow+4","floor":25,"key":"SMITH"},{"data":"Searing Blow+5","floor":32,"key":"SMITH"},{"data":"Searing Blow+6","floor":40,"key":"SMITH"},{"data":"Offering","floor":44,"key":"SMITH"},{"data":"Searing Blow+8","floor":47,"key":"SMITH"},{"data":"Searing Blow+9","floor":49,"key":"SMITH"}],"neow_cost":"NONE","seed_source_timestamp":13451049865175,"circlet_count":0,"master_deck":["Strike_R+1","Defend_R+1","Defend_R+1","Bash","Flex","Searing Blow+10","Headbutt","Offering","Necronomicurse","Offering+1","Warcry+1","Bludgeon+1","Bloodletting+1"],"relics":["Burning Blood","Lantern","Self Forming Clay","Busted Crown","Necronomicon","Smiling Mask","Pantograph","Bag of Preparation","Torii","Astrolabe","Bird Faced Urn","PreservedInsect","War Paint","Lee\u0027s Waffle"],"potions_floor_usage":[14,28,33,33,37,42,50,50],"damage_taken":[{"damage":5,"enemies":"2 Louse","floor":1,"turns":3},{"damage":6,"enemies":"Cultist","floor":2,"turns":3},{"damage":0,"enemies":"Small Slimes","floor":4,"turns":3},{"damage":10,"enemies":"Looter","floor":5,"turns":3},{"damage":0,"enemies":"Exordium Wildlife","floor":8,"turns":3},{"damage":45,"enemies":"Lagavulin","floor":10,"turns":7},{"damage":0,"enemies":"Lots of Slimes","floor":14,"turns":2},{"damage":48,"enemies":"The Guardian","floor":16,"turns":10},{"damage":0,"enemies":"Chosen","floor":18,"turns":3},{"damage":12,"enemies":"Spheric Guardian","floor":21,"turns":2},{"damage":6,"enemies":"Snecko","floor":22,"turns":2},{"damage":6,"enemies":"Cultist and Chosen","floor":24,"turns":3},{"damage":6,"enemies":"Book of Stabbing","floor":28,"turns":1},{"damage":13,"enemies":"3 Cultists","floor":29,"turns":3},{"damage":10,"enemies":"Slavers","floor":30,"turns":3},{"damage":1,"enemies":"Centurion and Healer","floor":31,"turns":3},{"damage":66,"enemies":"Collector","floor":33,"turns":7},{"damage":17,"enemies":"3 Darklings","floor":35,"turns":4},{"damage":29,"enemies":"Mind Bloom Boss Battle","floor":37,"turns":3},{"damage":0,"enemies":"Orb Walker","floor":39,"turns":1},{"damage":10,"enemies":"4 Shapes","floor":42,"turns":4},{"damage":12,"enemies":"Maw","floor":46,"turns":2},{"damage":0,"enemies":"Writhing Mass","floor":48,"turns":1},{"damage":94,"enemies":"Awakened One","floor":50,"turns":6}],"seed_played":"2507390875679722059","potions_obtained":[{"floor":4,"key":"Explosive Potion"},{"floor":10,"key":"Block Potion"},{"floor":14,"key":"SteroidPotion"},{"floor":16,"key":"Fire Potion"},{"floor":18,"key":"Weak Potion"},{"floor":29,"key":"FearPotion"},{"floor":39,"key":"Ancient Potion"},{"floor":48,"key":"SteroidPotion"}],"is_trial":false,"path_per_floor":["?","M","?","?","?","?","M","$","?","?","?","M","?","M"],"character_chosen":"IRONCLAD","items_purchased":["Pantograph","War Paint","Lee\u0027s Waffle","FearPotion"],"campfire_rested":1,"item_purchase_floors":[27,45,45,45],"current_hp_per_floor":[80,80,80,80,76,76,76,80,80,41,41,41,25,31,55,13,80,80,64,64,58,58,58,58,58,58,58,58,51,47,52,52,17,80,69,69,57,57,63,63,63,59,59,59,87,81,81,87,87,0],"gold":37,"neow_bonus":"TRANSFORM_CARD","is_prod":false,"is_daily":false,"chose_seed":false,"campfire_upgraded":9,"win_rate":0,"timestamp":1548679684,"path_taken":["M","M","?","M","?","R","$","M","T","E","?","R","?","M","R","BOSS","M","?","?","M","M","R","?","R","T","?","E","M","E","M","R","BOSS","M","?","?","?","?","R","?","M","T","R","$","?","R","M","R","BOSS"],"build_version":"2019-01-23","purchased_purges":3,"victory":false,"max_hp_per_floor":[80,80,80,80,80,80,80,80,80,80,80,80,80,80,80,80,80,80,80,80,80,80,80,80,80,80,80,80,80,80,80,80,80,80,80,80,80,80,80,80,80,80,80,80,87,87,87,87,87,87],"card_choices":[{"not_picked":["Pommel Strike","Wild Strike"],"picked":"Sword Boomerang","floor":1},{"not_picked":["Warcry","Body Slam"],"picked":"Searing Blow","floor":2},{"not_picked":["Shrug It Off","Wild Strike","Whirlwind"],"picked":"SKIP","floor":4},{"not_picked":["Iron Wave","Rage","Blood for Blood"],"picked":"SKIP","floor":5},{"not_picked":["Carnage","Fire Breathing","Infernal Blade"],"picked":"SKIP","floor":8},{"not_picked":["Clash","Flex"],"picked":"Headbutt","floor":10},{"not_picked":["Barricade","Sentinel","Sever Soul"],"picked":"SKIP","floor":14},{"not_picked":["Barricade","Dark Embrace"],"picked":"Offering","floor":16},{"not_picked":["Clash"],"picked":"SKIP","floor":18},{"not_picked":["Carnage+1"],"picked":"SKIP","floor":21},{"not_picked":[],"picked":"Warcry","floor":22},{"not_picked":["Combust"],"picked":"SKIP","floor":24},{"not_picked":["Iron Wave"],"picked":"SKIP","floor":28},{"not_picked":["Cleave+1"],"picked":"SKIP","floor":29},{"not_picked":["Fiend Fire"],"picked":"SKIP","floor":30},{"not_picked":["Infernal Blade"],"picked":"SKIP","floor":31},{"not_picked":["Wild Strike+1"],"picked":"SKIP","floor":35},{"not_picked":["Combust"],"picked":"SKIP","floor":39},{"not_picked":["Clash"],"picked":"SKIP","floor":42},{"not_picked":["Thunderclap+1"],"picked":"SKIP","floor":46},{"not_picked":["Body Slam"],"picked":"SKIP","floor":48}],"player_experience":96991,"relics_obtained":[{"floor":9,"key":"Lantern"},{"floor":10,"key":"Self Forming Clay"},{"floor":19,"key":"Necronomicon"},{"floor":26,"key":"Smiling Mask"},{"floor":28,"key":"Bag of Preparation"},{"floor":30,"key":"Torii"},{"floor":37,"key":"Bird Faced Urn"},{"floor":43,"key":"PreservedInsect"}],"event_choices":[{"damage_healed":0,"gold_gain":0,"player_choice":"Upgraded","damage_taken":0,"max_hp_gain":0,"max_hp_loss":0,"event_name":"Upgrade Shrine","floor":3,"gold_loss":0,"cards_upgraded":["Searing Blow"]},{"damage_healed":0,"gold_gain":0,"player_choice":"Ignored","damage_taken":0,"max_hp_gain":0,"max_hp_loss":0,"event_name":"Liars Game","floor":11,"gold_loss":0},{"damage_healed":0,"gold_gain":0,"player_choice":"Entered Light","damage_taken":16,"max_hp_gain":0,"max_hp_loss":0,"event_name":"Shining Light","floor":13,"gold_loss":0,"cards_upgraded":["Strike_R","Defend_R"]},{"damage_healed":0,"gold_gain":0,"player_choice":"Obtained Book","damage_taken":16,"max_hp_gain":0,"max_hp_loss":0,"event_name":"Cursed Tome","floor":19,"gold_loss":0},{"damage_healed":0,"gold_gain":0,"player_choice":"Copied","damage_taken":0,"max_hp_gain":0,"max_hp_loss":0,"event_name":"Duplicator","floor":20,"gold_loss":0,"cards_obtained":["Offering"]},{"cards_removed":["Sword Boomerang"],"damage_healed":0,"gold_gain":0,"player_choice":"Removed Attack","damage_taken":0,"max_hp_gain":0,"max_hp_loss":0,"event_name":"Falling","floor":36,"gold_loss":0},{"damage_healed":0,"gold_gain":0,"player_choice":"Fight","damage_taken":0,"max_hp_gain":0,"max_hp_loss":0,"event_name":"MindBloom","floor":37,"gold_loss":0},{"damage_healed":0,"gold_gain":0,"player_choice":"Ignored","damage_taken":0,"max_hp_gain":0,"max_hp_loss":0,"event_name":"NoteForYourself","floor":38,"gold_loss":0},{"damage_healed":0,"gold_gain":0,"player_choice":"Upgraded","damage_taken":0,"max_hp_gain":0,"max_hp_loss":0,"event_name":"Upgrade Shrine","floor":41,"gold_loss":0,"cards_upgraded":["Searing Blow"]}],"is_beta":false,"boss_relics":[{"not_picked":["Runic Cube","Coffee Dripper"],"picked":"Busted Crown"},{"not_picked":["Calling Bell","Mark of Pain"],"picked":"Astrolabe"}],"items_purged_floors":[7,27,45],"is_endless":false,"potions_floor_spawned":[4,10,14,16,18,21,29,39,48],"killed_by":"Awakened One","ascension_level":0}