{"gold_per_floor":[119,133,145,92,267,267,292,292,292,321,321,334,348,368,368,368],"floor_reached":16,"playtime":1186,"items_purged":[],"score":168,"play_id":"451a769f-09b0-43c4-9bd1-afdc968b3ff8","local_time":"20181019001906","is_ascension_mode":true,"campfire_choices":[{"data":"Body Slam","floor":6,"key":"SMITH"},{"floor":8,"key":"REST"},{"floor":15,"key":"REST"}],"neow_cost":"PERCENT_DAMAGE","seed_source_timestamp":698251372646716,"circlet_count":0,"master_deck":["Strike_R","Strike_R","Strike_R","Strike_R","Strike_R","Defend_R","Defend_R","Defend_R","Defend_R","Bash","AscendersBane","Whirlwind","Thunderclap","Body Slam+1","Clothesline","Doubt","Warcry","True Grit","Anger","Dropkick","Anger"],"relics":["Burning Blood","Incense Burner","Oddly Smooth Stone","Pear","Vajra"],"potions_floor_usage":[7,7,10,16,16],"damage_taken":[{"damage":10,"enemies":"Small Slimes","floor":1,"turns":4},{"damage":6,"enemies":"2 Louse","floor":2,"turns":2},{"damage":8,"enemies":"Jaw Worm","floor":3,"turns":4},{"damage":24,"enemies":"Lagavulin","floor":7,"turns":9},{"damage":42,"enemies":"Gremlin Nob","floor":10,"turns":5},{"damage":5,"enemies":"Looter","floor":12,"turns":4},{"damage":9,"enemies":"Exordium Wildlife","floor":13,"turns":6},{"damage":4,"enemies":"Red Slaver","floor":14,"turns":5},{"damage":57,"enemies":"The Guardian","floor":16,"turns":14}],"seed_played":"-4462259993253890761","potions_obtained":[{"floor":1,"key":"SkillPotion"},{"floor":2,"key":"Weak Potion"},{"floor":7,"key":"Energy Potion"},{"floor":13,"key":"SteroidPotion"},{"floor":14,"key":"Explosive Potion"}],"is_trial":false,"path_per_floor":["M","M","M","$","?","R","E","R","T","E","?","M","M","M","R"],"character_chosen":"IRONCLAD","items_purchased":["Clothesline"],"campfire_rested":2,"item_purchase_floors":[4],"current_hp_per_floor":[47,47,45,45,45,45,27,51,61,25,25,26,23,25,52,0],"gold":368,"neow_bonus":"ONE_RARE_RELIC","is_prod":false,"is_daily":false,"chose_seed":false,"campfire_upgraded":1,"win_rate":0,"timestamp":1539933546,"path_taken":["M","M","M","$","?","R","E","R","T","E","?","?","?","M","R","BOSS"],"build_version":"2018-10-18","purchased_purges":0,"victory":false,"max_hp_per_floor":[80,80,80,80,80,80,80,80,90,90,90,90,90,90,90,90],"card_choices":[{"not_picked":["Reckless Charge","Cleave"],"picked":"Whirlwind","floor":1},{"not_picked":["Fire Breathing","Pommel Strike"],"picked":"Thunderclap","floor":2},{"not_picked":["Thunderclap","Twin Strike"],"picked":"Body Slam","floor":3},{"not_picked":["Sword Boomerang","Havoc"],"picked":"Warcry","floor":7},{"not_picked":["Havoc","Sword Boomerang"],"picked":"True Grit","floor":10},{"not_picked":["Armaments","Second Wind"],"picked":"Anger","floor":12},{"not_picked":["True Grit","Carnage"],"picked":"Dropkick","floor":13},{"not_picked":["Pommel Strike","Evolve"],"picked":"Anger","floor":14}],"player_experience":351250,"relics_obtained":[{"floor":7,"key":"Oddly Smooth Stone"},{"floor":9,"key":"Pear"},{"floor":10,"key":"Vajra"}],"event_choices":[{"damage_healed":0,"gold_gain":175,"player_choice":"AGREE","damage_taken":0,"max_hp_gain":0,"max_hp_loss":0,"event_name":"Liars Game","floor":5,"gold_loss":0,"cards_obtained":["Doubt"]},{"damage_healed":0,"gold_gain":0,"player_choice":"Ignored","damage_taken":0,"max_hp_gain":0,"max_hp_loss":0,"event_name":"Golden Idol","floor":11,"gold_loss":0}],"is_beta":false,"boss_relics":[],"items_purged_floors":[],"is_endless":false,"potions_floor_spawned":[1,2,7,13,14],"killed_by":"The Guardian","ascension_level":10}