{"gold_per_floor":[116,132,132,146,160,160,187,187,234,23,53,65,78,91,91,191,191,158,158,58,78,91,91,121,121,148,148,162,162,172,188,188,293,293,303,30,48,48,68,68,102,119,119,119,135,155,155,155,155,155],"floor_reached":51,"playtime":3870,"items_purged":["Strike_G","Strike_G"],"score":678,"play_id":"c71c37f4-fb4f-4b3e-9089-364fbff11b92","local_time":"20190206230336","is_ascension_mode":false,"campfire_choices":[{"data":"Footwork","floor":6.0,"key":"SMITH"},{"data":"Neutralize","floor":8.0,"key":"SMITH"},{"data":"Noxious Fumes","floor":15.0,"key":"SMITH"},{"data":"Tools of the Trade","floor":23.0,"key":"SMITH"},{"data":"Burst","floor":25,"key":"SMITH"},{"floor":27,"key":"REST"},{"data":"Distraction","floor":29,"key":"SMITH"},{"floor":32,"key":"REST"},{"data":"Apotheosis","floor":40,"key":"SMITH"},{"data":"After Image","floor":44,"key":"SMITH"},{"data":"Acrobatics","floor":47,"key":"SMITH"},{"data":"Madness","floor":49,"key":"SMITH"}],"neow_cost":"NONE","seed_source_timestamp":0,"circlet_count":0,"master_deck":["Defend_G","Defend_G","Defend_G","Defend_G","Defend_G","Strike_G","Strike_G","Strike_G+1","Survivor+1","Neutralize+1","Distraction+1","Deadly Poison","Footwork+1","Noxious Fumes+1","Blur","Blur","Bouncing Flask","Tools of the Trade+1","Bullet Time","Acrobatics+1","Deadly Poison+1","Burst+1","Deflect+1","Deadly Poison+1","After Image+1","Apotheosis+1","Well Laid Plans","Noxious Fumes","Crippling Poison+1","Backflip","Expertise+1","Escape Plan+1","Madness","Madness+1"],"special_seed":0,"relics":["Ring of the Snake","PreservedInsect","Ancient Tea Set","Pen Nib","Philosopher\u0027s Stone","Anchor","Potion Belt","Eternal Feather","Bottled Flame","Bag of Preparation"],"potions_floor_usage":[24,33,46,50,50,50,50,50],"damage_taken":[{"damage":0.0,"enemies":"2 Louse","floor":1.0,"turns":4.0},{"damage":2.0,"enemies":"Jaw Worm","floor":2.0,"turns":4.0},{"damage":0.0,"enemies":"Cultist","floor":4.0,"turns":3.0},{"damage":5.0,"enemies":"3 Louse","floor":5.0,"turns":3.0},{"damage":0.0,"enemies":"Lagavulin","floor":11.0,"turns":8.0},{"damage":1.0,"enemies":"Gremlin Gang","floor":12.0,"turns":5.0},{"damage":0.0,"enemies":"Large Slime","floor":13.0,"turns":7.0},{"damage":0.0,"enemies":"2 Fungi Beasts","floor":14.0,"turns":4.0},{"damage":22.0,"enemies":"Hexaghost","floor":16.0,"turns":8.0},{"damage":19.0,"enemies":"2 Thieves","floor":18.0,"turns":5.0},{"damage":0.0,"enemies":"Spheric Guardian","floor":21.0,"turns":3.0},{"damage":10.0,"enemies":"Snake Plant","floor":22.0,"turns":4.0},{"damage":39,"enemies":"Gremlin Leader","floor":24,"turns":6},{"damage":9,"enemies":"Sentry and Sphere","floor":28,"turns":6},{"damage":0,"enemies":"Centurion and Healer","floor":30,"turns":6},{"damage":12,"enemies":"Chosen and Byrds","floor":31,"turns":7},{"damage":19,"enemies":"Automaton","floor":33,"turns":9},{"damage":14,"enemies":"3 Shapes","floor":35,"turns":6},{"damage":6,"enemies":"3 Darklings","floor":37,"turns":5},{"damage":0,"enemies":"Spire Growth","floor":39,"turns":8},{"damage":7,"enemies":"Nemesis","floor":41,"turns":7},{"damage":0,"enemies":"Transient","floor":42,"turns":5},{"damage":0,"enemies":"3 Darklings","floor":45,"turns":3},{"damage":0,"enemies":"Jaw Worm Horde","floor":46,"turns":3},{"damage":11,"enemies":"Donu and Deca","floor":50,"turns":8}],"seed_played":"-7403764717497190069","potions_obtained":[{"floor":1.0,"key":"FearPotion"},{"floor":4.0,"key":"Block Potion"},{"floor":11.0,"key":"Energy Potion"},{"floor":13.0,"key":"GhostInAJar"},{"floor":21.0,"key":"SkillPotion"},{"floor":28,"key":"Strength Potion"},{"floor":31,"key":"SteroidPotion"},{"floor":33,"key":"Dexterity Potion"},{"floor":41,"key":"PowerPotion"},{"floor":42,"key":"SmokeBomb"},{"floor":45,"key":"Block Potion"},{"floor":46,"key":"AttackPotion"}],"is_trial":false,"path_per_floor":["M","M","?","M","M","R","T","R","T","$","E","M","M","M","R","B",null,"M","?","$","M","M","R","E","R","T","R","M","R","M","M","R","B",null,"M","$","M","?","M","R","E","M","T","R","M","M","R","?","R","B",null],"character_chosen":"THE_SILENT","items_purchased":["Noxious Fumes","Blur","Apotheosis","Well Laid Plans"],"campfire_rested":2,"item_purchase_floors":[10,10,36,36],"current_hp_per_floor":[77,75,60,60,55,55,55,55,55,55,55,54,54,54,54,32,77,58,58,58,58,48,48,9,9,9,32,23,23,23,11,34,15,77,63,63,57,57,57,72,65,65,65,77,77,77,77,67,77,66],"gold":155,"neow_bonus":"TEN_PERCENT_HP_BONUS","is_prod":false,"is_daily":false,"chose_seed":false,"campfire_upgraded":10,"win_rate":0.0,"timestamp":1549490616,"path_taken":["M","M","?","M","M","R","?","R","T","$","E","?","M","M","R","BOSS","M","?","$","M","M","R","E","R","T","R","M","R","M","?","R","BOSS","M","$","M","?","M","R","E","M","T","R","M","M","R","?","R","BOSS"],"build_version":"2019-01-23","purchased_purges":2,"victory":true,"max_hp_per_floor":[77,77,77,77,77,77,77,77,77,77,77,77,77,77,77,77,77,77,77,77,77,77,77,77,77,77,77,77,77,77,77,77,77,77,77,77,77,77,77,77,77,77,77,77,77,77,77,77,77,77],"card_choices":[{"not_picked":["Eviscerate","Skewer"],"picked":"Distraction","floor":1.0},{"not_picked":["Backflip","Acrobatics"],"picked":"Deadly Poison","floor":2.0},{"not_picked":["Deadly Poison","Distraction"],"picked":"Footwork","floor":4.0},{"not_picked":["Sucker Punch","Deflect"],"picked":"Flying Knee","floor":5.0},{"not_picked":["Prepared","Masterful Stab"],"picked":"Blur","floor":11.0},{"not_picked":["Quick Slash","Flying Knee","Dagger Spray"],"picked":"SKIP","floor":12.0},{"not_picked":["Flying Knee","Heel Hook"],"picked":"Bouncing Flask","floor":13.0},{"not_picked":["Slice","Eviscerate"],"picked":"Tools of the Trade","floor":14.0},{"not_picked":["Die Die Die","A Thousand Cuts"],"picked":"Bullet Time","floor":16.0},{"not_picked":["Predator","Flying Knee","Dagger Spray"],"picked":"SKIP","floor":18.0},{"not_picked":["Slice","Endless Agony"],"picked":"Acrobatics","floor":21.0},{"not_picked":["Masterful Stab","Distraction"],"picked":"Deadly Poison+1","floor":22.0},{"not_picked":["Reflex+1","Prepared+1"],"picked":"Burst","floor":24},{"not_picked":["Flying Knee+1","Dodge and Roll"],"picked":"Deflect+1","floor":28},{"not_picked":["Sucker Punch","Tools of the Trade"],"picked":"Deadly Poison+1","floor":30},{"not_picked":["Quick Slash","Outmaneuver","Caltrops"],"picked":"SKIP","floor":31},{"not_picked":["Burst","Adrenaline"],"picked":"After Image","floor":33},{"not_picked":["Heel Hook+1","Eviscerate+1","Blade Dance+1"],"picked":"SKIP","floor":35},{"not_picked":["Masterful Stab","Poisoned Stab","Underhanded Strike"],"picked":"SKIP","floor":37},{"not_picked":["Underhanded Strike+1","Prepared+1"],"picked":"Noxious Fumes","floor":39},{"not_picked":["Deadly Poison","Escape Plan+1"],"picked":"Crippling Poison+1","floor":41},{"not_picked":["Dash","Flying Knee"],"picked":"Backflip","floor":42},{"not_picked":["Flying Knee+1","Quick Slash+1"],"picked":"Expertise+1","floor":45},{"not_picked":["Flying Knee+1","Dagger Spray+1"],"picked":"Escape Plan+1","floor":46}],"player_experience":3914,"relics_obtained":[{"floor":7.0,"key":"PreservedInsect"},{"floor":9.0,"key":"Ancient Tea Set"},{"floor":11.0,"key":"Pen Nib"},{"floor":24,"key":"Anchor"},{"floor":26,"key":"Potion Belt"},{"floor":41,"key":"Bottled Flame"},{"floor":43,"key":"Bag of Preparation"}],"event_choices":[{"damage_healed":0.0,"max_hp_gain":0.0,"max_hp_loss":0.0,"gold_gain":0.0,"event_name":"Shining Light","player_choice":"Entered Light","floor":3.0,"gold_loss":0.0,"damage_taken":15.0,"cards_upgraded":["Strike_G","Survivor"]},{"damage_healed":0.0,"max_hp_gain":0.0,"max_hp_loss":0.0,"gold_gain":0.0,"event_name":"The Woman in Blue","player_choice":"Bought 0 Potions","floor":19.0,"gold_loss":0.0,"damage_taken":0.0},{"cards_removed":["Flying Knee"],"damage_healed":0,"gold_gain":0,"player_choice":"Removed Attack","damage_taken":0,"max_hp_gain":0,"max_hp_loss":0,"event_name":"Falling","floor":38,"gold_loss":0},{"damage_healed":0,"gold_gain":0,"player_choice":"Embrace Madness","damage_taken":10,"max_hp_gain":0,"max_hp_loss":0,"event_name":"Winding Halls","floor":48,"gold_loss":0,"cards_obtained":["Madness","Madness"]}],"is_beta":true,"boss_relics":[{"not_picked":["Black Star","Snecko Eye"],"picked":"Philosopher\u0027s Stone"},{"not_picked":["HoveringKite","Calling Bell"],"picked":"Eternal Feather"}],"items_purged_floors":[10,20],"is_endless":false,"potions_floor_spawned":[1,4,11,13,14,21,28,31,33,41,42,45,46],"ascension_level":0}