{"gold_per_floor":[213,226,244,259,275,275,307,324,349,359,388,51,51,86,86,191,191,202,215,215,215,233,233,266,283,336,371,371,398,398,398,398,496,496,513,100,124,137,137,163,163,100,127,142,142,154,154,209,221,233],"floor_reached":51,"playtime":3235,"items_purged":["Strike_R","Defend_R","Defend_R"],"score":924,"play_id":"3fd8a168-7f11-4314-826d-c272e97ee297","local_time":"20190213204253","is_ascension_mode":true,"campfire_choices":[{"data":"Offering","floor":13.0,"key":"SMITH"},{"data":"Shockwave","floor":15.0,"key":"SMITH"},{"data":"Shockwave","floor":23.0,"key":"SMITH"},{"data":"Armaments","floor":28.0,"key":"SMITH"},{"data":"Strike_R","floor":32.0,"key":"PURGE"},{"data":"Demon Form","floor":41,"key":"SMITH"},{"data":"Defend_R","floor":45,"key":"PURGE"},{"data":"Armaments","floor":47,"key":"SMITH"},{"floor":49,"key":"REST"}],"neow_cost":"NONE","seed_source_timestamp":0,"circlet_count":0,"master_deck":["Defend_R","Bash","True Grit","Flame Barrier","Shockwave+1","Shockwave+1","Carnage","Offering+1","Clothesline","Iron Wave","Fiend Fire","Feed","Second Wind+1","Carnage+1","Combust+1","Ghostly","Ghostly","Ghostly","Ghostly","Ghostly","Armaments+1","Shockwave","Double Tap","Ghostly Armor+1","Demon Form+1","Armaments+1","Master of Strategy","Shrug It Off","Entrench+1","Battle Trance+1"],"special_seed":0,"relics":["Burning Blood","Nunchaku","Bronze Scales","Matryoshka","Gremlin Horn","Orichalcum","Astrolabe","Red Mask","Juzu Bracelet","Tiny Chest","Happy Flower","Pear","Peace Pipe","Dodecahedron","Runic Cube","Membership Card","Letter Opener","PreservedInsect","Self Forming Clay","Bottled Tornado","Regal Pillow","MawBank"],"potions_floor_usage":[40],"damage_taken":[{"damage":1.0,"enemies":"2 Louse","floor":1.0,"turns":3.0},{"damage":9.0,"enemies":"Jaw Worm","floor":2.0,"turns":4.0},{"damage":4.0,"enemies":"Small Slimes","floor":3.0,"turns":5.0},{"damage":1.0,"enemies":"3 Louse","floor":4.0,"turns":4.0},{"damage":24.0,"enemies":"Exordium Thugs","floor":5.0,"turns":8.0},{"damage":12.0,"enemies":"Gremlin Nob","floor":7.0,"turns":4.0},{"damage":18.0,"enemies":"Exordium Wildlife","floor":8.0,"turns":5.0},{"damage":4.0,"enemies":"Blue Slaver","floor":10.0,"turns":3.0},{"damage":20.0,"enemies":"3 Sentries","floor":11.0,"turns":7.0},{"damage":7.0,"enemies":"Gremlin Nob","floor":14.0,"turns":3.0},{"damage":29.0,"enemies":"Slime Boss","floor":16.0,"turns":9.0},{"damage":6.0,"enemies":"3 Byrds","floor":18.0,"turns":3.0},{"damage":14.0,"enemies":"Shell Parasite","floor":19.0,"turns":3.0},{"damage":1.0,"enemies":"Sentry and Sphere","floor":22.0,"turns":6.0},{"damage":1.0,"enemies":"Masked Bandits","floor":24.0,"turns":4.0},{"damage":6.0,"enemies":"Chosen and Byrds","floor":25.0,"turns":3.0},{"damage":2.0,"enemies":"Book of Stabbing","floor":27.0,"turns":7.0},{"damage":8.0,"enemies":"Slavers","floor":29.0,"turns":4.0},{"damage":11.0,"enemies":"Automaton","floor":33.0,"turns":12.0},{"damage":3.0,"enemies":"Orb Walker","floor":35.0,"turns":3.0},{"damage":6.0,"enemies":"3 Shapes","floor":38.0,"turns":5.0},{"damage":47,"enemies":"Giant Head","floor":40,"turns":8},{"damage":0,"enemies":"Transient","floor":44,"turns":5},{"damage":6,"enemies":"Spire Growth","floor":46,"turns":7},{"damage":57,"enemies":"Awakened One","floor":50,"turns":14}],"seed_played":"7140088984767658531","potions_obtained":[{"floor":3.0,"key":"Fire Potion"},{"floor":5.0,"key":"PowerPotion"},{"floor":10.0,"key":"FearPotion"},{"floor":11.0,"key":"FearPotion"},{"floor":16.0,"key":"PowerPotion"},{"floor":19.0,"key":"Block Potion"},{"floor":29.0,"key":"SpeedPotion"},{"floor":38.0,"key":"Weak Potion"},{"floor":46,"key":"SmokeBomb"}],"is_trial":false,"path_per_floor":["M","M","M","M","M","?","E","M","T","M","E","$","R","E","R","B",null,"M","M","?","?","M","R","?","M","T","E","R","E","?","?","R","B",null,"M","$","T","M","T","E","R","$","T","M","R","M","R","T","R","B",null],"character_chosen":"IRONCLAD","items_purchased":["Gremlin Horn","Membership Card","Master of Strategy","Shrug It Off"],"campfire_rested":1,"item_purchase_floors":[12,36,36,36],"current_hp_per_floor":[80,77,79,80,62,62,56,44,44,46,32,32,32,31,31,8,80,83,75,75,41,44,44,47,50,50,50,50,58,58,58,58,53,60,60,60,60,63,63,25,25,25,25,31,31,31,31,31,65,14],"gold":245,"neow_bonus":"HUNDRED_GOLD","is_prod":false,"is_daily":false,"chose_seed":false,"campfire_upgraded":6,"win_rate":0,"timestamp":1550086973,"path_taken":["M","M","M","M","M","?","E","M","T","M","E","?","R","E","R","BOSS","M","M","?","?","M","R","?","M","T","E","R","E","?","?","R","BOSS","M","$","?","M","?","E","R","$","T","M","R","M","R","?","R","BOSS"],"build_version":"2019-02-06","purchased_purges":3,"victory":true,"max_hp_per_floor":[80,80,80,80,80,80,80,80,80,80,80,80,80,80,80,80,80,83,83,83,41,44,44,47,50,50,50,50,60,60,60,60,60,60,60,60,60,63,63,66,66,66,66,66,66,66,66,66,66,66],"card_choices":[{"not_picked":["Thunderclap","Cleave"],"picked":"True Grit","floor":1.0},{"not_picked":["Combust","Perfected Strike"],"picked":"Flame Barrier","floor":2.0},{"not_picked":["Iron Wave","Infernal Blade"],"picked":"Shockwave","floor":3.0},{"not_picked":["Clash","Entrench"],"picked":"Shockwave","floor":4.0},{"not_picked":["Twin Strike","Warcry"],"picked":"Carnage","floor":5.0},{"not_picked":["Iron Wave","True Grit"],"picked":"Offering","floor":7.0},{"not_picked":["Perfected Strike","True Grit"],"picked":"Clothesline","floor":8.0},{"not_picked":["Intimidate","Heavy Blade"],"picked":"Iron Wave","floor":10.0},{"not_picked":["Second Wind","Reckless Charge","Heavy Blade"],"picked":"SKIP","floor":11.0},{"not_picked":["Wild Strike","Clothesline"],"picked":"Fiend Fire","floor":14.0},{"not_picked":["Juggernaut","Double Tap"],"picked":"Feed","floor":16.0},{"not_picked":["Sword Boomerang","True Grit","Bloodletting"],"picked":"SKIP","floor":18.0},{"not_picked":["Reckless Charge","Rage+1","Power Through"],"picked":"SKIP","floor":19.0},{"not_picked":["Heavy Blade","Thunderclap","Clothesline"],"picked":"SKIP","floor":22.0},{"not_picked":["Perfected Strike","Iron Wave+1"],"picked":"Armaments","floor":24.0},{"not_picked":["Heavy Blade+1","Burning Pact"],"picked":"Shockwave","floor":25.0},{"not_picked":["Dual Wield","Body Slam+1"],"picked":"Double Tap","floor":27.0},{"not_picked":["Thunderclap","Searing Blow"],"picked":"Ghostly Armor+1","floor":29.0},{"not_picked":["Juggernaut","Brutality"],"picked":"Demon Form","floor":33.0},{"not_picked":["Warcry+1","Clothesline"],"picked":"Armaments","floor":35.0},{"not_picked":["Body Slam","Headbutt+1"],"picked":"Entrench+1","floor":38.0},{"not_picked":["Rage","Headbutt","Perfected Strike+1"],"picked":"SKIP","floor":40},{"not_picked":["Dual Wield","Clothesline+1"],"picked":"Battle Trance+1","floor":44},{"not_picked":["Clash","Twin Strike","Flex+1"],"picked":"SKIP","floor":46}],"player_experience":39420,"relics_obtained":[{"floor":7.0,"key":"Nunchaku"},{"floor":9.0,"key":"Bronze Scales"},{"floor":11.0,"key":"Matryoshka"},{"floor":14.0,"key":"Orichalcum"},{"floor":24.0,"key":"Red Mask"},{"floor":26.0,"key":"Juzu Bracelet"},{"floor":26.0,"key":"Tiny Chest"},{"floor":27.0,"key":"Happy Flower"},{"floor":29.0,"key":"Pear"},{"floor":37.0,"key":"Letter Opener"},{"floor":37.0,"key":"PreservedInsect"},{"floor":39.0,"key":"Self Forming Clay"},{"floor":40,"key":"Bottled Tornado"},{"floor":43,"key":"Regal Pillow"},{"floor":48,"key":"MawBank"}],"event_choices":[{"damage_healed":0.0,"max_hp_gain":0.0,"max_hp_loss":0.0,"gold_gain":0.0,"event_name":"Liars Game","player_choice":"Ignored","floor":6.0,"gold_loss":0.0,"damage_taken":0.0},{"damage_healed":0.0,"max_hp_gain":0.0,"max_hp_loss":0.0,"gold_gain":0.0,"event_name":"Vampires","player_choice":"Ignored","floor":20.0,"gold_loss":0.0,"damage_taken":0.0},{"damage_healed":0.0,"max_hp_gain":0.0,"max_hp_loss":42.0,"gold_gain":0.0,"event_name":"Ghosts","player_choice":"Became a Ghost","floor":21.0,"gold_loss":0.0,"damage_taken":0.0,"cards_obtained":["Ghostly","Ghostly","Ghostly","Ghostly","Ghostly"]},{"damage_healed":0.0,"max_hp_gain":0.0,"max_hp_loss":0.0,"gold_gain":0.0,"event_name":"Masked Bandits","player_choice":"Fought Bandits","floor":24.0,"gold_loss":0.0,"damage_taken":0.0},{"damage_healed":0.0,"max_hp_gain":0.0,"max_hp_loss":0.0,"gold_gain":0.0,"event_name":"The Mausoleum","player_choice":"Opened","floor":30.0,"gold_loss":0.0,"damage_taken":0.0,"relics_obtained":["Peace Pipe"]},{"damage_healed":0.0,"max_hp_gain":0.0,"max_hp_loss":0.0,"gold_gain":0.0,"event_name":"WeMeetAgain","player_choice":"Gave Potion","floor":31.0,"gold_loss":0.0,"damage_taken":0.0,"relics_obtained":["Dodecahedron"]}],"is_beta":true,"boss_relics":[{"not_picked":["White Beast Statue","Black Blood"],"picked":"Astrolabe"},{"not_picked":["Calling Bell","Orrery"],"picked":"Runic Cube"}],"items_purged_floors":[12,36,42],"is_endless":false,"potions_floor_spawned":[3,5,10,11,16,19,25,29,38,46],"ascension_level":3}