{"gold_per_floor":[12,12,32,47,47,47,91,91,91,132,132,105,125,139,139,230,230,216,234,118,118,217,217,233,233,233,257,257,281,74,74,74,170,170,194,207,225,246,39,39,53,53,101,122,0,0,0,25,25,25],"floor_reached":50,"playtime":3155,"items_purged":["Strike_B"],"score":749,"play_id":"de0dddef-43a3-4355-bb74-64f0e221173c","local_time":"20181002111727","is_ascension_mode":true,"campfire_choices":[{"data":"Zap","floor":6,"key":"SMITH"},{"data":"Dualcast","floor":8,"key":"SMITH"},{"floor":15,"key":"REST"},{"floor":23,"key":"REST"},{"floor":25,"key":"REST"},{"data":"Echo Form","floor":28,"key":"SMITH"},{"data":"Storm","floor":32,"key":"SMITH"},{"floor":40,"key":"REST"},{"floor":42,"key":"REST"},{"floor":49,"key":"REST"}],"neow_cost":"NO_GOLD","seed_source_timestamp":517749912965535,"circlet_count":0,"master_deck":["Strike_B","Strike_B","Defend_B","Defend_B","Defend_B","Zap+1","Dualcast+1","AscendersBane","Ball Lightning","Cold Snap","Reinforced Body","Genetic Algorithm","Coolheaded","Fusion","Creative AI+1","Conserve Battery","Self Repair","Chill","Echo Form+1","Storm+1","Thunder Strike","Tempest+1","Seek","Coolheaded+1","Apotheosis","Discovery"],"relics":["Cracked Core","Thread and Needle","Golden Idol","Question Card","Potion Belt","Ancient Tea Set","Orichalcum","Empty Cage","Sundial","Runic Capacitor","Mango","Philosopher\u0027s Stone","Anchor","Red Mask"],"potions_floor_usage":[10,29,29,33,37,50,50],"damage_taken":[{"damage":0,"enemies":"2 Louse","floor":1,"turns":2},{"damage":0,"enemies":"Small Slimes","floor":3,"turns":2},{"damage":1,"enemies":"Jaw Worm","floor":4,"turns":2},{"damage":9,"enemies":"3 Sentries","floor":7,"turns":9},{"damage":12,"enemies":"Gremlin Nob","floor":10,"turns":3},{"damage":0,"enemies":"Looter","floor":13,"turns":3},{"damage":6,"enemies":"2 Fungi Beasts","floor":14,"turns":3},{"damage":24,"enemies":"Slime Boss","floor":16,"turns":13},{"damage":16,"enemies":"2 Thieves","floor":18,"turns":4},{"damage":19,"enemies":"3 Byrds","floor":19,"turns":6},{"damage":5,"enemies":"Shelled Parasite and Fungi","floor":24,"turns":8},{"damage":4,"enemies":"Snecko","floor":27,"turns":8},{"damage":4,"enemies":"Sentry and Sphere","floor":29,"turns":7},{"damage":18,"enemies":"Automaton","floor":33,"turns":11},{"damage":19,"enemies":"Orb Walker","floor":35,"turns":5},{"damage":14,"enemies":"3 Shapes","floor":36,"turns":6},{"damage":31,"enemies":"Transient","floor":37,"turns":5},{"damage":14,"enemies":"4 Shapes","floor":38,"turns":6},{"damage":12,"enemies":"Spire Growth","floor":41,"turns":6},{"damage":40,"enemies":"Reptomancer","floor":44,"turns":6},{"damage":13,"enemies":"4 Shapes","floor":48,"turns":5},{"damage":77,"enemies":"Donu and Deca","floor":50,"turns":7}],"seed_played":"-8425937248805872163","potions_obtained":[{"floor":7,"key":"Fire Potion"},{"floor":13,"key":"Energy Potion"},{"floor":24,"key":"LiquidBronze"},{"floor":27,"key":"EssenceOfSteel"},{"floor":36,"key":"Block Potion"},{"floor":41,"key":"SpeedPotion"},{"floor":48,"key":"Fruit Juice"}],"is_trial":false,"path_per_floor":["M","?","M","M","$","R","E","R","T","E","?","?","M","M","R","B",null,"M","M","$","?","?","R","M","R","T","M","R","M","$","?","R","B",null,"M","M","M","M","$","R","M","R","T","M","?","?","?","M","R"],"character_chosen":"DEFECT","items_purchased":["Chill","Runic Capacitor","Apotheosis"],"campfire_rested":6,"item_purchase_floors":[20,30,39],"current_hp_per_floor":[68,68,68,67,67,67,58,58,58,46,13,13,13,7,27,3,53,37,18,18,18,18,38,40,60,60,56,56,59,59,73,73,69,80,68,61,37,30,30,54,42,66,66,40,40,40,40,34,57,0],"gold":25,"neow_bonus":"ONE_RARE_RELIC","is_prod":false,"is_daily":false,"chose_seed":false,"campfire_upgraded":4,"win_rate":0,"timestamp":1538471847,"path_taken":["M","?","M","M","$","R","E","R","T","E","?","?","M","?","R","BOSS","M","M","$","?","?","R","M","R","T","M","R","M","$","?","R","BOSS","M","M","M","M","$","R","M","R","T","M","?","?","?","M","R","BOSS"],"build_version":"2018-09-27","purchased_purges":1,"victory":false,"max_hp_per_floor":[75,69,69,69,69,69,69,69,69,69,69,69,69,69,69,69,69,69,69,69,69,69,69,69,69,69,69,69,69,69,83,83,83,83,83,83,83,83,83,83,83,83,83,83,83,83,79,79,79,84],"card_choices":[{"not_picked":["Barrage","Go for the Eyes"],"picked":"Ball Lightning","floor":1},{"not_picked":["Scrape","Stack"],"picked":"Cold Snap","floor":3},{"not_picked":["Stack","Redo"],"picked":"Reinforced Body","floor":4},{"not_picked":["Streamline","Meteor Strike"],"picked":"Genetic Algorithm","floor":7},{"not_picked":["Conserve Battery","Hologram","Compile Driver"],"picked":"Coolheaded","floor":10},{"not_picked":["Heatsinks","Sweeping Beam","Beam Cell"],"picked":"Fusion","floor":13},{"not_picked":["Redo","Rebound","Turbo","Go for the Eyes"],"picked":"SKIP","floor":14},{"not_picked":["Amplify","Seek","Machine Learning"],"picked":"Creative AI","floor":16},{"not_picked":["Rip and Tear","Sweeping Beam","FTL+1"],"picked":"Conserve Battery","floor":18},{"not_picked":["Beam Cell","Cold Snap","Leap"],"picked":"Self Repair","floor":19},{"not_picked":["Beam Cell","Hologram","Sweeping Beam+1","Darkness"],"picked":"SKIP","floor":24},{"not_picked":["Barrage","Turbo","Sweeping Beam+1"],"picked":"Echo Form","floor":27},{"not_picked":["Rebound","Steam","Turbo"],"picked":"Storm","floor":29},{"not_picked":["Meteor Strike","Echo Form","Hyperbeam"],"picked":"Thunder Strike","floor":33},{"not_picked":["Leap","Streamline","Chaos+1"],"picked":"Tempest+1","floor":35},{"not_picked":["Reprogram","Steam","Storm"],"picked":"Seek","floor":36},{"not_picked":["Go for the Eyes","Lockon","Beam Cell","Storm+1"],"picked":"SKIP","floor":37},{"not_picked":["Redo","Scrape","Cold Snap"],"picked":"Coolheaded+1","floor":38},{"not_picked":["Turbo","Ball Lightning","Go for the Eyes+1","Hologram"],"picked":"SKIP","floor":41},{"not_picked":["Melter","Fusion","Creative AI","Force Field"],"picked":"SKIP","floor":44},{"not_picked":["Finesse","Impatience","Forethought"],"picked":"Discovery","floor":46},{"not_picked":["Gash","Self Repair","Double Energy+1","Turbo"],"picked":"SKIP","floor":48}],"player_experience":474060,"relics_obtained":[{"floor":7,"key":"Question Card"},{"floor":9,"key":"Potion Belt"},{"floor":10,"key":"Ancient Tea Set"},{"floor":26,"key":"Sundial"},{"floor":31,"key":"Mango"},{"floor":43,"key":"Anchor"}],"event_choices":[{"event_name":"Golden Idol","player_choice":"Lose Max HP","floor":2,"damage_taken":0},{"event_name":"Scrap Ooze","player_choice":"success","floor":11,"damage_taken":33},{"event_name":"World of Goop","player_choice":"Left","floor":12,"damage_taken":0},{"event_name":"Upgrade Shrine","player_choice":"Upgraded","floor":21,"damage_taken":0},{"event_name":"Nest","player_choice":"Stole From Cult","floor":22,"damage_taken":0},{"event_name":"Wheel of Change","player_choice":"Relic","floor":31,"damage_taken":0},{"event_name":"Tomb of Lord Red Mask","player_choice":"Paid","floor":45,"damage_taken":0},{"event_name":"SensoryStone","player_choice":"Memory 1","floor":46,"damage_taken":0},{"event_name":"Winding Halls","player_choice":"Max HP","floor":47,"damage_taken":0}],"is_beta":false,"boss_relics":[{"not_picked":["Coffee Dripper","White Beast Statue"],"picked":"Empty Cage"},{"not_picked":["FrozenCore","Tiny House"],"picked":"Philosopher\u0027s Stone"}],"items_purged_floors":[20],"is_endless":false,"potions_floor_spawned":[7,13,24,27,36,41,48],"killed_by":"Donu and Deca","ascension_level":13}