{"gold_per_floor":[114,114,132,232,232,232,232,266,266,16,16,30,30,30,30,30],"floor_reached":16,"playtime":351,"items_purged":["Strike_R"],"score":178,"play_id":"5416b545-1314-43aa-8e7c-948480ad081a","local_time":"20181030150907","is_ascension_mode":true,"campfire_choices":[{"data":"Uppercut","floor":6,"key":"SMITH"},{"data":"Offering","floor":11,"key":"SMITH"},{"data":"Reckless Charge","floor":15,"key":"SMITH"}],"neow_cost":"NONE","seed_source_timestamp":269151927891931,"circlet_count":0,"master_deck":["Strike_R","Strike_R","Strike_R","Defend_R","Defend_R","Defend_R","Defend_R","Bash","AscendersBane","True Grit+1","Uppercut+1","Reckless Charge+1","Headbutt","Offering+1","Shrug It Off"],"relics":["Burning Blood","Anchor","Boot","Question Card","Frozen Egg 2","CultistMask"],"potions_floor_usage":[8],"damage_taken":[{"damage":14,"enemies":"Jaw Worm","floor":1,"turns":5},{"damage":0,"enemies":"2 Louse","floor":3,"turns":3},{"damage":19,"enemies":"Lagavulin","floor":8,"turns":9},{"damage":6,"enemies":"Small Slimes","floor":12,"turns":1},{"damage":44,"enemies":"Slime Boss","floor":16,"turns":7}],"seed_played":"8475320881014573730","potions_obtained":[{"floor":3,"key":"Dexterity Potion"}],"is_trial":false,"path_per_floor":["M","?","M","?","?","R","?","E","T","$","R","M","?","?","R"],"character_chosen":"IRONCLAD","items_purchased":["Offering"],"campfire_rested":0,"item_purchase_floors":[10],"current_hp_per_floor":[60,53,59,59,59,59,59,46,46,46,46,46,28,28,28,0],"gold":30,"neow_bonus":"RANDOM_COMMON_RELIC","is_prod":false,"is_daily":false,"chose_seed":false,"campfire_upgraded":3,"win_rate":0,"timestamp":1540908547,"path_taken":["M","?","?","?","?","R","?","E","T","$","R","?","?","?","R","BOSS"],"build_version":"2018-10-25v2","purchased_purges":1,"victory":false,"max_hp_per_floor":[75,75,75,75,75,75,75,75,75,75,75,75,75,75,75,75],"card_choices":[{"not_picked":["Wild Strike","Flex"],"picked":"True Grit","floor":1},{"not_picked":["Heavy Blade","Limit Break"],"picked":"Uppercut","floor":3},{"not_picked":["Havoc","True Grit"],"picked":"Headbutt","floor":8},{"not_picked":["Anger","Power Through","Battle Trance"],"picked":"Shrug It Off","floor":12}],"player_experience":599321,"relics_obtained":[{"floor":8,"key":"Boot"},{"floor":9,"key":"Question Card"}],"event_choices":[{"cards_removed":["Strike_R"],"damage_healed":0,"gold_gain":0,"player_choice":"Card Removal","damage_taken":7,"max_hp_gain":0,"max_hp_loss":0,"event_name":"Golden Wing","floor":2,"gold_loss":0},{"damage_healed":0,"gold_gain":100,"player_choice":"Gold","damage_taken":0,"max_hp_gain":0,"max_hp_loss":0,"event_name":"Wheel of Change","floor":4,"gold_loss":0},{"damage_healed":0,"gold_gain":0,"player_choice":"1 cards matched","damage_taken":0,"max_hp_gain":0,"max_hp_loss":0,"event_name":"Match and Keep!","floor":5,"gold_loss":0,"cards_obtained":["Reckless Charge"]},{"damage_healed":0,"gold_gain":0,"player_choice":"Upgraded","damage_taken":0,"max_hp_gain":0,"max_hp_loss":0,"event_name":"Upgrade Shrine","floor":7,"gold_loss":0,"cards_upgraded":["True Grit"]},{"damage_healed":0,"gold_gain":0,"player_choice":"Success","damage_taken":18,"relics_obtained":["Frozen Egg 2"],"max_hp_gain":0,"max_hp_loss":0,"event_name":"Scrap Ooze","floor":13,"gold_loss":0},{"damage_healed":0,"gold_gain":0,"player_choice":"Trade","damage_taken":0,"relics_obtained":["CultistMask"],"max_hp_gain":0,"max_hp_loss":0,"event_name":"FaceTrader","floor":14,"gold_loss":0}],"is_beta":false,"boss_relics":[],"items_purged_floors":[10],"is_endless":false,"potions_floor_spawned":[3],"killed_by":"Slime Boss","ascension_level":17}