{"gold_per_floor":[115,115,115,134,16,48,13,30,60,60,89,108,122,35,35,109,109,127,137,137,137,153,153,163,76,76,76,39,71,71,88,88,159,159,176,0,10,10,26,26,55,55,81,94,94,94],"floor_reached":46,"playtime":2310,"items_purged":["Strike_G"],"score":1056,"play_id":"2b28a9c6-ee02-437d-8f2f-684592097942","local_time":"20190129153017","is_ascension_mode":true,"campfire_choices":[{"data":"Cloak And Dagger","floor":10,"key":"SMITH"},{"data":"Catalyst","floor":15,"key":"SMITH"},{"floor":23,"key":"REST"},{"data":"Catalyst","floor":27,"key":"SMITH"},{"data":"Crippling Poison","floor":30,"key":"SMITH"},{"data":"Adrenaline","floor":32,"key":"SMITH"},{"data":"Adrenaline","floor":40,"key":"SMITH"},{"floor":45,"key":"REST"}],"neow_cost":"NONE","seed_source_timestamp":171578920958136,"circlet_count":0,"master_deck":["AscendersBane","Defend_G","Defend_G","Defend_G","Defend_G","Defend_G","Strike_G","Strike_G","Strike_G","Survivor","Neutralize+1","Flying Knee","Cloak And Dagger+1","Noxious Fumes+1","Footwork+1","Catalyst+1","Poisoned Stab","Backflip","Well Laid Plans+1","A Thousand Cuts+1","Escape Plan","Backflip+1","Crippling Poison+1","Catalyst+1","Noxious Fumes+1","Adrenaline+1","Adrenaline+1","Noxious Fumes+1","Caltrops+1","Dodge and Roll+1","Caltrops+1"],"relics":["Ring of the Snake","NeowsBlessing","Frozen Egg 2","Boot","Tiny Chest","Pantograph","Runic Dome","Pocketwatch","Oddly Smooth Stone","Busted Crown","Red Mask","Bottled Tornado","Dream Catcher"],"potions_floor_usage":[11,19,29,29,41,41],"damage_taken":[{"damage":0,"enemies":"Small Slimes","floor":1,"turns":1},{"damage":0,"enemies":"Cultist","floor":4,"turns":1},{"damage":0,"enemies":"Lagavulin","floor":6,"turns":2},{"damage":0,"enemies":"2 Louse","floor":8,"turns":3},{"damage":34,"enemies":"Gremlin Nob","floor":11,"turns":5},{"damage":10,"enemies":"Exordium Wildlife","floor":12,"turns":4},{"damage":6,"enemies":"Looter","floor":13,"turns":4},{"damage":16,"enemies":"Slime Boss","floor":16,"turns":8},{"damage":6,"enemies":"3 Byrds","floor":18,"turns":4},{"damage":0,"enemies":"Chosen","floor":19,"turns":4},{"damage":7,"enemies":"Snake Plant","floor":22,"turns":6},{"damage":2,"enemies":"Centurion and Healer","floor":24,"turns":7},{"damage":21,"enemies":"Book of Stabbing","floor":29,"turns":5},{"damage":0,"enemies":"Chosen and Byrds","floor":31,"turns":4},{"damage":22,"enemies":"Champ","floor":33,"turns":8},{"damage":0,"enemies":"Orb Walker","floor":35,"turns":4},{"damage":0,"enemies":"3 Shapes","floor":37,"turns":3},{"damage":13,"enemies":"3 Darklings","floor":39,"turns":3},{"damage":20,"enemies":"Reptomancer","floor":41,"turns":4},{"damage":21,"enemies":"Spire Growth","floor":44,"turns":5},{"damage":30,"enemies":"Giant Head","floor":46,"turns":4}],"seed_played":"-7802094134473258915","potions_obtained":[{"floor":6,"key":"Weak Potion"},{"floor":12,"key":"Ancient Potion"},{"floor":16,"key":"AttackPotion"},{"floor":19,"key":"AttackPotion"},{"floor":33,"key":"AttackPotion"},{"floor":39,"key":"Weak Potion"},{"floor":44,"key":"FearPotion"}],"is_trial":false,"path_per_floor":["M","?","?","M","$","E","?","M","T","R","E","M","M","$","R","B",null,"M","M","?","?","M","R","M","$","T","R","$","E","R","M","R","B",null,"M","?","M","?","M","R","E","?","T","M","R","E"],"character_chosen":"THE_SILENT","items_purchased":["Noxious Fumes+1","Well Laid Plans+1","Catalyst","Noxious Fumes+1"],"campfire_rested":2,"item_purchase_floors":[5,14,25,28],"current_hp_per_floor":[59,41,41,41,41,41,57,57,57,57,23,13,7,7,7,16,54,48,48,48,48,41,60,58,58,58,58,58,37,37,37,37,40,60,60,60,60,60,47,47,27,27,27,6,25,0],"gold":94,"neow_bonus":"THREE_ENEMY_KILL","is_prod":false,"is_daily":false,"chose_seed":false,"campfire_upgraded":6,"win_rate":0,"timestamp":1548772217,"path_taken":["M","?","?","?","$","E","?","M","T","R","E","M","M","$","R","BOSS","M","M","?","?","M","R","M","$","T","R","?","E","R","M","R","BOSS","M","?","M","?","M","R","E","?","T","M","R","E"],"build_version":"2019-01-23","purchased_purges":1,"victory":false,"max_hp_per_floor":[66,66,66,66,66,66,66,66,66,66,66,66,66,66,66,66,66,66,66,66,66,66,66,66,66,66,66,66,66,66,66,66,66,66,66,66,66,66,66,66,66,66,66,66,66,66],"card_choices":[{"not_picked":["Underhanded Strike","Expertise"],"picked":"Flying Knee","floor":1},{"not_picked":["Slice","Bane"],"picked":"Cloak And Dagger","floor":4},{"not_picked":["Flying Knee","Concentrate","Doppelganger"],"picked":"SKIP","floor":6},{"not_picked":["Acrobatics","Sucker Punch"],"picked":"Footwork+1","floor":8},{"not_picked":["Prepared","Deflect"],"picked":"Catalyst","floor":11},{"not_picked":["Quick Slash","Calculated Gamble"],"picked":"Poisoned Stab","floor":12},{"not_picked":["Glass Knife","PiercingWail"],"picked":"Backflip","floor":13},{"not_picked":["Die Die Die","Glass Knife"],"picked":"A Thousand Cuts+1","floor":16},{"not_picked":["Well Laid Plans+1","Backstab"],"picked":"Escape Plan","floor":18},{"not_picked":["Bane","Concentrate+1"],"picked":"Backflip+1","floor":19},{"not_picked":["Backstab","Sucker Punch","Concentrate"],"picked":"SKIP","floor":22},{"not_picked":["Dodge and Roll+1","Blade Dance+1"],"picked":"Crippling Poison","floor":24},{"not_picked":["Outmaneuver","Phantasmal Killer"],"picked":"Adrenaline","floor":29},{"not_picked":["Skewer","Underhanded Strike","Poisoned Stab"],"picked":"SKIP","floor":31},{"not_picked":["Doppelganger","A Thousand Cuts+1"],"picked":"Adrenaline","floor":33},{"not_picked":[],"picked":"Noxious Fumes+1","floor":35},{"not_picked":[],"picked":"Caltrops+1","floor":37},{"not_picked":["Cloak And Dagger"],"picked":"SKIP","floor":39},{"not_picked":[],"picked":"Dodge and Roll+1","floor":41},{"not_picked":["Infinite Blades+1"],"picked":"SKIP","floor":44},{"not_picked":[],"picked":"Caltrops+1","floor":45}],"player_experience":941146,"relics_obtained":[{"floor":6,"key":"Boot"},{"floor":9,"key":"Tiny Chest"},{"floor":11,"key":"Pantograph"},{"floor":26,"key":"Pocketwatch"},{"floor":29,"key":"Oddly Smooth Stone"},{"floor":41,"key":"Bottled Tornado"},{"floor":43,"key":"Dream Catcher"}],"event_choices":[{"damage_healed":0,"gold_gain":0,"player_choice":"Success","damage_taken":18,"relics_obtained":["Frozen Egg 2"],"max_hp_gain":0,"max_hp_loss":0,"event_name":"Scrap Ooze","floor":2,"gold_loss":0},{"damage_healed":0,"gold_gain":0,"player_choice":"Forge","damage_taken":0,"max_hp_gain":0,"max_hp_loss":0,"event_name":"Accursed Blacksmith","floor":3,"gold_loss":0,"cards_upgraded":["Neutralize"]},{"damage_healed":16,"gold_gain":0,"player_choice":"Healed","damage_taken":0,"max_hp_gain":0,"max_hp_loss":0,"event_name":"The Cleric","floor":7,"gold_loss":35},{"damage_healed":0,"gold_gain":0,"player_choice":"Ignored","damage_taken":0,"max_hp_gain":0,"max_hp_loss":0,"event_name":"The Mausoleum","floor":20,"gold_loss":0},{"damage_healed":0,"gold_gain":0,"player_choice":"Ignored","damage_taken":0,"max_hp_gain":0,"max_hp_loss":0,"event_name":"Vampires","floor":21,"gold_loss":0},{"damage_healed":0,"gold_gain":0,"player_choice":"Paid","damage_taken":0,"relics_obtained":["Red Mask"],"max_hp_gain":0,"max_hp_loss":0,"event_name":"Tomb of Lord Red Mask","floor":36,"gold_loss":176},{"damage_healed":0,"gold_gain":0,"player_choice":"Ignored","damage_taken":0,"max_hp_gain":0,"max_hp_loss":0,"event_name":"Mysterious Sphere","floor":38,"gold_loss":0},{"cards_removed":["Strike_G"],"damage_healed":0,"gold_gain":0,"player_choice":"Removed Attack","damage_taken":0,"max_hp_gain":0,"max_hp_loss":0,"event_name":"Falling","floor":42,"gold_loss":0}],"is_beta":false,"boss_relics":[{"not_picked":["Orrery","Ring of the Serpent"],"picked":"Runic Dome"},{"not_picked":["Lizard Tail","Calling Bell"],"picked":"Busted Crown"}],"items_purged_floors":[5],"is_endless":false,"potions_floor_spawned":[6,12,16,18,19,33,39,41,44],"killed_by":"Giant Head","ascension_level":20}