{"gold_per_floor":[12,162,64,75,85,102,117,133,133,133,152,186,31,31],"floor_reached":14,"playtime":574,"items_purged":["Strike_R"],"score":165,"play_id":"623c83c0-c230-40ab-8d7b-f2423880c6c9","local_time":"20181016145056","is_ascension_mode":true,"campfire_choices":[{"data":"Impervious","floor":10,"key":"SMITH"}],"neow_cost":"NO_GOLD","seed_source_timestamp":528747473492237,"circlet_count":0,"master_deck":["Strike_R","Strike_R","Strike_R","Strike_R","Defend_R","Defend_R","Defend_R","Defend_R","Bash","AscendersBane","Barricade","True Grit","Doubt","Enlightenment","Body Slam","Fiend Fire","Impervious+1","Evolve","Metallicize","Rampage"],"relics":["Burning Blood","Potion Belt","The Courier"],"potions_floor_usage":[7,8,12,12],"damage_taken":[{"damage":14,"enemies":"2 Louse","floor":1,"turns":3},{"damage":12,"enemies":"Jaw Worm","floor":4,"turns":6},{"damage":9,"enemies":"Cultist","floor":5,"turns":5},{"damage":20,"enemies":"Looter","floor":6,"turns":4},{"damage":13,"enemies":"3 Louse","floor":7,"turns":4},{"damage":8,"enemies":"Blue Slaver","floor":8,"turns":3},{"damage":9,"enemies":"Looter","floor":11,"turns":5},{"damage":19,"enemies":"3 Sentries","floor":12,"turns":15},{"damage":30,"enemies":"Large Slime","floor":14,"turns":7}],"seed_played":"7578436762436143048","potions_obtained":[{"floor":4,"key":"LiquidBronze"},{"floor":6,"key":"FearPotion"},{"floor":8,"key":"PowerPotion"},{"floor":11,"key":"Regen Potion"}],"is_trial":false,"path_per_floor":["M","?","$","M","M","M","M","M","T","R","M","E","$"],"character_chosen":"IRONCLAD","items_purchased":["Enlightenment","Metallicize","Rampage"],"campfire_rested":0,"item_purchase_floors":[3,13,13],"current_hp_per_floor":[60,60,60,54,51,37,30,28,28,28,25,27,27,0],"gold":31,"neow_bonus":"THREE_RARE_CARDS","is_prod":false,"is_daily":false,"chose_seed":false,"campfire_upgraded":1,"win_rate":0,"timestamp":1539694256,"path_taken":["M","?","$","M","M","M","M","M","T","R","M","E","$","M"],"build_version":"2018-10-11","purchased_purges":1,"victory":false,"max_hp_per_floor":[75,75,75,75,75,75,75,75,75,75,75,75,75,75],"card_choices":[{"not_picked":["Dark Embrace","Exhume"],"picked":"Barricade","floor":0},{"not_picked":["Warcry","Pommel Strike"],"picked":"True Grit","floor":1},{"not_picked":["Intimidate","Spot Weakness"],"picked":"Body Slam","floor":4},{"not_picked":["Havoc","Twin Strike","Thunderclap"],"picked":"SKIP","floor":5},{"not_picked":["Burning Pact","Havoc"],"picked":"Fiend Fire","floor":6},{"not_picked":["Iron Wave","Heavy Blade","Twin Strike"],"picked":"SKIP","floor":7},{"not_picked":["Shrug It Off","Clothesline"],"picked":"Impervious","floor":8},{"not_picked":["Burning Pact","Thunderclap","Wild Strike"],"picked":"SKIP","floor":11},{"not_picked":["Brutality","Twin Strike"],"picked":"Evolve","floor":12}],"player_experience":524370,"relics_obtained":[{"floor":9,"key":"Potion Belt"},{"floor":12,"key":"The Courier"}],"event_choices":[{"event_name":"Liars Game","player_choice":"agreed","floor":2,"damage_taken":0}],"is_beta":false,"boss_relics":[],"items_purged_floors":[13],"is_endless":false,"potions_floor_spawned":[4,6,8,11],"killed_by":"Large Slime","ascension_level":15}