{"gold_per_floor":[116,191,53,73,83,83,109,33,87,101,21,35,35,55,55,127,127,139,155,155,80,107,133,133,147,147,164,164,180,213,228,228,228],"floor_reached":33,"playtime":1216,"items_purged":["Strike_R"],"score":518,"play_id":"1993c7b0-2c6e-486d-9c83-2f5f6c4f46c7","local_time":"20181014212936","is_ascension_mode":true,"campfire_choices":[{"data":"Uppercut","floor":6,"key":"SMITH"},{"data":"Rampage","floor":13,"key":"SMITH"},{"data":"Fiend Fire","floor":15,"key":"SMITH"},{"floor":24,"key":"REST"},{"floor":32,"key":"REST"}],"neow_cost":"NONE","seed_source_timestamp":379212929859107,"circlet_count":0,"master_deck":["Strike_R","Strike_R","Strike_R","Defend_R","Defend_R","Defend_R","Defend_R","Bash","AscendersBane","Shrug It Off","Offering","Shrug It Off","Uppercut+1","Rampage+1","Battle Trance","Fiend Fire+1","Power Through","Immolate","Disarm","Disarm+1","True Grit","Sever Soul","Inflame+1"],"relics":["Burning Blood","Omamori","Bronze Scales","Fusion Hammer","Red Mask","Vajra","Bird Faced Urn","Pen Nib"],"potions_floor_usage":[7,7,14,22],"damage_taken":[{"damage":5,"enemies":"Jaw Worm","floor":1,"turns":5},{"damage":6,"enemies":"Cultist","floor":4,"turns":3},{"damage":0,"enemies":"2 Louse","floor":5,"turns":4},{"damage":18,"enemies":"3 Sentries","floor":7,"turns":8},{"damage":2,"enemies":"Large Slime","floor":10,"turns":4},{"damage":4,"enemies":"2 Fungi Beasts","floor":12,"turns":4},{"damage":3,"enemies":"Looter","floor":14,"turns":3},{"damage":19,"enemies":"The Guardian","floor":16,"turns":7},{"damage":5,"enemies":"3 Byrds","floor":18,"turns":2},{"damage":6,"enemies":"Chosen","floor":19,"turns":3},{"damage":16,"enemies":"Masked Bandits","floor":22,"turns":4},{"damage":17,"enemies":"Book of Stabbing","floor":23,"turns":4},{"damage":8,"enemies":"Snake Plant","floor":25,"turns":3},{"damage":0,"enemies":"Centurion and Healer","floor":27,"turns":4},{"damage":23,"enemies":"Shelled Parasite and Fungi","floor":29,"turns":3},{"damage":6,"enemies":"Gremlin Leader","floor":30,"turns":4},{"damage":6,"enemies":"Snake Plant","floor":31,"turns":2},{"damage":87,"enemies":"Collector","floor":33,"turns":7}],"seed_played":"-8961997663786571977","potions_obtained":[{"floor":4,"key":"Weak Potion"},{"floor":5,"key":"Explosive Potion"},{"floor":10,"key":"Ancient Potion"},{"floor":12,"key":"BloodPotion"},{"floor":18,"key":"Energy Potion"},{"floor":22,"key":"SneckoOil"},{"floor":23,"key":"Ancient Potion"}],"is_trial":false,"path_per_floor":["M","?","$","M","M","R","E","$","T","M","$","M","R","M","R","B",null,"M","M","?","$","?","E","R","M","T","M","?","M","E","M","R"],"character_chosen":"IRONCLAD","items_purchased":["Offering","Rampage","Battle Trance"],"campfire_rested":2,"item_purchase_floors":[3,8,11],"current_hp_per_floor":[73,62,62,62,68,68,56,56,56,60,60,62,62,73,73,60,75,76,76,76,76,66,55,79,77,77,80,64,47,47,47,71,0],"gold":228,"neow_bonus":"REMOVE_CARD","is_prod":false,"is_daily":false,"chose_seed":false,"campfire_upgraded":3,"win_rate":0,"timestamp":1539545376,"path_taken":["M","?","$","M","M","R","E","$","T","M","$","?","R","M","R","BOSS","M","M","?","$","?","E","R","M","T","M","?","M","E","?","R","BOSS"],"build_version":"2018-10-11","purchased_purges":1,"victory":false,"max_hp_per_floor":[80,80,80,80,80,80,80,80,80,80,80,80,80,80,80,80,80,80,80,80,80,80,80,80,80,80,80,80,80,80,80,80,80],"card_choices":[{"not_picked":["Warcry","Thunderclap"],"picked":"Shrug It Off","floor":1},{"not_picked":["Evolve","Body Slam"],"picked":"Shrug It Off","floor":4},{"not_picked":["Wild Strike","Clash"],"picked":"Uppercut","floor":5},{"not_picked":["Blood for Blood","Thunderclap","Warcry"],"picked":"SKIP","floor":7},{"not_picked":["Twin Strike","Hemokinesis","Combust"],"picked":"SKIP","floor":10},{"not_picked":["Pommel Strike","Iron Wave"],"picked":"Fiend Fire","floor":12},{"not_picked":["Whirlwind","Feel No Pain"],"picked":"Power Through","floor":14},{"not_picked":["Reaper","Impervious"],"picked":"Immolate","floor":16},{"not_picked":["Shockwave","Body Slam","Flex"],"picked":"SKIP","floor":18},{"not_picked":["Dropkick+1","Flex+1"],"picked":"Disarm","floor":19},{"not_picked":["Flex","Headbutt"],"picked":"Disarm+1","floor":23},{"not_picked":["Thunderclap","Anger"],"picked":"True Grit","floor":25},{"not_picked":["Heavy Blade","Uppercut","Anger"],"picked":"SKIP","floor":27},{"not_picked":["Rampage","Fiend Fire","Shockwave"],"picked":"SKIP","floor":29},{"not_picked":["True Grit","Juggernaut"],"picked":"Sever Soul","floor":30},{"not_picked":["Entrench","Clothesline"],"picked":"Inflame+1","floor":31}],"player_experience":513400,"relics_obtained":[{"floor":7,"key":"Omamori"},{"floor":9,"key":"Bronze Scales"},{"floor":22,"key":"Red Mask"},{"floor":23,"key":"Vajra"},{"floor":26,"key":"Bird Faced Urn"},{"floor":30,"key":"Pen Nib"}],"event_choices":[{"event_name":"World of Goop","player_choice":"Gather Gold","floor":2,"damage_taken":0},{"event_name":"Vampires","player_choice":"Ignored","floor":20,"damage_taken":0},{"event_name":"Masked Bandits","player_choice":"Fought Bandits","floor":22,"damage_taken":0},{"event_name":"Cursed Tome","player_choice":"Obtained Book","floor":28,"damage_taken":0}],"is_beta":false,"boss_relics":[{"not_picked":["Black Blood","Philosopher\u0027s Stone"],"picked":"Fusion Hammer"}],"items_purged_floors":[21],"is_endless":false,"potions_floor_spawned":[4,5,10,12,18,22,23,25,31],"killed_by":"Collector","ascension_level":13}