{"gold_per_floor":[110,210,227,227,237,237,269,287,287,306,306,341,341,361,361,461,461,472,490,96,116,135,155,155,169,196,196,121,121,136,136,136,241,241,256,273,273,286,286,286,303,303,303,403,125,125,143,159,159,159],"floor_reached":51,"playtime":6392,"items_purged":["Defend_B","Defend_B"],"score":798,"play_id":"0b13a8e3-1f5c-4b7a-a7e7-88e2b67a255a","local_time":"20190208010433","is_ascension_mode":true,"campfire_choices":[{"data":"Zap","floor":6,"key":"SMITH"},{"floor":11,"key":"REST"},{"data":"Rainbow","floor":13,"key":"SMITH"},{"data":"Loop","floor":15,"key":"SMITH"},{"data":"Defragment","floor":24,"key":"SMITH"},{"floor":27,"key":"REST"},{"data":"Hologram","floor":29,"key":"SMITH"},{"data":"Loop","floor":32,"key":"SMITH"},{"data":"Stack","floor":40,"key":"SMITH"},{"data":"Buffer","floor":42,"key":"SMITH"},{"floor":46,"key":"REST"},{"floor":49,"key":"REST"}],"neow_cost":"NONE","seed_source_timestamp":0,"circlet_count":0,"master_deck":["Strike_B","Strike_B","Strike_B","Defend_B","Defend_B","Zap+1","Dualcast","Stack+1","Compile Driver","Loop+1","Steam","Rainbow+1","FTL","Cold Snap","Electrodynamics","Chill","Go for the Eyes","Flash of Steel","Glacier","Thinking Ahead","Defragment+1","Hologram+1","Coolheaded","Stack+1","Loop+1","Buffer+1","Defragment+1","Reinforced Body+1","Coolheaded+1","Capacitor+1","Force Field","Blizzard","Redo+1"],"special_seed":0,"relics":["Cracked Core","Smiling Mask","Kunai","Question Card","Sozu","Pen Nib","Darkstone Periapt","Philosopher\u0027s Stone","Lantern","Bag of Preparation"],"potions_floor_usage":[7,10,16,47,47,50],"damage_taken":[{"damage":0,"enemies":"Jaw Worm","floor":1,"turns":3},{"damage":1,"enemies":"Cultist","floor":3,"turns":3},{"damage":6,"enemies":"2 Louse","floor":5,"turns":2},{"damage":32,"enemies":"Gremlin Nob","floor":7,"turns":4},{"damage":7,"enemies":"Lots of Slimes","floor":8,"turns":4},{"damage":0,"enemies":"Looter","floor":10,"turns":4},{"damage":1,"enemies":"Lagavulin","floor":12,"turns":6},{"damage":4,"enemies":"Red Slaver","floor":14,"turns":4},{"damage":16,"enemies":"Slime Boss","floor":16,"turns":13},{"damage":21,"enemies":"2 Thieves","floor":18,"turns":4},{"damage":9,"enemies":"Spheric Guardian","floor":19,"turns":4},{"damage":0,"enemies":"Centurion and Healer","floor":21,"turns":8},{"damage":13,"enemies":"Snake Plant","floor":22,"turns":5},{"damage":6,"enemies":"Shelled Parasite and Fungi","floor":23,"turns":4},{"damage":1,"enemies":"Centurion and Healer","floor":25,"turns":7},{"damage":0,"enemies":"Cultist and Chosen","floor":30,"turns":7},{"damage":5,"enemies":"Champ","floor":33,"turns":12},{"damage":12,"enemies":"3 Darklings","floor":35,"turns":5},{"damage":4,"enemies":"Orb Walker","floor":36,"turns":3},{"damage":24,"enemies":"4 Shapes","floor":38,"turns":4},{"damage":0,"enemies":"Maw","floor":41,"turns":7},{"damage":28,"enemies":"Writhing Mass","floor":47,"turns":6},{"damage":0,"enemies":"Spire Growth","floor":48,"turns":5},{"damage":51,"enemies":"Time Eater","floor":50,"turns":18}],"seed_played":"461679638225021068","potions_obtained":[{"floor":4,"key":"Regen Potion"},{"floor":4,"key":"SteroidPotion"},{"floor":4,"key":"Swift Potion"},{"floor":8,"key":"LiquidBronze"},{"floor":12,"key":"SkillPotion"},{"floor":14,"key":"SneckoOil"},{"floor":16,"key":"Block Potion"}],"is_trial":false,"path_per_floor":["M","?","M","?","M","R","E","M","T","M","R","E","R","M","R","B",null,"M","M","$","M","M","M","R","M","T","R","?","R","M","T","R","B",null,"M","M","?","M","?","R","M","R","T","?","$","R","M","M","R","B",null],"character_chosen":"DEFECT","items_purchased":["Flash of Steel","Glacier","Thinking Ahead","Bag of Preparation","Force Field"],"campfire_rested":4,"item_purchase_floors":[20,20,20,45,45],"current_hp_per_floor":[82,82,81,81,75,75,43,36,36,36,60,59,59,55,55,39,71,50,41,41,41,28,22,22,21,21,45,45,45,45,45,45,40,72,60,56,56,32,32,32,32,32,32,32,32,56,28,28,52,16],"gold":159,"neow_bonus":"TEN_PERCENT_HP_BONUS","is_prod":false,"is_daily":false,"chose_seed":false,"campfire_upgraded":8,"win_rate":0,"timestamp":1549584273,"path_taken":["M","?","?","?","?","R","E","M","T","M","R","E","R","M","R","BOSS","M","M","$","M","M","M","R","M","T","R","?","R","M","?","R","BOSS","M","M","?","?","?","R","?","R","T","?","$","R","M","M","R","BOSS"],"build_version":"2019-01-23","purchased_purges":2,"victory":true,"max_hp_per_floor":[82,82,82,82,82,82,82,82,82,82,82,82,82,82,82,82,82,82,82,82,82,82,82,82,82,82,82,82,82,82,82,82,82,82,82,82,82,82,82,82,82,82,82,82,82,82,82,82,82,82],"card_choices":[{"not_picked":["Streamline","Static Discharge"],"picked":"Stack","floor":1},{"not_picked":["Streamline","Cold Snap"],"picked":"Compile Driver","floor":3},{"not_picked":["Beam Cell","Steam"],"picked":"Loop","floor":5},{"not_picked":["Barrage","Fusion"],"picked":"Steam","floor":7},{"not_picked":["Self Repair","Barrage"],"picked":"Rainbow","floor":8},{"not_picked":["Ball Lightning","Redo"],"picked":"FTL","floor":10},{"not_picked":["Tempest","Scrape"],"picked":"Cold Snap","floor":12},{"not_picked":["Leap","Static Discharge","Turbo","Scrape"],"picked":"SKIP","floor":14},{"not_picked":["All For One","Core Surge","Machine Learning"],"picked":"Electrodynamics","floor":16},{"not_picked":["Sweeping Beam","Reinforced Body","Auto Shields"],"picked":"Chill","floor":18},{"not_picked":["Steam","Conserve Battery","Rebound"],"picked":"Go for the Eyes","floor":19},{"not_picked":["Sunder","Stack","Skim"],"picked":"Defragment","floor":21},{"not_picked":["Streamline+1","Stack","Aggregate"],"picked":"Hologram","floor":22},{"not_picked":["Static Discharge","Recycle","Beam Cell+1"],"picked":"Coolheaded","floor":23},{"not_picked":["Doom and Gloom+1","Rebound","Undo"],"picked":"Stack+1","floor":25},{"not_picked":["Stack","BootSequence","Beam Cell"],"picked":"Loop","floor":30},{"not_picked":["Reboot","Electrodynamics","Biased Cognition"],"picked":"Buffer","floor":33},{"not_picked":["Fusion+1","Go for the Eyes+1","Chill"],"picked":"Defragment","floor":35},{"not_picked":["Streamline+1","Coolheaded","Aggregate"],"picked":"Reinforced Body+1","floor":36},{"not_picked":["Compile Driver","Self Repair+1","Recycle+1"],"picked":"Coolheaded+1","floor":38},{"not_picked":["Coolheaded+1","Stack","Reboot"],"picked":"Capacitor+1","floor":41},{"not_picked":["Sweeping Beam+1","Streamline","Go for the Eyes"],"picked":"Blizzard","floor":47},{"not_picked":["FTL","Steam","Leap+1"],"picked":"Redo+1","floor":48}],"player_experience":352438,"relics_obtained":[{"floor":7,"key":"Smiling Mask"},{"floor":9,"key":"Kunai"},{"floor":12,"key":"Question Card"},{"floor":26,"key":"Pen Nib"},{"floor":31,"key":"Darkstone Periapt"},{"floor":43,"key":"Lantern"}],"event_choices":[{"damage_healed":0,"gold_gain":100,"player_choice":"Gold","damage_taken":0,"max_hp_gain":0,"max_hp_loss":0,"event_name":"Wheel of Change","floor":2,"gold_loss":0},{"damage_healed":0,"gold_gain":0,"player_choice":"Got Potions","damage_taken":0,"max_hp_gain":0,"max_hp_loss":0,"event_name":"Lab","floor":4,"gold_loss":0},{"cards_removed":["Strike_B"],"damage_healed":0,"gold_gain":0,"player_choice":"Gave Gold","damage_taken":0,"max_hp_gain":0,"max_hp_loss":0,"event_name":"Beggar","floor":28,"gold_loss":75},{"damage_healed":0,"gold_gain":0,"player_choice":"Ignored","damage_taken":0,"max_hp_gain":0,"max_hp_loss":0,"event_name":"Transmorgrifier","floor":37,"gold_loss":0},{"damage_healed":0,"gold_gain":0,"player_choice":"Forge","damage_taken":0,"max_hp_gain":0,"max_hp_loss":0,"event_name":"Accursed Blacksmith","floor":39,"gold_loss":0,"cards_upgraded":["Defragment"]},{"damage_healed":0,"gold_gain":100,"player_choice":"Pray","damage_taken":0,"max_hp_gain":0,"max_hp_loss":0,"event_name":"Golden Shrine","floor":44,"gold_loss":0}],"is_beta":false,"boss_relics":[{"not_picked":["Empty Cage","Lizard Tail"],"picked":"Sozu"},{"not_picked":["Runic Dome","Black Star"],"picked":"Philosopher\u0027s Stone"}],"items_purged_floors":[20,45],"is_endless":false,"potions_floor_spawned":[5,8,12,14,16,21,30,33,35,41,47],"ascension_level":5}