{"gold_per_floor":[113,126,142,142,161,161,190,190,190,203,220,220,236,249,249,249],"floor_reached":16,"playtime":3497,"items_purged":[],"score":122,"play_id":"bd9d4002-a97d-4c16-bc5f-ed5d59aed95d","local_time":"20180913232510","is_ascension_mode":true,"campfire_choices":[{"data":"Armaments","floor":6,"key":"SMITH"},{"floor":12,"key":"REST"},{"floor":15,"key":"REST"}],"neow_cost":"CURSE","seed_source_timestamp":166929386846992,"circlet_count":0,"master_deck":["Strike_R","Strike_R","Strike_R","Strike_R","Strike_R","Defend_R","Defend_R","Defend_R","Defend_R","Bash","Regret","Headbutt","Shrug It Off","Rampage","Armaments+1","Warcry","Flex","Shockwave","Reaper","Battle Trance"],"relics":["Burning Blood","WingedGreaves","Oddly Smooth Stone","Omamori"],"potions_floor_usage":[11,13,16],"damage_taken":[{"damage":6,"enemies":"2 Louse","floor":1,"turns":3},{"damage":8,"enemies":"Cultist","floor":2,"turns":5},{"damage":4,"enemies":"Jaw Worm","floor":3,"turns":4},{"damage":29,"enemies":"Large Slime","floor":5,"turns":8},{"damage":38,"enemies":"Lagavulin","floor":7,"turns":9},{"damage":5,"enemies":"3 Louse","floor":10,"turns":5},{"damage":11,"enemies":"2 Fungi Beasts","floor":11,"turns":3},{"damage":12,"enemies":"Exordium Wildlife","floor":13,"turns":5},{"damage":23,"enemies":"Lots of Slimes","floor":14,"turns":4},{"damage":80,"enemies":"Hexaghost","floor":16,"turns":14}],"seed_played":"8079279529405963887","potions_obtained":[{"floor":2,"key":"Ancient Potion"},{"floor":5,"key":"Strength Potion"},{"floor":11,"key":"GamblersBrew"}],"is_trial":false,"path_per_floor":["M","M","M","?","M","R","E","?","T","M","M","R","M","M","R"],"character_chosen":"IRONCLAD","items_purchased":[],"campfire_rested":2,"item_purchase_floors":[],"current_hp_per_floor":[80,78,80,80,57,57,25,25,25,26,21,45,39,42,66,0],"gold":249,"neow_bonus":"ONE_RARE_RELIC","is_prod":false,"is_daily":false,"chose_seed":false,"campfire_upgraded":1,"win_rate":0,"timestamp":1536899110,"path_taken":["M","M","M","?","?","R","E","?","T","M","M","R","M","M","R","BOSS"],"build_version":"2018-09-06","purchased_purges":0,"victory":false,"max_hp_per_floor":[80,80,80,80,80,80,80,80,80,80,80,80,80,80,80,80],"card_choices":[{"not_picked":["Body Slam","Thunderclap"],"picked":"Headbutt","floor":1},{"not_picked":["Warcry","Armaments"],"picked":"Shrug It Off","floor":2},{"not_picked":["Perfected Strike","Heavy Blade"],"picked":"Rampage","floor":3},{"not_picked":["Berserk","Cleave"],"picked":"Armaments","floor":5},{"not_picked":["Anger","Headbutt"],"picked":"Warcry","floor":7},{"not_picked":["Anger","Warcry"],"picked":"Flex","floor":10},{"not_picked":["Spot Weakness","Twin Strike"],"picked":"Shockwave","floor":11},{"not_picked":["Rupture","Armaments"],"picked":"Reaper","floor":13},{"not_picked":["Iron Wave","Wild Strike"],"picked":"Battle Trance","floor":14}],"player_experience":240108,"relics_obtained":[{"floor":7,"key":"Oddly Smooth Stone"},{"floor":9,"key":"Omamori"}],"event_choices":[{"event_name":"Wheel of Change","player_choice":"Full Heal","floor":4,"damage_taken":0},{"event_name":"Liars Game","player_choice":"disagreed","floor":8,"damage_taken":0}],"is_beta":false,"boss_relics":[],"items_purged_floors":[],"is_endless":false,"potions_floor_spawned":[2,5,11],"killed_by":"Hexaghost","ascension_level":3}