{"gold_per_floor":[117,117,42,60,84,84,116,116,116,141,141,161,171,198,198,301,301,320,336,353,364,364,364,398,408,431,431,431,431,168,195,195,293,293,310,410,420,420,104,104,138,138,187,50,50,50],"floor_reached":47,"playtime":2395,"items_purged":["Strike_B","Strike_B","Defend_B"],"score":1261,"play_id":"8a47f757-83a1-43f2-9e6f-752ab9ab30d2","local_time":"20180930004143","is_ascension_mode":true,"campfire_choices":[{"data":"Buffer","floor":6,"key":"SMITH"},{"data":"Zap","floor":8,"key":"SMITH"},{"floor":11,"key":"REST"},{"data":"Streamline","floor":15,"key":"SMITH"},{"floor":23,"key":"REST"},{"floor":28,"key":"REST"},{"data":"Strike_B","floor":32,"key":"SMITH"},{"floor":40,"key":"REST"},{"floor":42,"key":"REST"}],"neow_cost":"","seed_source_timestamp":307544330110352,"circlet_count":0,"master_deck":["Strike_B+1","Defend_B+1","Zap+1","Dualcast+1","AscendersBane","Streamline+1","Buffer+1","Leap+1","White Noise+1","Conserve Battery+1","Core Surge+1","Hologram+1","Hologram+1","Capacitor+1","Defragment+1","Writhe","Heatsinks+1","Discovery+1","Glacier+1","Electrodynamics+1","Mayhem+1","Defragment+1","White Noise+1","Static Discharge+1"],"relics":["Cracked Core","Anchor","War Paint","Toxic Egg 2","Frozen Egg 2","Pear","Nuclear Battery","Dodecahedron","Juzu Bracelet","Mummified Hand","Bronze Scales","Bag of Marbles","Empty Cage","Vajra","Whetstone"],"potions_floor_usage":[16,18,21,24,31,31,33],"damage_taken":[{"damage":1,"enemies":"Cultist","floor":1,"turns":3},{"damage":2,"enemies":"Jaw Worm","floor":4,"turns":3},{"damage":28,"enemies":"Gremlin Nob","floor":7,"turns":6},{"damage":0,"enemies":"Lagavulin","floor":10,"turns":7},{"damage":0,"enemies":"Small Slimes","floor":12,"turns":3},{"damage":1,"enemies":"Blue Slaver","floor":13,"turns":3},{"damage":0,"enemies":"Gremlin Nob","floor":14,"turns":5},{"damage":19,"enemies":"Hexaghost","floor":16,"turns":12},{"damage":0,"enemies":"Spheric Guardian","floor":18,"turns":4},{"damage":0,"enemies":"3 Byrds","floor":19,"turns":1},{"damage":8,"enemies":"Snake Plant","floor":20,"turns":6},{"damage":0,"enemies":"Centurion and Healer","floor":21,"turns":7},{"damage":25,"enemies":"Book of Stabbing","floor":24,"turns":7},{"damage":0,"enemies":"Sentry and Sphere","floor":25,"turns":5},{"damage":0,"enemies":"Slavers","floor":31,"turns":4},{"damage":15,"enemies":"Automaton","floor":33,"turns":12},{"damage":0,"enemies":"Orb Walker","floor":35,"turns":3},{"damage":0,"enemies":"3 Shapes","floor":37,"turns":1},{"damage":0,"enemies":"Giant Head","floor":41,"turns":4},{"damage":36,"enemies":"Donu and Deca","floor":46,"turns":7}],"seed_played":"-9176795426766352459","potions_obtained":[{"floor":7,"key":"SkillPotion"},{"floor":12,"key":"FearPotion"},{"floor":16,"key":"Ancient Potion"},{"floor":20,"key":"Energy Potion"},{"floor":24,"key":"Block Potion"},{"floor":25,"key":"LiquidBronze"},{"floor":31,"key":"SteroidPotion"},{"floor":33,"key":"SteroidPotion"},{"floor":35,"key":"GamblersBrew"}],"is_trial":false,"path_per_floor":["M","?","$","M","T","R","E","R","T","E","R","M","M","E","R","B",null,"M","M","M","M","?","R","E","M","T","T","R","?","$","E","R","B",null,"M","?","M","?","$","R","E","R","T","$","?","B"],"character_chosen":"DEFECT","items_purchased":["Heatsinks+1","Discovery+1","Mayhem+1","White Noise+1","Static Discharge+1"],"campfire_rested":5,"item_purchase_floors":[30,30,39,44,44],"current_hp_per_floor":[67,67,67,65,65,65,37,37,37,37,59,59,58,68,68,49,76,76,76,68,68,68,85,60,60,60,60,85,85,85,85,85,70,81,81,81,81,81,81,85,85,85,85,85,85,56],"gold":50,"neow_bonus":"","is_prod":false,"is_daily":false,"chose_seed":false,"campfire_upgraded":4,"win_rate":0,"timestamp":1538260903,"path_taken":["M","?","$","M","?","R","E","R","T","E","R","?","M","E","R","BOSS","M","?","?","M","?","R","E","M","T","?","R","?","$","E","R","BOSS","M","?","M","?","$","R","E","R","T","?","?","BOSS"],"build_version":"2018-09-27","purchased_purges":3,"victory":true,"max_hp_per_floor":[75,75,75,75,75,75,75,75,75,75,75,75,75,85,85,85,85,85,85,85,85,85,85,85,85,85,85,85,85,85,85,85,85,85,85,85,85,85,85,85,85,85,85,85,85,85],"card_choices":[{"not_picked":["Redo","Self Repair"],"picked":"Streamline","floor":1},{"not_picked":["Barrage","Chill","Undo"],"picked":"SKIP","floor":4},{"not_picked":["Cold Snap","Steam Power","FTL"],"picked":"SKIP","floor":7},{"not_picked":["Hello World","Barrage"],"picked":"Leap+1","floor":10},{"not_picked":["Redo+1","Conserve Battery+1"],"picked":"White Noise+1","floor":12},{"not_picked":["Barrage","Stack+1"],"picked":"Conserve Battery+1","floor":13},{"not_picked":["Scrape","Fusion+1","Compile Driver"],"picked":"SKIP","floor":14},{"not_picked":["Amplify+1","Rainbow+1"],"picked":"Core Surge","floor":16},{"not_picked":["Streamline","Chill+1"],"picked":"Hologram+1","floor":18},{"not_picked":["Stack+1","Beam Cell","Redo+1"],"picked":"SKIP","floor":19},{"not_picked":["Steam+1","Streamline"],"picked":"Hologram+1","floor":20},{"not_picked":["Go for the Eyes","Leap+1","Coolheaded+1"],"picked":"SKIP","floor":21},{"not_picked":["Chaos+1","Scrape"],"picked":"Capacitor+1","floor":24},{"not_picked":["Genetic Algorithm+1","Glacier+1"],"picked":"Defragment+1","floor":25},{"not_picked":["Hyperbeam","Capacitor+1"],"picked":"Glacier+1","floor":31},{"not_picked":["Seek+1","Reboot+1"],"picked":"Electrodynamics+1","floor":33},{"not_picked":["Self Repair+1","Turbo+1","Steam+1"],"picked":"SKIP","floor":35},{"not_picked":["Stack+1","Go for the Eyes+1","Leap+1"],"picked":"SKIP","floor":37},{"not_picked":["FTL","Doom and Gloom"],"picked":"Defragment+1","floor":41}],"player_experience":466481,"relics_obtained":[{"floor":5,"key":"Anchor"},{"floor":7,"key":"War Paint"},{"floor":9,"key":"Toxic Egg 2"},{"floor":10,"key":"Frozen Egg 2"},{"floor":14,"key":"Pear"},{"floor":24,"key":"Dodecahedron"},{"floor":26,"key":"Juzu Bracelet"},{"floor":27,"key":"Mummified Hand"},{"floor":31,"key":"Bag of Marbles"},{"floor":41,"key":"Vajra"},{"floor":43,"key":"Whetstone"}],"event_choices":[{"event_name":"Transmorgrifier","player_choice":"Transform","floor":2,"damage_taken":0},{"event_name":"Accursed Blacksmith","player_choice":"Forge","floor":22,"damage_taken":0},{"event_name":"The Mausoleum","player_choice":"Yes","floor":29,"damage_taken":0},{"event_name":"Golden Shrine","player_choice":"Pray","floor":36,"damage_taken":0},{"event_name":"SensoryStone","player_choice":"Memory 1","floor":38,"damage_taken":0},{"event_name":"SecretPortal","player_choice":"Took Portal.","floor":45,"damage_taken":0}],"is_beta":false,"boss_relics":[{"not_picked":["Runic Dome","Tiny House"],"picked":"Nuclear Battery"},{"not_picked":["Inserter","FrozenCore"],"picked":"Empty Cage"}],"items_purged_floors":[3,30,39],"is_endless":false,"potions_floor_spawned":[7,12,13,14,16,20,24,25,31,33,35],"ascension_level":12}