{"gold_per_floor":[118,128,148,148,148,148,0,36,36,36,60,74,74,98,98,98],"floor_reached":16,"playtime":784,"items_purged":[],"score":148,"play_id":"e5264f29-c7e2-4124-acfc-46791c7a5dc0","local_time":"20190129153936","is_ascension_mode":true,"campfire_choices":[{"data":"Cleave","floor":6,"key":"SMITH"},{"data":"Warcry","floor":10,"key":"SMITH"},{"data":"Flex","floor":15,"key":"SMITH"}],"neow_cost":"NONE","seed_source_timestamp":8828655542741,"circlet_count":0,"master_deck":["Strike_R","Strike_R","Strike_R","Strike_R","Strike_R","Defend_R","Defend_R","Defend_R","Defend_R","Bash","Exhume","Uppercut+1","Warcry+1","Cleave+1","Metallicize","Flex+1","Inflame"],"relics":["Burning Blood","Golden Idol","Juzu Bracelet","Incense Burner","Self Forming Clay","Ginger"],"potions_floor_usage":[8,12,16],"damage_taken":[{"damage":6,"enemies":"Jaw Worm","floor":1,"turns":4},{"damage":5,"enemies":"Small Slimes","floor":2,"turns":3},{"damage":1,"enemies":"2 Louse","floor":3,"turns":3},{"damage":16,"enemies":"Gremlin Nob","floor":8,"turns":3},{"damage":2,"enemies":"2 Fungi Beasts","floor":11,"turns":3},{"damage":10,"enemies":"Large Slime","floor":12,"turns":7},{"damage":8,"enemies":"Looter","floor":14,"turns":3},{"damage":46,"enemies":"Hexaghost","floor":16,"turns":9}],"seed_played":"5476218482278327741","potions_obtained":[{"floor":1,"key":"Fire Potion"},{"floor":3,"key":"LiquidBronze"},{"floor":11,"key":"Dexterity Potion"}],"is_trial":false,"path_per_floor":["?","?","$","?"],"character_chosen":"IRONCLAD","items_purchased":["Juzu Bracelet"],"campfire_rested":0,"item_purchase_floors":[7],"current_hp_per_floor":[72,73,78,58,58,58,58,48,48,48,52,48,45,43,43,0],"gold":98,"neow_bonus":"ONE_RANDOM_RARE_CARD","is_prod":false,"is_daily":false,"chose_seed":false,"campfire_upgraded":3,"win_rate":0,"timestamp":1548747576,"path_taken":["M","M","M","?","?","R","?","E","T","R","M","M","?","M","R","BOSS"],"build_version":"2019-01-23","purchased_purges":0,"victory":false,"max_hp_per_floor":[80,80,80,80,80,80,80,80,80,80,80,80,80,80,80,80],"card_choices":[{"not_picked":["Feel No Pain","Body Slam"],"picked":"Uppercut","floor":1},{"not_picked":["True Grit","Armaments"],"picked":"Warcry","floor":2},{"not_picked":["Ghostly Armor","True Grit"],"picked":"Cleave","floor":3},{"not_picked":["Sword Boomerang","Warcry","Reckless Charge"],"picked":"SKIP","floor":8},{"not_picked":["Sever Soul","Twin Strike"],"picked":"Metallicize","floor":11},{"not_picked":["Heavy Blade","Blood for Blood"],"picked":"Flex","floor":12},{"not_picked":["Reaper","Perfected Strike"],"picked":"Inflame","floor":14}],"player_experience":121174,"relics_obtained":[{"floor":8,"key":"Incense Burner"},{"floor":9,"key":"Self Forming Clay"}],"event_choices":[{"damage_healed":0,"gold_gain":0,"player_choice":"Take Damage","damage_taken":20,"relics_obtained":["Golden Idol"],"max_hp_gain":0,"max_hp_loss":0,"event_name":"Golden Idol","floor":4,"gold_loss":0},{"damage_healed":0,"gold_gain":0,"player_choice":"Grow","damage_taken":0,"max_hp_gain":0,"max_hp_loss":0,"event_name":"Living Wall","floor":5,"gold_loss":0,"cards_upgraded":["Uppercut"]},{"damage_healed":0,"gold_gain":0,"player_choice":"Success","damage_taken":3,"relics_obtained":["Ginger"],"max_hp_gain":0,"max_hp_loss":0,"event_name":"Scrap Ooze","floor":13,"gold_loss":0}],"is_beta":false,"boss_relics":[],"items_purged_floors":[],"is_endless":false,"potions_floor_spawned":[1,3,11],"killed_by":"Hexaghost","ascension_level":9}