{"gold_per_floor":[113,129,145,156,176,176,195,195,218,229,229,239,93,124,124,225,225,239,5,25,2,13,13,13],"floor_reached":24,"playtime":1871,"items_purged":["Strike_R"],"score":303,"play_id":"646b45a4-563c-4cdf-9d42-beb354ca2616","local_time":"20181019214341","is_ascension_mode":true,"campfire_choices":[{"data":"Body Slam","floor":6,"key":"SMITH"},{"floor":8,"key":"REST"},{"data":"Cleave","floor":11,"key":"SMITH"},{"floor":15,"key":"REST"},{"floor":23,"key":"REST"}],"neow_cost":"NONE","seed_source_timestamp":774644351219839,"circlet_count":0,"master_deck":["Strike_R","Strike_R","Strike_R","Strike_R","Defend_R","Defend_R","Defend_R","Defend_R","Bash","AscendersBane","Body Slam+1","Perfected Strike","Disarm","Feel No Pain","Headbutt","Cleave+1","Shockwave","Sword Boomerang","Armaments","Dual Wield","Feed","Reaper","Fire Breathing+1","Mind Blast","Heavy Blade+1","Anger","Thunderclap+1"],"relics":["Burning Blood","Smiling Mask","Ancient Tea Set","Anchor","Philosopher\u0027s Stone","Lantern"],"potions_floor_usage":[4,7,14,16,16,22,22],"damage_taken":[{"damage":6,"enemies":"Cultist","floor":1,"turns":3},{"damage":12,"enemies":"Jaw Worm","floor":2,"turns":3},{"damage":1,"enemies":"2 Louse","floor":3,"turns":3},{"damage":22,"enemies":"Gremlin Gang","floor":4,"turns":6},{"damage":21,"enemies":"Exordium Wildlife","floor":5,"turns":5},{"damage":7,"enemies":"3 Louse","floor":7,"turns":3},{"damage":9,"enemies":"Red Slaver","floor":10,"turns":4},{"damage":3,"enemies":"Large Slime","floor":12,"turns":5},{"damage":16,"enemies":"Lagavulin","floor":14,"turns":8},{"damage":52,"enemies":"Hexaghost","floor":16,"turns":13},{"damage":46,"enemies":"Shell Parasite","floor":18,"turns":6},{"damage":13,"enemies":"Spheric Guardian","floor":20,"turns":3},{"damage":20,"enemies":"Snake Plant","floor":22,"turns":2},{"damage":50,"enemies":"Shelled Parasite and Fungi","floor":24,"turns":6}],"seed_played":"707425002246066495","potions_obtained":[{"floor":1,"key":"PowerPotion"},{"floor":2,"key":"SpeedPotion"},{"floor":4,"key":"Block Potion"},{"floor":12,"key":"PowerPotion"},{"floor":14,"key":"Explosive Potion"},{"floor":16,"key":"Strength Potion"},{"floor":20,"key":"Energy Potion"}],"is_trial":false,"path_per_floor":["M","M","M","M","M","R","M","R","T","M","R","M","$","E","R","B",null,"M","$","M","$","M","R"],"character_chosen":"IRONCLAD","items_purchased":["Armaments","Dual Wield","Lantern","Mind Blast","Anger"],"campfire_rested":3,"item_purchase_floors":[13,13,19,19,21],"current_hp_per_floor":[72,66,71,55,40,40,39,63,63,60,60,63,63,53,77,31,68,37,37,30,30,16,40,0],"gold":13,"neow_bonus":"RANDOM_COMMON_RELIC","is_prod":false,"is_daily":false,"chose_seed":false,"campfire_upgraded":2,"win_rate":0,"timestamp":1540010621,"path_taken":["M","M","M","M","M","R","M","R","T","?","R","M","$","E","R","BOSS","M","$","?","$","M","R","M"],"build_version":"2018-10-18","purchased_purges":1,"victory":false,"max_hp_per_floor":[80,80,80,80,80,80,80,80,80,80,80,80,80,80,80,80,80,83,83,83,83,83,83,86],"card_choices":[{"not_picked":["Fire Breathing","Flex"],"picked":"Body Slam","floor":1},{"not_picked":["Wild Strike","Intimidate"],"picked":"Perfected Strike","floor":2},{"not_picked":["Warcry","Havoc"],"picked":"Disarm","floor":3},{"not_picked":["Bloodletting","Cleave"],"picked":"Feel No Pain","floor":4},{"not_picked":["Offering","Rage"],"picked":"Headbutt","floor":5},{"not_picked":["Twin Strike","Seeing Red"],"picked":"Cleave","floor":7},{"not_picked":["Thunderclap","Bloodletting"],"picked":"Shockwave","floor":10},{"not_picked":["True Grit","Warcry"],"picked":"Sword Boomerang","floor":12},{"not_picked":["Fire Breathing","Sword Boomerang"],"picked":"Feed","floor":14},{"not_picked":["Dark Embrace","Immolate"],"picked":"Reaper","floor":16},{"not_picked":["Thunderclap","Wild Strike"],"picked":"Fire Breathing+1","floor":18},{"not_picked":["Searing Blow","Armaments"],"picked":"Heavy Blade+1","floor":20},{"not_picked":["Fire Breathing","Body Slam"],"picked":"Thunderclap+1","floor":22}],"player_experience":353519,"relics_obtained":[{"floor":9,"key":"Ancient Tea Set"},{"floor":14,"key":"Anchor"}],"event_choices":[],"is_beta":false,"boss_relics":[{"not_picked":["Runic Cube","Runic Pyramid"],"picked":"Philosopher\u0027s Stone"}],"items_purged_floors":[13],"is_endless":false,"potions_floor_spawned":[1,2,4,12,14,16,20],"killed_by":"Shelled Parasite and Fungi","ascension_level":10}