{"gold_per_floor":[115,290,365,378,391,391,418,430,430,221,221,221,221,291,291,363,363,378,477,492,492,510,510,544,544],"floor_reached":25,"playtime":1476,"items_purged":[],"score":372,"play_id":"ef66fd17-5b97-48c8-9e73-eca01fdb6001","local_time":"20190226233811","is_ascension_mode":true,"campfire_choices":[{"data":"Neutralize","floor":6.0,"key":"SMITH"},{"floor":13.0,"key":"REST"},{"floor":15.0,"key":"REST"},{"data":"Malaise","floor":23.0,"key":"SMITH"}],"neow_cost":"NONE","seed_source_timestamp":0,"circlet_count":0,"master_deck":["AscendersBane","Defend_G","Defend_G","Defend_G","Defend_G","Defend_G","Strike_G","Strike_G","Strike_G","Strike_G","Strike_G","Survivor","Neutralize+1","Backflip","Dagger Throw","Well Laid Plans","Malaise+1","Bouncing Flask","Footwork","Leg Sweep","After Image+1","Cloak And Dagger","Dodge and Roll","Deadly Poison","Dodge and Roll"],"special_seed":0,"relics":["Ring of the Snake","NeowsBlessing","Snake Skull","Smiling Mask","Kunai","Sozu","Shuriken"],"potions_floor_usage":[],"damage_taken":[{"damage":0.0,"enemies":"2 Louse","floor":1.0,"turns":1.0},{"damage":0.0,"enemies":"Small Slimes","floor":4.0,"turns":1.0},{"damage":0.0,"enemies":"Jaw Worm","floor":5.0,"turns":1.0},{"damage":22.0,"enemies":"Lagavulin","floor":7.0,"turns":10.0},{"damage":14.0,"enemies":"Lots of Slimes","floor":8.0,"turns":6.0},{"damage":5.0,"enemies":"Hexaghost","floor":16.0,"turns":12.0},{"damage":2.0,"enemies":"3 Byrds","floor":18.0,"turns":8.0},{"damage":0.0,"enemies":"Chosen","floor":20.0,"turns":7.0},{"damage":10.0,"enemies":"Snake Plant","floor":22.0,"turns":6.0},{"damage":36.0,"enemies":"Slavers","floor":24.0,"turns":10.0},{"damage":12,"enemies":"3 Cultists","floor":25,"turns":4}],"seed_played":"-780259577212833582","potions_obtained":[{"floor":1.0,"key":"AttackPotion"}],"is_trial":false,"path_per_floor":["M","?","?","M","M","R","E","M","T","$","?","?","R","T","R","B",null,"M","?","M","?","M","R","E","M"],"character_chosen":"THE_SILENT","items_purchased":["Footwork","Leg Sweep","Block Potion"],"campfire_rested":2,"item_purchase_floors":[10,10,10],"current_hp_per_floor":[59,59,48,48,48,48,26,12,12,12,5,5,24,24,43,38,59,57,57,57,57,47,47,11,0],"gold":544,"neow_bonus":"THREE_ENEMY_KILL","is_prod":false,"is_daily":false,"chose_seed":false,"campfire_upgraded":2,"win_rate":0,"timestamp":1551220691,"path_taken":["M","?","?","M","M","R","E","M","T","$","?","?","R","?","R","BOSS","M","?","M","?","M","R","E","M"],"build_version":"2019-01-23","purchased_purges":0,"victory":false,"max_hp_per_floor":[66,66,66,66,66,66,66,66,66,66,66,66,66,66,66,66,66,66,66,66,66,66,66,66,66],"card_choices":[{"not_picked":["Concentrate","Prepared"],"picked":"Backflip","floor":1.0},{"not_picked":["Outmaneuver","Backflip"],"picked":"Dagger Throw","floor":4.0},{"not_picked":["Skewer","Deadly Poison"],"picked":"Well Laid Plans","floor":5.0},{"not_picked":["Backflip","Quick Slash"],"picked":"Malaise","floor":7.0},{"not_picked":["Dodge and Roll","Choke"],"picked":"Bouncing Flask","floor":8.0},{"not_picked":["Tools of the Trade","Storm of Steel"],"picked":"After Image","floor":16.0},{"not_picked":["Choke","Outmaneuver"],"picked":"Cloak And Dagger","floor":18.0},{"not_picked":["Acrobatics","Slice"],"picked":"Dodge and Roll","floor":20.0},{"not_picked":["Sucker Punch","Concentrate"],"picked":"Deadly Poison","floor":22.0},{"not_picked":["Flying Knee","Dagger Spray"],"picked":"Dodge and Roll","floor":24.0}],"player_experience":2327088,"relics_obtained":[{"floor":7.0,"key":"Snake Skull"},{"floor":9.0,"key":"Smiling Mask"},{"floor":14.0,"key":"Kunai"},{"floor":24.0,"key":"Shuriken"}],"event_choices":[{"damage_healed":0.0,"max_hp_gain":0.0,"max_hp_loss":0.0,"gold_gain":175.0,"event_name":"Liars Game","player_choice":"AGREE","floor":2.0,"gold_loss":0.0,"damage_taken":0.0,"cards_obtained":["Doubt"]},{"damage_healed":0.0,"max_hp_gain":0.0,"max_hp_loss":0.0,"gold_gain":75.0,"event_name":"World of Goop","player_choice":"Gather Gold","floor":3.0,"gold_loss":0.0,"damage_taken":11.0},{"cards_removed":["Doubt"],"damage_healed":0.0,"max_hp_gain":0.0,"max_hp_loss":0.0,"gold_gain":0.0,"event_name":"Golden Wing","player_choice":"Card Removal","floor":11.0,"gold_loss":0.0,"damage_taken":7.0},{"damage_healed":0.0,"max_hp_gain":0.0,"max_hp_loss":0.0,"gold_gain":0.0,"event_name":"Shining Light","player_choice":"Ignored","floor":12.0,"gold_loss":0.0,"damage_taken":0.0},{"damage_healed":0.0,"max_hp_gain":0.0,"max_hp_loss":0.0,"gold_gain":99.0,"event_name":"Nest","player_choice":"Stole From Cult","floor":19.0,"gold_loss":0.0,"damage_taken":0.0},{"damage_healed":0.0,"max_hp_gain":0.0,"max_hp_loss":0.0,"gold_gain":0.0,"event_name":"Accursed Blacksmith","player_choice":"Forge","floor":21.0,"gold_loss":0.0,"damage_taken":0.0,"cards_upgraded":["After Image"]}],"is_beta":false,"boss_relics":[{"not_picked":["Empty Cage","Runic Dome"],"picked":"Sozu"}],"items_purged_floors":[],"is_endless":false,"potions_floor_spawned":[1,20,22],"killed_by":"3 Cultists","ascension_level":14}