{"gold_per_floor":[17,32,43,118,118,118,24,54,91,128,140],"floor_reached":11,"playtime":574,"items_purged":[],"score":154,"play_id":"a7564cda-780c-4ff4-880a-51a07794695c","local_time":"20190105163918","is_ascension_mode":true,"campfire_choices":[{"data":"Bash","floor":6,"key":"SMITH"}],"neow_cost":"NO_GOLD","seed_source_timestamp":1310640048720446,"circlet_count":0,"master_deck":["AscendersBane","Strike_R","Strike_R","Strike_R","Strike_R","Defend_R","Defend_R","Defend_R","Defend_R","Bash+1","Disarm","True Grit","Anger","Clothesline","Evolve","Rampage"],"relics":["Burning Blood","Turnip","MawBank","PreservedInsect","Centennial Puzzle"],"potions_floor_usage":[3],"damage_taken":[{"damage":6,"enemies":"Cultist","floor":1,"turns":3},{"damage":0,"enemies":"2 Louse","floor":2,"turns":4},{"damage":8,"enemies":"Jaw Worm","floor":3,"turns":6},{"damage":34,"enemies":"Lagavulin","floor":8,"turns":8},{"damage":18,"enemies":"3 Sentries","floor":10,"turns":8},{"damage":15,"enemies":"Exordium Thugs","floor":11,"turns":3}],"seed_played":"5674638879563050414","potions_obtained":[{"floor":1,"key":"Energy Potion"}],"is_trial":false,"path_per_floor":["M","M","M","?","?","R","$","E","T","E","M"],"character_chosen":"IRONCLAD","items_purchased":["Clothesline","Evolve"],"campfire_rested":0,"item_purchase_floors":[7,7],"current_hp_per_floor":[68,74,72,61,54,54,54,26,26,14,0],"gold":140,"neow_bonus":"ONE_RARE_RELIC","is_prod":false,"is_daily":false,"chose_seed":false,"campfire_upgraded":1,"win_rate":0,"timestamp":1546702758,"path_taken":["M","M","M","?","?","R","$","E","T","E","M"],"build_version":"2019-01-03v4","purchased_purges":0,"victory":false,"max_hp_per_floor":[75,75,75,75,75,75,75,75,75,75,75],"card_choices":[{"not_picked":["Flex","Twin Strike"],"picked":"Disarm","floor":1},{"not_picked":["Clash","Wild Strike"],"picked":"True Grit","floor":2},{"not_picked":["Wild Strike","Flex"],"picked":"Anger","floor":3},{"not_picked":["Dark Embrace","Fiend Fire"],"picked":"Rampage","floor":8},{"not_picked":["Clash","Body Slam","Entrench"],"picked":"SKIP","floor":10}],"player_experience":819327,"relics_obtained":[{"floor":8,"key":"MawBank"},{"floor":9,"key":"PreservedInsect"},{"floor":10,"key":"Centennial Puzzle"}],"event_choices":[{"damage_healed":0,"gold_gain":75,"player_choice":"Gather Gold","damage_taken":11,"max_hp_gain":0,"max_hp_loss":0,"event_name":"World of Goop","floor":4,"gold_loss":0},{"cards_removed":["Strike_R"],"damage_healed":0,"gold_gain":0,"player_choice":"Card Removal","damage_taken":7,"max_hp_gain":0,"max_hp_loss":0,"event_name":"Golden Wing","floor":5,"gold_loss":0}],"is_beta":false,"boss_relics":[],"items_purged_floors":[],"is_endless":false,"potions_floor_spawned":[1],"killed_by":"Exordium Thugs","ascension_level":18}