{"gold_per_floor":[111,122,141,153,123,148,167,167,167,183,217,24,41,41,41,140,140,151,161,161,172,172,172],"floor_reached":23,"playtime":2467,"items_purged":[],"score":236,"play_id":"9d724c85-2664-42df-92f7-b35a76e262e0","local_time":"20180913111439","is_ascension_mode":true,"campfire_choices":[{"data":"Rage","floor":8,"key":"SMITH"},{"floor":15,"key":"REST"}],"neow_cost":"NONE","seed_source_timestamp":0,"circlet_count":0,"master_deck":["Strike_R","Strike_R","Strike_R","Strike_R","Strike_R","Defend_R","Defend_R","Defend_R","Defend_R","Bash","Wild Strike","Power Through","Inflame","Rage+1","Heavy Blade","Demon Form","Shrug It Off","Havoc","Flame Barrier","Limit Break","True Grit+1"],"special_seed":0,"relics":["Burning Blood","Boot","Orichalcum","Sundial","Shuriken","Toy Ornithopter","Cursed Key","MutagenicStrength","Bag of Preparation"],"potions_floor_usage":[10,11,13,16,19,21,23],"damage_taken":[{"damage":0.0,"enemies":"Cultist","floor":1.0,"turns":4.0},{"damage":7.0,"enemies":"Small Slimes","floor":2.0,"turns":3.0},{"damage":0.0,"enemies":"2 Louse","floor":3.0,"turns":3.0},{"damage":29.0,"enemies":"Large Slime","floor":4.0,"turns":7.0},{"damage":6.0,"enemies":"Looter","floor":5.0,"turns":4.0},{"damage":27.0,"enemies":"Gremlin Nob","floor":6.0,"turns":4.0},{"damage":5.0,"enemies":"Blue Slaver","floor":7.0,"turns":4.0},{"damage":6,"enemies":"Lots of Slimes","floor":10,"turns":6},{"damage":17,"enemies":"3 Sentries","floor":11,"turns":10},{"damage":8,"enemies":"Large Slime","floor":13,"turns":7},{"damage":22,"enemies":"The Guardian","floor":16,"turns":14},{"damage":6,"enemies":"Shell Parasite","floor":18,"turns":5},{"damage":33,"enemies":"3 Byrds","floor":19,"turns":7},{"damage":8,"enemies":"Centurion and Healer","floor":21,"turns":10},{"damage":74,"enemies":"Gremlin Leader","floor":23,"turns":6}],"seed_played":"-4932445538885794353","potions_obtained":[{"floor":4.0,"key":"AttackPotion"},{"floor":6.0,"key":"Poison Potion"},{"floor":7.0,"key":"AttackPotion"},{"floor":10,"key":"SpeedPotion"},{"floor":11,"key":"GamblersBrew"},{"floor":13,"key":"SteroidPotion"},{"floor":18,"key":"Swift Potion"}],"is_trial":false,"path_per_floor":["M","M","M","M","M","E","M","R","T","M","E","$","M","?","R","B",null,"M","M","?","M","?"],"character_chosen":"IRONCLAD","items_purchased":["Toy Ornithopter"],"campfire_rested":1,"item_purchase_floors":[12],"current_hp_per_floor":[80,79,80,57,57,36,37,37,37,37,26,26,29,34,59,48,85,85,58,58,61,61,0],"gold":172,"neow_bonus":"RANDOM_COMMON_RELIC","is_prod":false,"is_daily":false,"chose_seed":false,"campfire_upgraded":1,"win_rate":0,"timestamp":1536855279,"path_taken":["M","M","M","M","M","E","?","R","T","M","E","?","M","?","R","BOSS","M","M","?","M","?","E"],"build_version":"2018-09-06","purchased_purges":0,"victory":false,"max_hp_per_floor":[80,80,80,80,80,80,80,80,80,80,80,80,80,85,85,85,85,85,85,85,85,85,85],"card_choices":[{"not_picked":["Clothesline","Rage"],"picked":"Wild Strike","floor":1.0},{"not_picked":["Rage","Shockwave"],"picked":"Power Through","floor":2.0},{"not_picked":["True Grit","Heavy Blade"],"picked":"Inflame","floor":3.0},{"not_picked":["Searing Blow","Clothesline"],"picked":"Rage","floor":4.0},{"not_picked":["Body Slam","Shrug It Off"],"picked":"Heavy Blade","floor":5.0},{"not_picked":["Rupture","Bludgeon"],"picked":"Demon Form","floor":6.0},{"not_picked":["Flex","Warcry"],"picked":"Shrug It Off","floor":7.0},{"not_picked":["Carnage","Armaments","Heavy Blade"],"picked":"SKIP","floor":10},{"not_picked":["Headbutt","Carnage"],"picked":"Havoc","floor":11},{"not_picked":["Combust","Searing Blow"],"picked":"Flame Barrier","floor":13},{"not_picked":["Reaper","Barricade"],"picked":"Limit Break","floor":16},{"not_picked":["Perfected Strike","Armaments","Rage"],"picked":"SKIP","floor":18},{"not_picked":["Pummel","Feed"],"picked":"True Grit+1","floor":19},{"not_picked":["Clothesline","Iron Wave","Thunderclap"],"picked":"SKIP","floor":21}],"player_experience":231374,"relics_obtained":[{"floor":6.0,"key":"Orichalcum"},{"floor":9,"key":"Sundial"},{"floor":11,"key":"Shuriken"}],"event_choices":[{"event_name":"Big Fish","player_choice":"Donut","floor":14,"damage_taken":0},{"event_name":"Drug Dealer","player_choice":"Inject Mutagens","floor":20,"damage_taken":0},{"event_name":"The Mausoleum","player_choice":"Yes","floor":22,"damage_taken":0}],"is_beta":false,"boss_relics":[{"not_picked":["Fusion Hammer","Lizard Tail"],"picked":"Cursed Key"}],"items_purged_floors":[],"is_endless":false,"potions_floor_spawned":[4,6,7,10,11,13,18],"killed_by":"Gremlin Leader","ascension_level":3}