{"gold_per_floor":[119,137,137,151,151,151,182,200,200,200,267,267,277,302,302,379,379,360,360],"floor_reached":19,"playtime":648,"items_purged":[],"score":310,"play_id":"be705bdd-9189-4e98-b283-c66b8f5595e5","local_time":"20190120125740","is_ascension_mode":true,"campfire_choices":[{"data":"Anger","floor":6.0,"key":"SMITH"},{"data":"Evolve","floor":10.0,"key":"SMITH"},{"data":"Feel No Pain","floor":12.0,"key":"SMITH"},{"floor":15.0,"key":"REST"}],"neow_cost":"NONE","seed_source_timestamp":55360973434662,"circlet_count":0,"master_deck":["AscendersBane","Strike_R","Strike_R","Strike_R","Strike_R","Strike_R","Defend_R","Defend_R","Defend_R","Defend_R","Bash+1","Anger+1","Sword Boomerang","Feel No Pain+1","Evolve+1","Twin Strike","Flex","Fiend Fire","Uppercut"],"special_seed":0,"relics":["Busted Crown","Gremlin Horn","Dodecahedron","Oddly Smooth Stone","Mark of Pain"],"potions_floor_usage":[],"damage_taken":[{"damage":0.0,"enemies":"Cultist","floor":1.0,"turns":4.0},{"damage":0.0,"enemies":"Small Slimes","floor":2.0,"turns":3.0},{"damage":1.0,"enemies":"2 Louse","floor":4.0,"turns":2.0},{"damage":16.0,"enemies":"Gremlin Nob","floor":7.0,"turns":3.0},{"damage":13.0,"enemies":"Exordium Thugs","floor":8.0,"turns":4.0},{"damage":11.0,"enemies":"Blue Slaver","floor":13.0,"turns":3.0},{"damage":22.0,"enemies":"Lagavulin","floor":14.0,"turns":5.0},{"damage":38.0,"enemies":"Slime Boss","floor":16.0,"turns":6.0},{"damage":38,"enemies":"2 Thieves","floor":18,"turns":4},{"damage":34,"enemies":"Spheric Guardian","floor":19,"turns":4}],"seed_played":"-4887020605993858063","potions_obtained":[{"floor":1.0,"key":"Dexterity Potion"},{"floor":8.0,"key":"Fruit Juice"},{"floor":14.0,"key":"Regen Potion"}],"is_trial":false,"path_per_floor":["M","M","?","M","?","R","E","M","T","R","?","R","M","E","R","B",null,"M","M"],"character_chosen":"IRONCLAD","items_purchased":[],"campfire_rested":1,"item_purchase_floors":[],"current_hp_per_floor":[68,68,68,67,67,67,51,43,43,43,43,43,32,10,34,11,63,25,0],"gold":360,"neow_bonus":"BOSS_RELIC","is_prod":false,"is_daily":false,"chose_seed":false,"campfire_upgraded":3,"win_rate":0,"timestamp":1548017860,"path_taken":["M","?","?","M","?","R","E","?","T","R","?","R","M","E","R","BOSS","M","M"],"build_version":"2019-01-17v2","purchased_purges":0,"victory":false,"max_hp_per_floor":[75,75,75,75,75,75,75,80,80,80,80,80,80,80,80,80,80,80,80],"card_choices":[{"not_picked":["Rupture"],"picked":"SKIP","floor":1.0},{"not_picked":[],"picked":"Anger","floor":2.0},{"not_picked":[],"picked":"Sword Boomerang","floor":4.0},{"not_picked":[],"picked":"Feel No Pain","floor":7.0},{"not_picked":[],"picked":"Evolve","floor":8.0},{"not_picked":[],"picked":"Twin Strike","floor":13.0},{"not_picked":[],"picked":"Flex","floor":14.0},{"not_picked":[],"picked":"Fiend Fire","floor":16.0},{"not_picked":[],"picked":"Uppercut","floor":18}],"player_experience":492921,"relics_obtained":[{"floor":7.0,"key":"Gremlin Horn"},{"floor":9.0,"key":"Dodecahedron"},{"floor":14.0,"key":"Oddly Smooth Stone"}],"event_choices":[{"damage_healed":0.0,"max_hp_gain":0.0,"max_hp_loss":0.0,"gold_gain":0.0,"event_name":"Liars Game","player_choice":"Ignored","floor":3.0,"gold_loss":0.0,"damage_taken":0.0},{"damage_healed":0.0,"max_hp_gain":0.0,"max_hp_loss":0.0,"gold_gain":0.0,"event_name":"Upgrade Shrine","player_choice":"Upgraded","floor":5.0,"gold_loss":0.0,"damage_taken":0.0,"cards_upgraded":["Bash"]},{"damage_healed":0.0,"max_hp_gain":0.0,"max_hp_loss":0.0,"gold_gain":67.0,"event_name":"Golden Wing","player_choice":"Gained Gold","floor":11.0,"gold_loss":0.0,"damage_taken":0.0}],"is_beta":false,"boss_relics":[{"not_picked":["Astrolabe","Cursed Key"],"picked":"Mark of Pain"}],"items_purged_floors":[],"is_endless":false,"potions_floor_spawned":[1,8,14],"killed_by":"Spheric Guardian","ascension_level":15}