{"gold_per_floor":[215,215,290,290,290,290,306,306,306,325,358,358,388,388,388,491,491,506,521,532,550,565,565,195,195,195,195,221,221,221,240,240,335,335,349,369,369,369,72,72,82,102,102,102,113,113,113,123,123,123],"floor_reached":51,"playtime":3009,"items_purged":["Strike_R","Defend_R"],"score":978,"play_id":"80bcf2b6-b813-4bbf-a448-060780ac222d","local_time":"20190128233525","is_ascension_mode":true,"campfire_choices":[{"data":"Carnage","floor":6,"key":"SMITH"},{"data":"Bash","floor":8,"key":"SMITH"},{"data":"Flex","floor":12,"key":"SMITH"},{"floor":15,"key":"REST"},{"floor":23,"key":"REST"},{"data":"Limit Break","floor":27,"key":"SMITH"},{"floor":32,"key":"REST"},{"data":"Whirlwind","floor":40,"key":"SMITH"},{"floor":44,"key":"DIG"},{"data":"1","floor":46,"key":"LIFT"},{"data":"2","floor":49,"key":"LIFT"}],"neow_cost":"NONE","seed_source_timestamp":5964694410049,"circlet_count":0,"master_deck":["Defend_R","Defend_R+1","Defend_R","Bash+1","Carnage+1","Dark Shackles","Flex+1","Pummel+1","Shrug It Off+1","Limit Break+1","Whirlwind+1","Heavy Blade+1","Warcry+1","Spot Weakness+1","Sword Boomerang","RitualDagger","Bite","Bite","Bite","Bite","Bite","Limit Break","Flex+1","Master of Strategy"],"relics":["Burning Blood","Bottled Flame","Regal Pillow","Runic Dome","Sundial","Paper Frog","Singing Bowl","MutagenicStrength","Eternal Feather","War Paint","Shovel","Girya"],"potions_floor_usage":[11,13,20,21,50,50,50],"damage_taken":[{"damage":3,"enemies":"Jaw Worm","floor":1,"turns":5},{"damage":3,"enemies":"2 Louse","floor":7,"turns":3},{"damage":8,"enemies":"Small Slimes","floor":10,"turns":2},{"damage":34,"enemies":"Lagavulin","floor":11,"turns":9},{"damage":21,"enemies":"Gremlin Nob","floor":13,"turns":4},{"damage":47,"enemies":"The Guardian","floor":16,"turns":18},{"damage":19,"enemies":"3 Byrds","floor":18,"turns":5},{"damage":4,"enemies":"Chosen","floor":19,"turns":3},{"damage":26,"enemies":"Centurion and Healer","floor":20,"turns":5},{"damage":24,"enemies":"Snake Plant","floor":21,"turns":3},{"damage":10,"enemies":"3 Cultists","floor":22,"turns":5},{"damage":47,"enemies":"Slavers","floor":28,"turns":4},{"damage":21,"enemies":"Sentry and Sphere","floor":31,"turns":4},{"damage":27,"enemies":"Collector","floor":33,"turns":6},{"damage":16,"enemies":"Orb Walker","floor":35,"turns":2},{"damage":24,"enemies":"3 Darklings","floor":36,"turns":3},{"damage":0,"enemies":"Transient","floor":41,"turns":5},{"damage":21,"enemies":"Writhing Mass","floor":42,"turns":3},{"damage":13,"enemies":"Spire Growth","floor":45,"turns":4},{"damage":36,"enemies":"Jaw Worm Horde","floor":48,"turns":3},{"damage":83,"enemies":"Donu and Deca","floor":50,"turns":5}],"seed_played":"-3158057123981479725","potions_obtained":[{"floor":1,"key":"SpeedPotion"},{"floor":11,"key":"Swift Potion"},{"floor":18,"key":"EssenceOfSteel"},{"floor":20,"key":"Explosive Potion"},{"floor":21,"key":"GamblersBrew"},{"floor":33,"key":"Dexterity Potion"},{"floor":41,"key":"Swift Potion"}],"is_trial":false,"path_per_floor":["?","?","?","?","M","?","M","?","?","?","M","M","?","?","$","M","?","M"],"character_chosen":"IRONCLAD","items_purchased":["Sword Boomerang","Sundial","War Paint","SteroidPotion"],"campfire_rested":3,"item_purchase_floors":[24,24,39,39],"current_hp_per_floor":[75,80,69,62,62,62,65,65,65,63,35,35,22,22,62,23,70,59,63,45,29,27,67,67,61,61,61,24,24,24,19,60,49,79,71,57,57,57,57,69,87,80,80,92,95,97,97,71,83,12],"gold":123,"neow_bonus":"HUNDRED_GOLD","is_prod":false,"is_daily":false,"chose_seed":false,"campfire_upgraded":5,"win_rate":0,"timestamp":1548689725,"path_taken":["M","?","?","?","?","R","?","R","T","M","E","R","E","?","R","BOSS","M","M","M","?","M","R","$","?","T","R","E","?","?","?","R","BOSS","M","?","?","?","?","R","M","?","T","R","M","R","?","?","R","BOSS"],"build_version":"2019-01-23","purchased_purges":2,"victory":true,"max_hp_per_floor":[80,85,85,85,85,85,85,85,85,85,85,85,85,85,85,85,85,85,85,85,85,85,85,85,85,85,85,87,87,87,89,89,89,89,89,91,91,91,91,91,93,95,95,95,97,97,97,99,99,99],"card_choices":[{"not_picked":["Flex","Anger"],"picked":"Carnage","floor":1},{"not_picked":["Pommel Strike","Havoc"],"picked":"Metallicize","floor":7},{"not_picked":["Seeing Red","Carnage"],"picked":"Flex","floor":10},{"not_picked":["Warcry","Blood for Blood"],"picked":"Pummel","floor":11},{"not_picked":["Clothesline","Warcry"],"picked":"Shrug It Off","floor":13},{"not_picked":["Dark Embrace","Barricade"],"picked":"Limit Break","floor":16},{"not_picked":["Perfected Strike","Wild Strike"],"picked":"Whirlwind","floor":18},{"not_picked":["Searing Blow","Headbutt"],"picked":"Heavy Blade+1","floor":19},{"not_picked":["Shrug It Off","Reckless Charge+1"],"picked":"Warcry+1","floor":20},{"not_picked":["Rage+1","Pommel Strike+1","Havoc"],"picked":"SKIP","floor":21},{"not_picked":["Double Tap","Anger+1"],"picked":"Spot Weakness+1","floor":22},{"not_picked":["True Grit","Entrench","Intimidate"],"picked":"Singing Bowl","floor":28},{"not_picked":["Pommel Strike","Twin Strike","Armaments"],"picked":"Singing Bowl","floor":31},{"not_picked":["Juggernaut","Berserk"],"picked":"Limit Break","floor":33},{"not_picked":["Uppercut","Seeing Red+1"],"picked":"Flex+1","floor":35},{"not_picked":["Disarm+1","Shrug It Off+1","Perfected Strike+1"],"picked":"Singing Bowl","floor":36},{"not_picked":["Dramatic Entrance","Panache"],"picked":"Master of Strategy","floor":38},{"not_picked":["Seeing Red","Twin Strike","Perfected Strike+1"],"picked":"Singing Bowl","floor":41},{"not_picked":["Havoc+1","Anger","Combust+1"],"picked":"Singing Bowl","floor":42},{"not_picked":["Sword Boomerang+1","Rage+1","Whirlwind+1"],"picked":"Singing Bowl","floor":45},{"not_picked":["Pommel Strike+1","Warcry","Rampage"],"picked":"Singing Bowl","floor":48}],"player_experience":103791,"relics_obtained":[{"floor":9,"key":"Bottled Flame"},{"floor":11,"key":"Blood Vial"},{"floor":13,"key":"Regal Pillow"},{"floor":26,"key":"Paper Frog"},{"floor":28,"key":"Singing Bowl"},{"floor":43,"key":"Shovel"},{"floor":44,"key":"Girya"}],"event_choices":[{"damage_healed":0,"gold_gain":0,"player_choice":"Donut","damage_taken":0,"max_hp_gain":5,"max_hp_loss":0,"event_name":"Big Fish","floor":2,"gold_loss":0},{"damage_healed":0,"gold_gain":75,"player_choice":"Gather Gold","damage_taken":11,"max_hp_gain":0,"max_hp_loss":0,"event_name":"World of Goop","floor":3,"gold_loss":0},{"cards_removed":["Strike_R"],"damage_healed":0,"gold_gain":0,"player_choice":"Card Removal","damage_taken":7,"max_hp_gain":0,"max_hp_loss":0,"event_name":"Golden Wing","floor":4,"gold_loss":0},{"damage_healed":0,"gold_gain":0,"player_choice":"1 cards matched","damage_taken":0,"max_hp_gain":0,"max_hp_loss":0,"event_name":"Match and Keep!","floor":5,"gold_loss":0,"cards_obtained":["Dark Shackles"]},{"damage_healed":0,"gold_gain":0,"player_choice":"1 cards matched","damage_taken":0,"max_hp_gain":0,"max_hp_loss":0,"event_name":"Match and Keep!","floor":5,"gold_loss":0,"cards_obtained":["Dark Shackles"]},{"damage_healed":0,"gold_gain":0,"player_choice":"Forge","damage_taken":0,"max_hp_gain":0,"max_hp_loss":0,"event_name":"Accursed Blacksmith","floor":14,"gold_loss":0,"cards_upgraded":["Pummel"]},{"damage_healed":0,"gold_gain":0,"player_choice":"Joined the Cult","damage_taken":6,"max_hp_gain":0,"max_hp_loss":0,"event_name":"Nest","floor":25,"gold_loss":0,"cards_obtained":["RitualDagger"]},{"damage_healed":0,"gold_gain":0,"player_choice":"Became a vampire (Vial)","damage_taken":0,"max_hp_gain":0,"max_hp_loss":0,"event_name":"Vampires","floor":29,"relics_lost":["Blood Vial"],"gold_loss":0,"cards_obtained":["Bite","Bite","Bite","Bite","Bite"]},{"damage_healed":0,"gold_gain":0,"player_choice":"Inject Mutagens","damage_taken":0,"relics_obtained":["MutagenicStrength"],"max_hp_gain":0,"max_hp_loss":0,"event_name":"Drug Dealer","floor":30,"gold_loss":0},{"cards_removed":["Metallicize"],"damage_healed":0,"gold_gain":0,"player_choice":"Removed Power","damage_taken":0,"max_hp_gain":0,"max_hp_loss":0,"event_name":"Falling","floor":37,"gold_loss":0},{"damage_healed":0,"gold_gain":0,"player_choice":"Memory 1","damage_taken":0,"max_hp_gain":0,"max_hp_loss":0,"event_name":"SensoryStone","floor":38,"gold_loss":0},{"damage_healed":0,"gold_gain":0,"player_choice":"0 cards matched","damage_taken":0,"max_hp_gain":0,"max_hp_loss":0,"event_name":"Match and Keep!","floor":47,"gold_loss":0,"cards_obtained":[]}],"is_beta":false,"boss_relics":[{"not_picked":["Philosopher\u0027s Stone","Empty Cage"],"picked":"Runic Dome"},{"not_picked":["Black Star","Calling Bell"],"picked":"Eternal Feather"}],"items_purged_floors":[24,39],"is_endless":false,"potions_floor_spawned":[1,11,18,20,21,33,41],"ascension_level":7}