{"gold_per_floor":[119,44,44,44,55,55,87,100,173,248,279,345,363,363,363,435,435,453,503,428,428,357,357,390,239,239,239,239,249,268,285,285,364,364,382,382,382,44,63,63,63],"floor_reached":41,"playtime":1561,"items_purged":["Pain","Corruption"],"score":726,"play_id":"ec01e565-62c1-49aa-a5d5-98c0bfb426fa","local_time":"20190224231225","is_ascension_mode":true,"campfire_choices":[{"data":"Iron Wave","floor":6,"key":"SMITH"},{"floor":15,"key":"REST"},{"data":"The Bomb","floor":23,"key":"SMITH"},{"floor":27,"key":"REST"},{"data":"Offering","floor":32,"key":"SMITH"},{"floor":40,"key":"REST"}],"neow_cost":"CURSE","seed_source_timestamp":22823983765770,"circlet_count":0,"master_deck":["AscendersBane","Strike_R","Strike_R","Strike_R","Defend_R","Defend_R","Defend_R","Defend_R","Bash","PanicButton","The Bomb+1","Iron Wave+1","Disarm","Clothesline","Flame Barrier","Offering+1","Thunderclap","Metallicize","Juggernaut","Spot Weakness","Juggernaut","Chrysalis","Dropkick+1"],"relics":["Black Blood","Bag of Preparation","Bottled Lightning","Regal Pillow","Thread and Needle","Ancient Tea Set","Red Skull","Dodecahedron","Strawberry","Snecko Eye","Membership Card"],"potions_floor_usage":[24,24],"damage_taken":[{"damage":13,"enemies":"2 Louse","floor":1,"turns":4},{"damage":2,"enemies":"Jaw Worm","floor":5,"turns":4},{"damage":30,"enemies":"3 Sentries","floor":7,"turns":5},{"damage":1,"enemies":"Cultist","floor":8,"turns":4},{"damage":17,"enemies":"Gremlin Nob","floor":11,"turns":4},{"damage":6,"enemies":"3 Louse","floor":13,"turns":6},{"damage":16,"enemies":"The Guardian","floor":16,"turns":13},{"damage":19,"enemies":"2 Thieves","floor":18,"turns":3},{"damage":54,"enemies":"Book of Stabbing","floor":24,"turns":8},{"damage":1,"enemies":"3 Byrds","floor":29,"turns":3},{"damage":7,"enemies":"Cultist and Chosen","floor":30,"turns":5},{"damage":2,"enemies":"3 Cultists","floor":31,"turns":3},{"damage":75,"enemies":"Champ","floor":33,"turns":12},{"damage":5,"enemies":"Orb Walker","floor":35,"turns":4},{"damage":37,"enemies":"3 Darklings","floor":39,"turns":3},{"damage":99,"enemies":"Giant Head","floor":41,"turns":8}],"seed_played":"-6792120644661980397","potions_obtained":[{"floor":5,"key":"Explosive Potion"},{"floor":8,"key":"Weak Potion"},{"floor":11,"key":"Regen Potion"},{"floor":29,"key":"Poison Potion"}],"is_trial":false,"path_per_floor":["M","$","?","?","M","R","E","M","T","?","E","?","M","?","R","B",null,"M","?","?","?","$","R","E","$","T","R","T","M","M","M","R","B",null,"M","$","?","$","M","R","E"],"character_chosen":"IRONCLAD","items_purchased":["Metallicize","Red Skull","Membership Card","Chrysalis"],"campfire_rested":3,"item_purchase_floors":[22,25,38,38],"current_hp_per_floor":[61,61,61,61,65,65,41,46,46,35,24,24,24,19,56,46,68,59,59,59,59,59,59,24,24,24,61,68,77,80,82,82,17,66,71,71,71,71,44,82,0],"gold":63,"neow_bonus":"RANDOM_COLORLESS_2","is_prod":false,"is_daily":false,"chose_seed":false,"campfire_upgraded":3,"win_rate":0,"timestamp":1551067945,"path_taken":["M","$","?","?","M","R","E","?","T","?","E","?","M","?","R","BOSS","M","?","?","?","$","R","E","$","T","R","?","M","?","M","R","BOSS","M","$","?","$","M","R","E"],"build_version":"2019-02-06","purchased_purges":2,"victory":false,"max_hp_per_floor":[75,75,75,75,75,75,75,75,75,75,75,75,75,75,75,75,75,75,75,75,75,75,75,75,75,75,75,82,82,82,82,82,82,82,82,82,82,82,82,82,82],"card_choices":[{"not_picked":["Corruption","Rage"],"picked":"Iron Wave","floor":1},{"not_picked":["Dual Wield","Clash","Wild Strike"],"picked":"SKIP","floor":5},{"not_picked":["Carnage","Iron Wave"],"picked":"Disarm","floor":7},{"not_picked":["Twin Strike","Second Wind"],"picked":"Clothesline","floor":8},{"not_picked":["Carnage","Sentinel"],"picked":"Flame Barrier","floor":11},{"not_picked":["Fire Breathing","Wild Strike","Warcry"],"picked":"SKIP","floor":13},{"not_picked":["Reaper","Brutality"],"picked":"Offering","floor":16},{"not_picked":["Clash","Combust+1"],"picked":"Corruption","floor":18},{"not_picked":["Evolve","Armaments","Clothesline"],"picked":"SKIP","floor":24},{"not_picked":["Warcry","Bloodletting","Pommel Strike"],"picked":"SKIP","floor":29},{"not_picked":["Headbutt","Armaments"],"picked":"Juggernaut","floor":30},{"not_picked":["Pommel Strike","Cleave"],"picked":"Spot Weakness","floor":31},{"not_picked":["Feed","Immolate"],"picked":"Juggernaut","floor":33},{"not_picked":["Warcry","Cleave","Pommel Strike"],"picked":"SKIP","floor":35},{"not_picked":["Havoc","True Grit"],"picked":"Dropkick+1","floor":39}],"player_experience":607320,"relics_obtained":[{"floor":7,"key":"Bag of Preparation"},{"floor":9,"key":"Bottled Lightning"},{"floor":11,"key":"Regal Pillow"},{"floor":24,"key":"Ancient Tea Set"},{"floor":26,"key":"Dodecahedron"},{"floor":28,"key":"Strawberry"}],"event_choices":[{"damage_healed":0,"gold_gain":0,"player_choice":"Leave","damage_taken":0,"max_hp_gain":0,"max_hp_loss":0,"event_name":"The Cleric","floor":3,"gold_loss":0},{"cards_removed":["Strike_R"],"damage_healed":0,"gold_gain":0,"player_choice":"Purged","damage_taken":0,"max_hp_gain":0,"max_hp_loss":0,"event_name":"Purifier","floor":4,"gold_loss":0},{"damage_healed":0,"gold_gain":75,"player_choice":"Gather Gold","damage_taken":11,"max_hp_gain":0,"max_hp_loss":0,"event_name":"World of Goop","floor":10,"gold_loss":0},{"damage_healed":0,"gold_gain":66,"player_choice":"Gained Gold","damage_taken":0,"max_hp_gain":0,"max_hp_loss":0,"event_name":"Golden Wing","floor":12,"gold_loss":0},{"damage_healed":0,"gold_gain":0,"player_choice":"Success","damage_taken":5,"relics_obtained":["Thread and Needle"],"max_hp_gain":0,"max_hp_loss":0,"event_name":"Scrap Ooze","floor":14,"gold_loss":0},{"damage_healed":0,"gold_gain":50,"player_choice":"Stole From Cult","damage_taken":0,"max_hp_gain":0,"max_hp_loss":0,"event_name":"Nest","floor":19,"gold_loss":0},{"cards_removed":["Strike_R"],"damage_healed":0,"gold_gain":0,"player_choice":"Gave Gold","damage_taken":0,"max_hp_gain":0,"max_hp_loss":0,"event_name":"Beggar","floor":20,"gold_loss":75},{"damage_healed":0,"gold_gain":0,"player_choice":"Read","damage_taken":0,"max_hp_gain":0,"max_hp_loss":0,"event_name":"The Library","floor":21,"gold_loss":0,"cards_obtained":["Thunderclap"]},{"damage_healed":0,"gold_gain":0,"player_choice":"Ignored","damage_taken":0,"max_hp_gain":0,"max_hp_loss":0,"event_name":"Mysterious Sphere","floor":37,"gold_loss":0}],"is_beta":true,"boss_relics":[{"not_picked":["Cursed Key","Runic Cube"],"picked":"Black Blood"},{"not_picked":["Mark of Pain","Runic Pyramid"],"picked":"Snecko Eye"}],"items_purged_floors":[2,38],"is_endless":false,"potions_floor_spawned":[5,8,11,16,29],"killed_by":"Giant Head","ascension_level":15}