{"gold_per_floor":[216,216,236,12,187,187,213,213,213,270,329,346,346,361,361,464,464,477,490,490,490],"floor_reached":21,"playtime":1430,"items_purged":[],"score":196,"play_id":"977341be-b74c-4525-826b-4c5219283bc2","local_time":"20190226195923","is_ascension_mode":true,"campfire_choices":[{"data":"Deadly Poison","floor":6,"key":"SMITH"},{"floor":8,"key":"REST"},{"floor":13,"key":"REST"},{"floor":15,"key":"REST"}],"neow_cost":"NONE","seed_source_timestamp":370169893714182,"circlet_count":0,"master_deck":["Defend_G","Defend_G","Defend_G","Defend_G","Defend_G","Strike_G","Strike_G","Strike_G","Strike_G","Strike_G","Survivor","Neutralize","Bane","Neutralize","Deadly Poison+1","Blur","Doubt","Deflect","Sucker Punch+1","Deflect+1","Backflip+1","Burst+1","Bane+1","Well Laid Plans","Catalyst+1"],"relics":["Ring of the Snake","Strawberry","Molten Egg 2","Toxic Egg 2","Tiny Chest","Regal Pillow","Eternal Feather"],"potions_floor_usage":[10,16,16],"damage_taken":[{"damage":5,"enemies":"Small Slimes","floor":1,"turns":6},{"damage":0,"enemies":"Cultist","floor":3,"turns":4},{"damage":24,"enemies":"Lagavulin","floor":7,"turns":7},{"damage":15,"enemies":"Gremlin Nob","floor":10,"turns":5},{"damage":39,"enemies":"Gremlin Nob","floor":11,"turns":6},{"damage":0,"enemies":"2 Louse","floor":12,"turns":2},{"damage":0,"enemies":"Blue Slaver","floor":14,"turns":4},{"damage":75,"enemies":"Slime Boss","floor":16,"turns":25},{"damage":4,"enemies":"Shell Parasite","floor":18,"turns":9},{"damage":15,"enemies":"Chosen","floor":19,"turns":6},{"damage":60,"enemies":"Masked Bandits","floor":21,"turns":5}],"seed_played":"1410083137857371640","potions_obtained":[{"floor":3,"key":"GhostInAJar"},{"floor":7,"key":"Ancient Potion"},{"floor":10,"key":"Swift Potion"},{"floor":14,"key":"PowerPotion"},{"floor":19,"key":"Ancient Potion"}],"is_trial":false,"path_per_floor":["M","?","M","$","?","R","E","R","T","E","?","M","R","M","R","B",null,"M","M","?","?"],"character_chosen":"THE_SILENT","items_purchased":["Blur","Strawberry"],"campfire_rested":3,"item_purchase_floors":[4,4],"current_hp_per_floor":[65,65,65,72,72,72,48,71,71,56,17,17,55,55,77,2,77,73,58,58,0],"gold":490,"neow_bonus":"HUNDRED_GOLD","is_prod":false,"is_daily":false,"chose_seed":false,"campfire_upgraded":1,"win_rate":0,"timestamp":1551182363,"path_taken":["M","?","M","?","?","R","E","R","T","E","?","M","R","M","R","BOSS","M","M","?","?"],"build_version":"2019-01-23","purchased_purges":0,"victory":false,"max_hp_per_floor":[70,70,70,77,77,77,77,77,77,77,77,77,77,77,77,77,77,77,77,77,77],"card_choices":[{"not_picked":["Slice","Flying Knee"],"picked":"Bane","floor":1},{"not_picked":["Heel Hook","Sucker Punch"],"picked":"Deadly Poison","floor":3},{"not_picked":["Choke","Dagger Throw"],"picked":"Deflect","floor":7},{"not_picked":["Skewer+1","Blur+1"],"picked":"Sucker Punch+1","floor":10},{"not_picked":["Underhanded Strike+1","Flechettes+1"],"picked":"Deflect+1","floor":11},{"not_picked":["Acrobatics+1","Reflex+1"],"picked":"Backflip+1","floor":12},{"not_picked":["Concentrate+1","Slice+1","Quick Slash+1"],"picked":"SKIP","floor":14},{"not_picked":["After Image","Phantasmal Killer+1"],"picked":"Burst+1","floor":16},{"not_picked":["Sucker Punch+1","Acrobatics+1"],"picked":"Bane+1","floor":18},{"not_picked":["Flying Knee+1","Dagger Throw+1"],"picked":"Well Laid Plans","floor":19}],"player_experience":93400,"relics_obtained":[{"floor":7,"key":"Molten Egg 2"},{"floor":9,"key":"Toxic Egg 2"},{"floor":10,"key":"Tiny Chest"}],"event_choices":[{"damage_healed":0,"gold_gain":0,"player_choice":"1 cards matched","damage_taken":0,"max_hp_gain":0,"max_hp_loss":0,"event_name":"Match and Keep!","floor":2,"gold_loss":0,"cards_obtained":["Neutralize"]},{"damage_healed":0,"gold_gain":175,"player_choice":"AGREE","damage_taken":0,"max_hp_gain":0,"max_hp_loss":0,"event_name":"Liars Game","floor":5,"gold_loss":0,"cards_obtained":["Doubt"]},{"damage_healed":0,"gold_gain":0,"player_choice":"Searched \u00272\u0027 times","damage_taken":0,"relics_obtained":["Regal Pillow"],"max_hp_gain":0,"max_hp_loss":0,"event_name":"Dead Adventurer","floor":11,"gold_loss":0},{"damage_healed":0,"gold_gain":0,"player_choice":"Read","damage_taken":0,"max_hp_gain":0,"max_hp_loss":0,"event_name":"The Library","floor":20,"gold_loss":0,"cards_obtained":["Catalyst"]},{"damage_healed":0,"gold_gain":0,"player_choice":"Fought Bandits","damage_taken":0,"max_hp_gain":0,"max_hp_loss":0,"event_name":"Masked Bandits","floor":21,"gold_loss":0}],"is_beta":false,"boss_relics":[{"not_picked":["Calling Bell","Astrolabe"],"picked":"Eternal Feather"}],"items_purged_floors":[],"is_endless":false,"potions_floor_spawned":[3,7,10,14,19],"killed_by":"Masked Bandits","ascension_level":1}