{"gold_per_floor":[119,69,30,40,115,145,145,177,231,249,267,267,283,303,303,402,402,412,412,16,27,0,34,34,34,34,34,34,34,53,70,70,169,169,180,80,180,229,245,245,245,260,287,305,338,351,351,371,371,371],"floor_reached":50,"playtime":4621,"items_purged":["Clash","Defend_R"],"score":527,"play_id":"77929d53-4ad0-4ac8-a854-4f7c4dff3521","local_time":"20190127040440","is_ascension_mode":false,"campfire_choices":[{"floor":7,"key":"REST"},{"data":"Perfected Strike","floor":12,"key":"SMITH"},{"data":"Whirlwind","floor":15,"key":"SMITH"},{"floor":24,"key":"REST"},{"data":"Limit Break","floor":29,"key":"SMITH"},{"floor":32,"key":"REST"},{"data":"1","floor":40,"key":"LIFT"},{"floor":47,"key":"REST"},{"data":"2","floor":49,"key":"LIFT"}],"neow_cost":"NONE","seed_source_timestamp":1786822124050914,"circlet_count":0,"master_deck":["Strike_R","Strike_R","Strike_R","Strike_R","Strike_R","Defend_R","Defend_R","Bash","Perfected Strike+1","Cleave","Whirlwind+1","Inflame","Power Through","Armaments","Headbutt","Power Through","Juggernaut","Barricade","Shrug It Off","Heavy Blade","Limit Break+1","Heavy Blade","Second Wind","Double Tap","Heavy Blade","Intimidate","Double Tap","Inflame+1","Flex+1","Headbutt+1","Writhe","Pummel","Power Through+1","Berserk"],"relics":["Black Blood","Red Skull","Pen Nib","Bronze Scales","Black Star","Brimstone","Sundial","Regal Pillow","Mercury Hourglass","MutagenicStrength","Girya","Gambling Chip","Bag of Marbles","Happy Flower","Bottled Lightning"],"potions_floor_usage":[8,8,16,16,33,33,42,45,45,50,50],"damage_taken":[{"damage":7,"enemies":"Small Slimes","floor":1,"turns":4},{"damage":6,"enemies":"Jaw Worm","floor":4,"turns":2},{"damage":27,"enemies":"3 Sentries","floor":6,"turns":4},{"damage":36,"enemies":"Lagavulin","floor":8,"turns":5},{"damage":0,"enemies":"2 Louse","floor":10,"turns":2},{"damage":5,"enemies":"Large Slime","floor":11,"turns":5},{"damage":1,"enemies":"2 Fungi Beasts","floor":13,"turns":2},{"damage":0,"enemies":"Looter","floor":14,"turns":3},{"damage":38,"enemies":"The Guardian","floor":16,"turns":9},{"damage":0,"enemies":"3 Byrds","floor":18,"turns":3},{"damage":14,"enemies":"2 Thieves","floor":21,"turns":3},{"damage":48,"enemies":"Gremlin Leader","floor":23,"turns":4},{"damage":2,"enemies":"Cultist and Chosen","floor":30,"turns":3},{"damage":24,"enemies":"Snake Plant","floor":31,"turns":2},{"damage":42,"enemies":"Automaton","floor":33,"turns":6},{"damage":28,"enemies":"3 Darklings","floor":35,"turns":3},{"damage":0,"enemies":"Mind Bloom Boss Battle","floor":37,"turns":4},{"damage":46,"enemies":"2 Orb Walkers","floor":38,"turns":3},{"damage":0,"enemies":"Orb Walker","floor":39,"turns":1},{"damage":17,"enemies":"Maw","floor":42,"turns":5},{"damage":30,"enemies":"Writhing Mass","floor":44,"turns":3},{"damage":29,"enemies":"Giant Head","floor":45,"turns":4},{"damage":11,"enemies":"4 Shapes","floor":46,"turns":2},{"damage":0,"enemies":"Transient","floor":48,"turns":5},{"damage":94,"enemies":"Donu and Deca","floor":50,"turns":4}],"seed_played":"-7132547087212191067","potions_obtained":[{"floor":1,"key":"LiquidBronze"},{"floor":6,"key":"BloodPotion"},{"floor":11,"key":"Strength Potion"},{"floor":13,"key":"Swift Potion"},{"floor":16,"key":"Dexterity Potion"},{"floor":18,"key":"EssenceOfSteel"},{"floor":23,"key":"AttackPotion"},{"floor":37,"key":"Poison Potion"},{"floor":38,"key":"Block Potion"},{"floor":45,"key":"Explosive Potion"},{"floor":46,"key":"Fire Potion"}],"is_trial":false,"path_per_floor":["?","?","?","?","?","?","?","M","?","?","?","M"],"character_chosen":"IRONCLAD","items_purchased":["Whirlwind","Brimstone","Limit Break","Heavy Blade"],"campfire_rested":4,"item_purchase_floors":[3,20,20,20],"current_hp_per_floor":[79,79,79,79,68,47,71,49,49,55,56,56,61,67,67,35,80,80,80,80,72,72,30,69,69,69,54,54,54,58,40,80,44,85,67,67,77,41,51,51,72,65,65,45,26,25,65,75,75,0],"gold":371,"neow_bonus":"THREE_CARDS","is_prod":false,"is_daily":false,"chose_seed":false,"campfire_upgraded":3,"win_rate":0.0,"timestamp":1548533080,"path_taken":["M","?","$","M","?","E","R","E","T","M","M","R","M","M","R","BOSS","M","?","$","M","?","E","R","?","T","?","?","R","?","M","R","BOSS","M","$","?","?","M","R","?","M","T","M","E","?","R","M","R","BOSS"],"build_version":"2019-01-23","purchased_purges":2,"victory":false,"max_hp_per_floor":[80,80,80,80,80,80,80,80,80,80,80,80,80,80,80,80,80,80,80,80,80,80,80,80,80,80,85,85,85,85,85,85,85,85,85,85,85,85,85,85,85,85,85,85,85,85,85,85,85,85],"card_choices":[{"not_picked":["Iron Wave","Armaments"],"picked":"Perfected Strike","floor":0},{"not_picked":["Heavy Blade","Headbutt"],"picked":"Cleave","floor":1},{"not_picked":["Thunderclap","Perfected Strike"],"picked":"Inflame","floor":4},{"not_picked":["Corruption","Sword Boomerang"],"picked":"Power Through","floor":6},{"not_picked":["Body Slam","Clothesline"],"picked":"Armaments","floor":8},{"not_picked":["Uppercut","Twin Strike"],"picked":"Clash","floor":10},{"not_picked":["Sword Boomerang","Disarm"],"picked":"Headbutt","floor":11},{"not_picked":["True Grit","Corruption"],"picked":"Power Through","floor":13},{"not_picked":["Pommel Strike","Iron Wave"],"picked":"Juggernaut","floor":14},{"not_picked":["Dark Embrace","Brutality"],"picked":"Barricade","floor":16},{"not_picked":["Sword Boomerang","Perfected Strike"],"picked":"Shrug It Off","floor":18},{"not_picked":["Iron Wave","Thunderclap"],"picked":"Second Wind","floor":21},{"not_picked":["Offering","Shrug It Off"],"picked":"Double Tap","floor":23},{"not_picked":["Sever Soul+1","Whirlwind"],"picked":"Heavy Blade","floor":30},{"not_picked":["Perfected Strike","Shrug It Off"],"picked":"Intimidate","floor":31},{"not_picked":["Juggernaut","Bludgeon"],"picked":"Double Tap","floor":33},{"not_picked":["Iron Wave","Carnage"],"picked":"Inflame+1","floor":35},{"not_picked":["Clothesline+1","Perfected Strike+1"],"picked":"Flex+1","floor":37},{"not_picked":["Metallicize","Cleave+1"],"picked":"Headbutt+1","floor":38},{"not_picked":["True Grit+1","Pommel Strike+1","Armaments"],"picked":"SKIP","floor":39},{"not_picked":["Rampage+1","Flex"],"picked":"Pummel","floor":42},{"not_picked":["Shrug It Off","Whirlwind+1"],"picked":"Power Through+1","floor":44},{"not_picked":["Shrug It Off","Whirlwind"],"picked":"Berserk","floor":45},{"not_picked":["Pommel Strike","Heavy Blade","Iron Wave"],"picked":"SKIP","floor":46},{"not_picked":["Power Through+1","Rampage","Armaments+1"],"picked":"SKIP","floor":48}],"player_experience":14913,"relics_obtained":[{"floor":6,"key":"Red Skull"},{"floor":8,"key":"Pen Nib"},{"floor":9,"key":"Bronze Scales"},{"floor":23,"key":"Sundial"},{"floor":23,"key":"Regal Pillow"},{"floor":26,"key":"Mercury Hourglass"},{"floor":37,"key":"Girya"},{"floor":38,"key":"Gambling Chip"},{"floor":43,"key":"Bag of Marbles"},{"floor":45,"key":"Happy Flower"},{"floor":45,"key":"Bottled Lightning"}],"event_choices":[{"cards_removed":["Defend_R"],"damage_healed":0,"gold_gain":0,"player_choice":"Card Removal","damage_taken":0,"max_hp_gain":0,"max_hp_loss":0,"event_name":"The Cleric","floor":2,"gold_loss":50},{"damage_healed":0,"gold_gain":75,"player_choice":"Gather Gold","damage_taken":11,"max_hp_gain":0,"max_hp_loss":0,"event_name":"World of Goop","floor":5,"gold_loss":0},{"damage_healed":0,"gold_gain":0,"player_choice":"Read","damage_taken":0,"max_hp_gain":0,"max_hp_loss":0,"event_name":"The Library","floor":19,"gold_loss":0,"cards_obtained":["Heavy Blade"]},{"damage_healed":0,"gold_gain":0,"player_choice":"Paid Fearfully","damage_taken":0,"max_hp_gain":0,"max_hp_loss":0,"event_name":"Masked Bandits","floor":22,"gold_loss":27},{"damage_healed":0,"gold_gain":0,"player_choice":"Shed Blood","damage_taken":20,"max_hp_gain":5,"max_hp_loss":0,"event_name":"Forgotten Altar","floor":27,"gold_loss":0},{"damage_healed":0,"gold_gain":0,"player_choice":"Inject Mutagens","damage_taken":0,"relics_obtained":["MutagenicStrength"],"max_hp_gain":0,"max_hp_loss":0,"event_name":"Drug Dealer","floor":28,"gold_loss":0},{"damage_healed":0,"gold_gain":0,"player_choice":"Fight","damage_taken":0,"max_hp_gain":0,"max_hp_loss":0,"event_name":"MindBloom","floor":37,"gold_loss":0},{"damage_healed":0,"gold_gain":0,"player_choice":"Fight","damage_taken":0,"max_hp_gain":0,"max_hp_loss":0,"event_name":"Mysterious Sphere","floor":38,"gold_loss":0},{"damage_healed":21,"gold_gain":0,"player_choice":"Writhe","damage_taken":0,"max_hp_gain":0,"max_hp_loss":0,"event_name":"Winding Halls","floor":41,"gold_loss":0,"cards_obtained":["Writhe"]}],"is_beta":false,"boss_relics":[{"not_picked":["Sozu","Velvet Choker"],"picked":"Black Star"},{"not_picked":["Philosopher\u0027s Stone","Astrolabe"],"picked":"Black Blood"}],"items_purged_floors":[20,36],"is_endless":false,"potions_floor_spawned":[1,6,11,13,16,18,23,30,37,38,45,46],"killed_by":"Donu and Deca","ascension_level":0}