{"gold_per_floor":[115,125,125,144,154,154,188,188,188,198,218,36,65,79,79,152,202,215,215,232,100,100,127,127],"floor_reached":24,"playtime":1332,"items_purged":["Carnage"],"score":410,"play_id":"b9288bcc-c1b4-448c-8d05-406f0033ac78","local_time":"20190224001326","is_ascension_mode":true,"campfire_choices":[{"data":"Intimidate","floor":6,"key":"SMITH"},{"data":"Flame Barrier","floor":15,"key":"SMITH"}],"neow_cost":"PERCENT_DAMAGE","seed_source_timestamp":570181947040430,"circlet_count":0,"master_deck":["AscendersBane","Strike_R","Strike_R","Strike_R","Strike_R","Strike_R","Defend_R","Defend_R","Defend_R+1","Defend_R","Bash","Warcry","Intimidate+1","Flame Barrier+1","Sword Boomerang","Immolate","Anger","Violence","Shrug It Off","Fiend Fire","Blood for Blood","Havoc","Anger","Seeing Red"],"relics":["Burning Blood","Mango","Orichalcum","Matryoshka","Anchor","Potion Belt","Meat on the Bone","Blue Candle","Bottled Flame","Tiny House","Sundial","Ornamental Fan"],"potions_floor_usage":[7,16,18,23,23,23,24],"damage_taken":[{"damage":1,"enemies":"Cultist","floor":1,"turns":4},{"damage":7,"enemies":"Jaw Worm","floor":2,"turns":2},{"damage":8,"enemies":"Small Slimes","floor":4,"turns":3},{"damage":0,"enemies":"3 Louse","floor":5,"turns":4},{"damage":16,"enemies":"3 Sentries","floor":7,"turns":9},{"damage":1,"enemies":"Exordium Thugs","floor":10,"turns":4},{"damage":0,"enemies":"Lots of Slimes","floor":11,"turns":2},{"damage":20,"enemies":"Gremlin Nob","floor":13,"turns":4},{"damage":1,"enemies":"Looter","floor":14,"turns":4},{"damage":54,"enemies":"The Guardian","floor":16,"turns":14},{"damage":19,"enemies":"Chosen","floor":18,"turns":5},{"damage":22,"enemies":"Spheric Guardian","floor":20,"turns":4},{"damage":49,"enemies":"Gremlin Leader","floor":23,"turns":5},{"damage":31,"enemies":"Chosen and Byrds","floor":24,"turns":5}],"seed_played":"-7329161036047848063","potions_obtained":[{"floor":4,"key":"Swift Potion"},{"floor":5,"key":"SneckoOil"},{"floor":10,"key":"PowerPotion"},{"floor":11,"key":"Dexterity Potion"},{"floor":13,"key":"Swift Potion"},{"floor":16,"key":"Energy Potion"}],"is_trial":false,"path_per_floor":["M","M","?","M","M","R","E","T","T","M","M","$","E","M","R","B",null,"M","?","M","$","T","E","M"],"character_chosen":"IRONCLAD","items_purchased":["Violence","PowerPotion"],"campfire_rested":0,"item_purchase_floors":[12,21],"current_hp_per_floor":[69,68,57,55,61,61,51,51,51,56,62,62,60,65,65,29,79,66,66,62,62,62,31,0],"gold":127,"neow_bonus":"ONE_RARE_RELIC","is_prod":false,"is_daily":false,"chose_seed":false,"campfire_upgraded":2,"win_rate":0,"timestamp":1550996006,"path_taken":["M","?","?","M","M","R","E","?","T","M","?","$","E","M","R","BOSS","M","?","?","$","?","E","M"],"build_version":"2019-01-23","purchased_purges":1,"victory":false,"max_hp_per_floor":[89,89,89,89,89,89,89,89,89,89,89,89,89,89,89,89,94,94,94,94,94,94,94,94],"card_choices":[{"not_picked":["Flex","Intimidate"],"picked":"Carnage","floor":1},{"not_picked":["Clothesline","Anger"],"picked":"Warcry","floor":2},{"not_picked":["Entrench","Carnage"],"picked":"Intimidate","floor":4},{"not_picked":["Entrench","Shockwave"],"picked":"Flame Barrier","floor":5},{"not_picked":["Armaments","Sever Soul"],"picked":"Sword Boomerang","floor":7},{"not_picked":["Warcry","Iron Wave"],"picked":"Immolate","floor":10},{"not_picked":["Flex","Cleave"],"picked":"Anger","floor":11},{"not_picked":["Dropkick","Reckless Charge"],"picked":"Shrug It Off","floor":13},{"not_picked":["Sever Soul","Wild Strike","Carnage"],"picked":"SKIP","floor":14},{"not_picked":["Berserk","Juggernaut"],"picked":"Fiend Fire","floor":16},{"not_picked":["Reckless Charge","Bloodletting"],"picked":"Blood for Blood","floor":17},{"not_picked":["Sword Boomerang","Havoc","Rampage"],"picked":"SKIP","floor":18},{"not_picked":["Sword Boomerang","Rampage"],"picked":"Havoc","floor":18},{"not_picked":["Perfected Strike","Pommel Strike"],"picked":"Seeing Red","floor":20},{"not_picked":["Iron Wave","Clash","Flex"],"picked":"SKIP","floor":23}],"player_experience":549079,"relics_obtained":[{"floor":7,"key":"Matryoshka"},{"floor":8,"key":"Anchor"},{"floor":8,"key":"Potion Belt"},{"floor":9,"key":"Meat on the Bone"},{"floor":9,"key":"Blue Candle"},{"floor":13,"key":"Bottled Flame"},{"floor":22,"key":"Sundial"},{"floor":23,"key":"Ornamental Fan"}],"event_choices":[{"damage_healed":0,"gold_gain":0,"player_choice":"Success","damage_taken":11,"relics_obtained":["Orichalcum"],"max_hp_gain":0,"max_hp_loss":0,"event_name":"Scrap Ooze","floor":3,"gold_loss":0},{"damage_healed":0,"gold_gain":0,"player_choice":"Copied","damage_taken":0,"max_hp_gain":0,"max_hp_loss":0,"event_name":"Duplicator","floor":19,"gold_loss":0,"cards_obtained":["Anger"]}],"is_beta":false,"boss_relics":[{"not_picked":["Black Blood","Velvet Choker"],"picked":"Tiny House"}],"items_purged_floors":[21],"is_endless":false,"potions_floor_spawned":[4,5,10,11,13,16],"killed_by":"Chosen and Byrds","ascension_level":16}