{"gold_per_floor":[118,13,31,51,51,51,83,99,170,170,140,174,46,73,73,170,170,187,102,119,119,119,119,151,166,190,217,217,230,264,283,283,381,381,391,491,270,282,335,335,335,348,348,375,375,387,404,418,418,418],"floor_reached":51,"playtime":3990,"items_purged":["Writhe"],"score":1433,"play_id":"5f282993-d4e6-4840-af43-2534bec03af0","local_time":"20181210140356","is_ascension_mode":true,"campfire_choices":[{"data":"After Image","floor":6.0,"key":"SMITH"},{"data":"Footwork","floor":10.0,"key":"SMITH"},{"data":"Neutralize","floor":15.0,"key":"SMITH"},{"data":"Blade Dance","floor":23.0,"key":"SMITH"},{"data":"Adrenaline","floor":28.0,"key":"SMITH"},{"data":"Sucker Punch","floor":32.0,"key":"SMITH"},{"data":"Berserk","floor":40,"key":"SMITH"},{"data":"Choke","floor":49,"key":"SMITH"}],"neow_cost":"CURSE","seed_source_timestamp":0,"circlet_count":0,"master_deck":["AscendersBane","Defend_G+1","Defend_G+1","Defend_G+1","Defend_G+1","Strike_G+1","Strike_G+1","Strike_G+1","Strike_G+1","Strike_G+1","Survivor","Neutralize+1","After Image+1","Dagger Spray+1","Footwork+1","Calculated Gamble","All Out Attack","Flying Knee+1","Footwork","Predator","Tools of the Trade","Underhanded Strike","Blur","Adrenaline+1","Flechettes","Blade Dance+1","Dodge and Roll+1","After Image+1","Endless Agony+1","Choke+1","PiercingWail+1","Sucker Punch+1","Backflip","Backflip","Berserk+1","Blade Dance","Deflect","Twin Strike","Choke+1"],"special_seed":0,"relics":["Ring of the Snake","Thread and Needle","Whetstone","Shuriken","Paper Crane","Prayer Wheel","Busted Crown","Oddly Smooth Stone","StoneCalendar","Bronze Scales","Darkstone Periapt","Bag of Preparation","Runic Pyramid","Torii","PrismaticShard","Lantern","Question Card","Bottled Tornado"],"potions_floor_usage":[33,50],"damage_taken":[{"damage":7.0,"enemies":"Cultist","floor":1.0,"turns":6.0},{"damage":2.0,"enemies":"2 Louse","floor":3.0,"turns":2.0},{"damage":0.0,"enemies":"Small Slimes","floor":4.0,"turns":3.0},{"damage":7.0,"enemies":"3 Sentries","floor":7.0,"turns":8.0},{"damage":2.0,"enemies":"Exordium Wildlife","floor":8.0,"turns":6.0},{"damage":0.0,"enemies":"Looter","floor":11.0,"turns":4.0},{"damage":19.0,"enemies":"Gremlin Nob","floor":12.0,"turns":5.0},{"damage":14.0,"enemies":"3 Sentries","floor":14.0,"turns":6.0},{"damage":0.0,"enemies":"The Guardian","floor":16.0,"turns":13.0},{"damage":7.0,"enemies":"Chosen","floor":18.0,"turns":5.0},{"damage":0.0,"enemies":"Spheric Guardian","floor":20.0,"turns":3.0},{"damage":0.0,"enemies":"Book of Stabbing","floor":24.0,"turns":6.0},{"damage":0.0,"enemies":"Centurion and Healer","floor":25.0,"turns":6.0},{"damage":13.0,"enemies":"Slavers","floor":27.0,"turns":4.0},{"damage":3.0,"enemies":"Sentry and Sphere","floor":29.0,"turns":5.0},{"damage":0.0,"enemies":"Gremlin Leader","floor":30.0,"turns":7.0},{"damage":0.0,"enemies":"Shelled Parasite and Fungi","floor":31.0,"turns":6.0},{"damage":0,"enemies":"Automaton","floor":33,"turns":12},{"damage":0,"enemies":"3 Darklings","floor":35,"turns":4},{"damage":0,"enemies":"Mind Bloom Boss Battle","floor":36,"turns":6},{"damage":0,"enemies":"3 Shapes","floor":38,"turns":5},{"damage":0,"enemies":"Writhing Mass","floor":42,"turns":7},{"damage":0,"enemies":"Giant Head","floor":44,"turns":8},{"damage":1,"enemies":"Maw","floor":46,"turns":7},{"damage":1,"enemies":"4 Shapes","floor":47,"turns":5},{"damage":0,"enemies":"Writhing Mass","floor":48,"turns":7},{"damage":28,"enemies":"Time Eater","floor":50,"turns":14}],"seed_played":"2885450145191199141","potions_obtained":[{"floor":1.0,"key":"Poison Potion"},{"floor":3.0,"key":"Block Potion"},{"floor":7.0,"key":"LiquidBronze"},{"floor":12.0,"key":"SpeedPotion"},{"floor":16.0,"key":"Block Potion"},{"floor":18.0,"key":"Energy Potion"},{"floor":24.0,"key":"Fruit Juice"},{"floor":27.0,"key":"GamblersBrew"},{"floor":30.0,"key":"PowerPotion"},{"floor":38,"key":"GamblersBrew"},{"floor":44,"key":"PowerPotion"},{"floor":48,"key":"Ancient Potion"}],"is_trial":false,"path_per_floor":["M","$","M","M","M","T","R","E","M","T","R","M","E","$","E","R","B",null,"M","?","M","?","?","R","E","M","T","E","R","M","E","M","R","B",null,"M","?","$","M","T","R","?","M","T","E","?","M","M","M","R","B",null],"character_chosen":"THE_SILENT","items_purchased":["Footwork","Calculated Gamble","Underhanded Strike","Backflip","PrismaticShard"],"campfire_rested":0,"item_purchase_floors":[2,2,13,37,37],"current_hp_per_floor":[56,56,54,54,54,54,47,45,45,45,45,26,26,12,12,12,56,49,49,49,49,49,49,54,54,54,41,41,38,38,38,38,38,66,66,66,66,66,66,66,66,66,66,66,66,65,64,64,64,36],"gold":418,"neow_bonus":"THREE_RARE_CARDS","is_prod":false,"is_daily":false,"chose_seed":false,"campfire_upgraded":8,"win_rate":0,"timestamp":1544447036,"path_taken":["M","$","M","M","?","R","E","M","T","R","M","E","$","E","R","BOSS","M","?","M","?","?","R","E","?","T","E","R","M","E","M","R","BOSS","M","?","$","M","?","R","?","M","T","E","?","?","M","M","R","BOSS"],"build_version":"2018-12-06","purchased_purges":1,"victory":true,"max_hp_per_floor":[70,70,70,70,70,70,70,70,70,70,70,70,70,70,70,70,70,70,70,70,70,70,70,75,75,75,75,75,75,75,75,75,75,75,75,75,75,75,75,75,75,75,75,75,75,75,75,75,75,75],"card_choices":[{"not_picked":["Doppelganger","Storm of Steel"],"picked":"After Image","floor":0.0},{"not_picked":["Prepared","Accuracy"],"picked":"Dagger Spray","floor":1.0},{"not_picked":["Dash","Tactician"],"picked":"All Out Attack","floor":3.0},{"not_picked":["Poisoned Stab","Bouncing Flask"],"picked":"Flying Knee","floor":4.0},{"not_picked":["Poisoned Stab","Noxious Fumes"],"picked":"Footwork","floor":7.0},{"not_picked":["Concentrate","Sucker Punch","Blade Dance"],"picked":"SKIP","floor":8.0},{"not_picked":["Quick Slash","Prepared"],"picked":"Predator","floor":11.0},{"not_picked":["Flying Knee","Poisoned Stab"],"picked":"Tools of the Trade","floor":12.0},{"not_picked":["Flying Knee","Predator"],"picked":"Blur","floor":14.0},{"not_picked":["Night Terror","Grand Finale"],"picked":"Adrenaline","floor":16.0},{"not_picked":[],"picked":"Flechettes","floor":18.0},{"not_picked":["Flying Knee"],"picked":"SKIP","floor":18.0},{"not_picked":[],"picked":"Blade Dance","floor":20.0},{"not_picked":[],"picked":"Dodge and Roll+1","floor":20.0},{"not_picked":["Outmaneuver"],"picked":"SKIP","floor":24.0},{"not_picked":[],"picked":"Endless Agony+1","floor":25.0},{"not_picked":["Dagger Throw"],"picked":"SKIP","floor":25.0},{"not_picked":["Quick Slash"],"picked":"SKIP","floor":27.0},{"not_picked":["Quick Slash"],"picked":"SKIP","floor":27.0},{"not_picked":[],"picked":"Choke","floor":29.0},{"not_picked":[],"picked":"PiercingWail+1","floor":29.0},{"not_picked":["Concentrate"],"picked":"SKIP","floor":30.0},{"not_picked":[],"picked":"Sucker Punch","floor":31.0},{"not_picked":["PiercingWail+1"],"picked":"SKIP","floor":31.0},{"not_picked":[],"picked":"Backflip","floor":35},{"not_picked":["Flying Knee"],"picked":"SKIP","floor":35},{"not_picked":["Anger+1"],"picked":"SKIP","floor":38},{"not_picked":["Berserk"],"picked":"SKIP","floor":38},{"not_picked":[],"picked":"Berserk","floor":38},{"not_picked":["Anger+1"],"picked":"SKIP","floor":38},{"not_picked":["Feel No Pain"],"picked":"SKIP","floor":42},{"not_picked":["Perfected Strike"],"picked":"SKIP","floor":42},{"not_picked":["Force Field"],"picked":"Blade Dance","floor":44},{"not_picked":["Leg Sweep"],"picked":"Twin Strike","floor":46},{"not_picked":["Impatience+1","Rebound"],"picked":"SKIP","floor":46},{"not_picked":["Dagger Throw","Blade Dance"],"picked":"SKIP","floor":47},{"not_picked":["Prepared","Setup+1"],"picked":"SKIP","floor":47},{"not_picked":["Cold Snap"],"picked":"Choke+1","floor":48},{"not_picked":["Infinite Blades","Loop"],"picked":"SKIP","floor":48},{"not_picked":["Infinite Blades","Loop"],"picked":"SKIP","floor":48}],"player_experience":728403,"relics_obtained":[{"floor":5.0,"key":"Thread and Needle"},{"floor":7.0,"key":"Whetstone"},{"floor":9.0,"key":"Shuriken"},{"floor":12.0,"key":"Paper Crane"},{"floor":14.0,"key":"Prayer Wheel"},{"floor":24.0,"key":"StoneCalendar"},{"floor":26.0,"key":"Bronze Scales"},{"floor":27.0,"key":"Darkstone Periapt"},{"floor":30.0,"key":"Bag of Preparation"},{"floor":36,"key":"Torii"},{"floor":39,"key":"Lantern"},{"floor":43,"key":"Question Card"},{"floor":44,"key":"Bottled Tornado"}],"event_choices":[{"damage_healed":0.0,"max_hp_gain":0.0,"max_hp_loss":0.0,"gold_gain":0.0,"event_name":"Addict","player_choice":"Obtained Relic","floor":19.0,"gold_loss":85.0,"damage_taken":0.0,"relics_obtained":["Oddly Smooth Stone"]},{"damage_healed":0.0,"max_hp_gain":0.0,"max_hp_loss":0.0,"gold_gain":0.0,"event_name":"Back to Basics","player_choice":"Simplicity","floor":21.0,"gold_loss":0.0,"damage_taken":0.0,"cards_upgraded":["Defend_G","Defend_G","Defend_G","Defend_G","Defend_G","Strike_G","Strike_G","Strike_G","Strike_G","Strike_G"]},{"damage_healed":0.0,"max_hp_gain":0.0,"max_hp_loss":0.0,"gold_gain":0.0,"event_name":"Duplicator","player_choice":"Copied","floor":22.0,"gold_loss":0.0,"damage_taken":0.0,"cards_obtained":["After Image"]},{"damage_healed":0,"gold_gain":0,"player_choice":"Fight","damage_taken":0,"max_hp_gain":0,"max_hp_loss":0,"event_name":"MindBloom","floor":36,"gold_loss":0},{"damage_healed":0,"gold_gain":0,"player_choice":"Memory 1","damage_taken":0,"max_hp_gain":0,"max_hp_loss":0,"event_name":"SensoryStone","floor":41,"gold_loss":0},{"damage_healed":0,"gold_gain":0,"cards_transformed":["Defend_G"],"player_choice":"Transformed","damage_taken":0,"max_hp_gain":0,"max_hp_loss":0,"event_name":"Transmorgrifier","floor":45,"gold_loss":0,"cards_obtained":["Deflect"]}],"is_beta":false,"boss_relics":[{"not_picked":["Lizard Tail","Calling Bell"],"picked":"Busted Crown"},{"not_picked":["Black Star","Coffee Dripper"],"picked":"Runic Pyramid"}],"items_purged_floors":[13],"is_endless":false,"potions_floor_spawned":[1,3,7,12,16,18,24,27,30,38,44,47,48],"ascension_level":12}