{"gold_per_floor":[114,114,114,134,147,147,185,185,185,201,201,225,249,10,10,10],"floor_reached":16,"playtime":3589,"items_purged":["Strike_R"],"score":194,"play_id":"bc684d6a-e68a-4b67-8028-bf45e4ca0212","local_time":"20181213203959","is_ascension_mode":true,"campfire_choices":[{"data":"True Grit","floor":6,"key":"SMITH"},{"data":"Body Slam","floor":8,"key":"SMITH"},{"data":"Rupture","floor":15,"key":"SMITH"}],"neow_cost":"NONE","seed_source_timestamp":26766639829128,"circlet_count":0,"master_deck":["AscendersBane","Strike_R","Strike_R","Strike_R+1","Defend_R","Defend_R","Defend_R","Defend_R","Bash+1","Combust","True Grit+1","Anger","Body Slam+1","True Grit+1","Intimidate+1","Evolve","Immolate","Rupture+1"],"relics":["Burning Blood","Golden Idol","Bottled Tornado","Toxic Egg 2"],"potions_floor_usage":[7],"damage_taken":[{"damage":8,"enemies":"2 Louse","floor":1,"turns":4},{"damage":12,"enemies":"Small Slimes","floor":4,"turns":3},{"damage":4,"enemies":"Jaw Worm","floor":5,"turns":4},{"damage":21,"enemies":"Lagavulin","floor":7,"turns":8},{"damage":10,"enemies":"Exordium Thugs","floor":10,"turns":4},{"damage":14,"enemies":"Gremlin Gang","floor":12,"turns":5},{"damage":3,"enemies":"Blue Slaver","floor":13,"turns":4},{"damage":24,"enemies":"Hexaghost","floor":16,"turns":9}],"seed_played":"-7437358028930746047","potions_obtained":[{"floor":1,"key":"SpeedPotion"}],"is_trial":false,"path_per_floor":["M","?","?","M","M","R","E","R","T","M","?","M","M","$","R","B"],"character_chosen":"IRONCLAD","items_purchased":["Immolate","Rupture"],"campfire_rested":0,"item_purchase_floors":[14,14],"current_hp_per_floor":[73,48,48,42,44,44,29,29,29,25,25,17,20,20,20,0],"gold":10,"neow_bonus":"TEN_PERCENT_HP_BONUS","is_prod":false,"is_daily":false,"chose_seed":false,"campfire_upgraded":3,"win_rate":0,"timestamp":1544729999,"path_taken":["M","?","?","M","M","R","E","R","T","M","?","?","M","$","R","BOSS"],"build_version":"2018-12-06","purchased_purges":1,"victory":false,"max_hp_per_floor":[82,82,74,74,74,74,74,74,74,74,74,74,74,74,74,74],"card_choices":[{"not_picked":["Pommel Strike","Heavy Blade"],"picked":"Combust","floor":1},{"not_picked":["Clash","Bloodletting"],"picked":"True Grit","floor":4},{"not_picked":["Heavy Blade","Warcry"],"picked":"Anger","floor":5},{"not_picked":["Clash","Power Through"],"picked":"Body Slam","floor":7},{"not_picked":["Carnage","Twin Strike"],"picked":"True Grit+1","floor":10},{"not_picked":["Dropkick","Power Through+1"],"picked":"Intimidate+1","floor":12},{"not_picked":["Whirlwind","Dual Wield+1"],"picked":"Evolve","floor":13}],"player_experience":746736,"relics_obtained":[{"floor":7,"key":"Bottled Tornado"},{"floor":9,"key":"Toxic Egg 2"}],"event_choices":[{"damage_healed":0,"gold_gain":0,"player_choice":"Entered Light","damage_taken":25,"max_hp_gain":0,"max_hp_loss":0,"event_name":"Shining Light","floor":2,"gold_loss":0,"cards_upgraded":["Strike_R","Bash"]},{"damage_healed":0,"gold_gain":0,"player_choice":"Lose Max HP","damage_taken":0,"relics_obtained":["Golden Idol"],"max_hp_gain":0,"max_hp_loss":8,"event_name":"Golden Idol","floor":3,"gold_loss":0},{"cards_removed":["Strike_R"],"damage_healed":0,"gold_gain":0,"player_choice":"Forget","damage_taken":0,"max_hp_gain":0,"max_hp_loss":0,"event_name":"Living Wall","floor":11,"gold_loss":0}],"is_beta":false,"boss_relics":[],"items_purged_floors":[14],"is_endless":false,"potions_floor_spawned":[1],"killed_by":"Hexaghost","ascension_level":18}