{"gold_per_floor":[114,134,144,99,118,118,152,152,152,152,170,17,17,48,48,144,144,161,177,177,177,194,194,226,246,295,295,40,40,139,152,152,255,255,268,268,568,588,18,18,48,48,127,127,162,162,262,280,280,280],"floor_reached":51,"playtime":3150,"items_purged":["Strike_G","Defend_G"],"score":1051,"play_id":"23abb14b-18e9-463a-a5b6-bd55525fd88d","local_time":"20190226151732","is_ascension_mode":true,"campfire_choices":[{"data":"Burst","floor":6.0,"key":"SMITH"},{"floor":8.0,"key":"REST"},{"data":"Catalyst","floor":10.0,"key":"SMITH"},{"floor":15.0,"key":"REST"},{"floor":23.0,"key":"REST"},{"floor":27,"key":"REST"},{"data":"Catalyst","floor":29,"key":"SMITH"},{"data":"Catalyst","floor":32,"key":"SMITH"},{"data":"Bullet Time","floor":40,"key":"SMITH"},{"data":"Tactician","floor":42,"key":"SMITH"},{"data":"Leg Sweep","floor":46,"key":"SMITH"},{"data":"Crippling Poison","floor":49,"key":"SMITH"}],"neow_cost":"PERCENT_DAMAGE","seed_source_timestamp":0,"circlet_count":0,"master_deck":["Defend_G","Defend_G","Defend_G","Survivor","Neutralize","Escape Plan","Burst+1","Dagger Spray","Tactician+1","PiercingWail","Poisoned Stab","Catalyst+1","Dodge and Roll","Backflip","Catalyst+1","Tools of the Trade","Poisoned Stab","Bullet Time+1","Backflip+1","Catalyst+1","Underhanded Strike","Expertise","Tools of the Trade+1","Catalyst+1","Well Laid Plans+1","Mayhem+1","Malaise","Madness","Madness","Noxious Fumes+1","Deadly Poison","Deadly Poison","Leg Sweep+1","Crippling Poison+1"],"special_seed":0,"relics":["Ring of the Snake","Mercury Hourglass","Letter Opener","Eternal Feather","Frozen Egg 2","Happy Flower","Bronze Scales","Sozu","Mummified Hand","Oddly Smooth Stone","Shuriken","Bottled Tornado","Smiling Mask","Bird Faced Urn"],"potions_floor_usage":[25,50,50],"damage_taken":[{"damage":0.0,"enemies":"Cultist","floor":1.0,"turns":5.0},{"damage":3.0,"enemies":"Small Slimes","floor":2.0,"turns":4.0},{"damage":0.0,"enemies":"Jaw Worm","floor":3.0,"turns":5.0},{"damage":3.0,"enemies":"Looter","floor":4.0,"turns":5.0},{"damage":1.0,"enemies":"3 Louse","floor":5.0,"turns":3.0},{"damage":41.0,"enemies":"Gremlin Nob","floor":7.0,"turns":6.0},{"damage":0.0,"enemies":"Blue Slaver","floor":11.0,"turns":3.0},{"damage":7.0,"enemies":"3 Sentries","floor":14.0,"turns":5.0},{"damage":0.0,"enemies":"Slime Boss","floor":16.0,"turns":2.0},{"damage":9.0,"enemies":"3 Byrds","floor":18.0,"turns":4.0},{"damage":13.0,"enemies":"Spheric Guardian","floor":19.0,"turns":6.0},{"damage":36.0,"enemies":"3 Cultists","floor":22.0,"turns":5.0},{"damage":31,"enemies":"Book of Stabbing","floor":24,"turns":6},{"damage":4,"enemies":"Chosen and Byrds","floor":25,"turns":8},{"damage":9,"enemies":"Snecko","floor":31,"turns":4},{"damage":22,"enemies":"Automaton","floor":33,"turns":6},{"damage":0,"enemies":"Orb Walker","floor":35,"turns":3},{"damage":6,"enemies":"3 Darklings","floor":38,"turns":5},{"damage":21,"enemies":"Nemesis","floor":41,"turns":3},{"damage":0,"enemies":"Reptomancer","floor":45,"turns":3},{"damage":31,"enemies":"Mind Bloom Boss Battle","floor":47,"turns":6},{"damage":0,"enemies":"4 Shapes","floor":48,"turns":3},{"damage":30,"enemies":"Donu and Deca","floor":50,"turns":6}],"seed_played":"3498793144398565604","potions_obtained":[{"floor":3.0,"key":"SkillPotion"},{"floor":5.0,"key":"LiquidBronze"},{"floor":7.0,"key":"Fire Potion"},{"floor":11.0,"key":"Ancient Potion"},{"floor":18.0,"key":"EssenceOfSteel"},{"floor":24,"key":"SkillPotion"},{"floor":25,"key":"FearPotion"},{"floor":33,"key":"Strength Potion"}],"is_trial":false,"path_per_floor":["M","M","M","M","M","R","E","R","T","R","M","$","?","E","R","B",null,"M","M","?","?","M","R","E","M","T","R","$","R","?","M","R","B",null,"M","?","?","M","$","R","E","R","T","?","E","R","?","M","R","B",null],"character_chosen":"THE_SILENT","items_purchased":["Catalyst","Well Laid Plans+1","Mayhem+1","Noxious Fumes+1","Deadly Poison","Mummified Hand","Oddly Smooth Stone"],"campfire_rested":4,"item_purchase_floors":[12,28,28,39,39,39,39],"current_hp_per_floor":[49,46,46,43,42,42,1,22,22,22,22,22,22,15,36,36,62,53,40,40,40,4,37,6,2,2,38,38,53,53,44,59,37,62,62,53,53,47,47,65,44,62,62,62,62,70,39,45,63,43],"gold":280,"neow_bonus":"TRANSFORM_TWO_CARDS","is_prod":false,"is_daily":false,"chose_seed":false,"campfire_upgraded":8,"win_rate":1,"timestamp":1551190652,"path_taken":["M","M","M","M","M","R","E","R","T","R","M","$","?","E","R","BOSS","M","?","?","?","M","R","E","M","T","R","?","R","?","M","R","BOSS","M","?","?","?","$","R","E","R","T","?","E","R","?","M","R","BOSS"],"build_version":"2019-02-06","purchased_purges":2,"victory":true,"max_hp_per_floor":[70,70,70,70,70,70,70,70,70,70,70,70,70,70,70,70,70,70,70,70,70,70,70,70,70,70,70,70,70,70,70,70,70,70,70,70,70,70,70,70,70,70,70,70,70,70,70,70,70,70],"card_choices":[{"not_picked":["Infinite Blades","Tactician"],"picked":"Dagger Spray","floor":1.0},{"not_picked":["Deflect","Eviscerate"],"picked":"Tactician","floor":2.0},{"not_picked":["Bane","Accuracy"],"picked":"PiercingWail","floor":3.0},{"not_picked":["Skewer","Bane"],"picked":"Poisoned Stab","floor":4.0},{"not_picked":["Sucker Punch","Calculated Gamble"],"picked":"Catalyst","floor":5.0},{"not_picked":["Underhanded Strike","Choke"],"picked":"Dodge and Roll","floor":7.0},{"not_picked":["Terror","Bane"],"picked":"Backflip","floor":11.0},{"not_picked":["Expertise","Terror","Flechettes"],"picked":"SKIP","floor":14.0},{"not_picked":["Storm of Steel","Doppelganger"],"picked":"Bullet Time","floor":16.0},{"not_picked":["Flying Knee","Accuracy"],"picked":"Backflip+1","floor":18.0},{"not_picked":["Dagger Throw","Bane"],"picked":"Catalyst+1","floor":19.0},{"not_picked":["Underhanded Strike+1","Dagger Spray","Deflect"],"picked":"SKIP","floor":22.0},{"not_picked":["Dagger Spray+1","Flying Knee"],"picked":"Tools of the Trade+1","floor":24},{"not_picked":["Accuracy+1","Predator+1"],"picked":"Catalyst","floor":25},{"not_picked":["Outmaneuver","Backflip","Cloak And Dagger"],"picked":"SKIP","floor":31},{"not_picked":["Unload","Die Die Die"],"picked":"Malaise","floor":33},{"not_picked":["Outmaneuver+1","Slice+1","Sucker Punch+1"],"picked":"SKIP","floor":35},{"not_picked":["Caltrops+1","Blade Dance+1","Poisoned Stab"],"picked":"SKIP","floor":38},{"not_picked":["Dagger Throw","Prepared+1"],"picked":"Deadly Poison","floor":41},{"not_picked":["Dodge and Roll","Caltrops+1"],"picked":"Leg Sweep","floor":45},{"not_picked":["Flying Knee","Masterful Stab+1"],"picked":"Crippling Poison","floor":48}],"player_experience":71002,"relics_obtained":[{"floor":7.0,"key":"Mercury Hourglass"},{"floor":14.0,"key":"Letter Opener"},{"floor":24,"key":"Happy Flower"},{"floor":26,"key":"Bronze Scales"},{"floor":41,"key":"Shuriken"},{"floor":43,"key":"Bottled Tornado"},{"floor":45,"key":"Smiling Mask"},{"floor":47,"key":"Bird Faced Urn"}],"event_choices":[{"damage_healed":0.0,"max_hp_gain":0.0,"max_hp_loss":0.0,"gold_gain":0.0,"event_name":"Match and Keep!","player_choice":"2 cards matched","floor":13.0,"gold_loss":0.0,"damage_taken":0.0,"cards_obtained":["Tools of the Trade","Poisoned Stab"]},{"damage_healed":0.0,"max_hp_gain":0.0,"max_hp_loss":0.0,"gold_gain":0.0,"event_name":"The Mausoleum","player_choice":"Opened","floor":20.0,"gold_loss":0.0,"damage_taken":0.0,"relics_obtained":["Frozen Egg 2"]},{"damage_healed":0.0,"max_hp_gain":0.0,"max_hp_loss":0.0,"gold_gain":0.0,"cards_transformed":["Strike_G","Strike_G"],"event_name":"Drug Dealer","player_choice":"Became Test Subject","floor":21.0,"gold_loss":0.0,"damage_taken":0.0,"cards_obtained":["Underhanded Strike","Expertise"]},{"damage_healed":0,"gold_gain":99,"player_choice":"Stole From Cult","damage_taken":0,"max_hp_gain":0,"max_hp_loss":0,"event_name":"Nest","floor":30,"gold_loss":0},{"damage_healed":0,"gold_gain":0,"player_choice":"Embrace Madness","damage_taken":9,"max_hp_gain":0,"max_hp_loss":0,"event_name":"Winding Halls","floor":36,"gold_loss":0,"cards_obtained":["Madness","Madness"]},{"damage_healed":0,"gold_gain":300,"player_choice":"Gold","damage_taken":0,"max_hp_gain":0,"max_hp_loss":0,"event_name":"Wheel of Change","floor":37,"gold_loss":0},{"cards_removed":["Defend_G"],"damage_healed":0,"gold_gain":0,"player_choice":"Removed Skill","damage_taken":0,"max_hp_gain":0,"max_hp_loss":0,"event_name":"Falling","floor":44,"gold_loss":0},{"damage_healed":0,"gold_gain":0,"player_choice":"Fight","damage_taken":0,"max_hp_gain":0,"max_hp_loss":0,"event_name":"MindBloom","floor":47,"gold_loss":0}],"is_beta":true,"boss_relics":[{"not_picked":["Ring of the Serpent","Coffee Dripper"],"picked":"Eternal Feather"},{"not_picked":["Velvet Choker","Calling Bell"],"picked":"Sozu"}],"items_purged_floors":[12,39],"is_endless":false,"potions_floor_spawned":[3,5,7,11,18,24,25,33,41,45,48],"ascension_level":5}