{"gold_per_floor":[113,83,83,107,32,32,32,70,70,95,95,109,147,163,163,256,256,270,195,231,146,146,146,146,158,158,186,186,214,233,132,132,207,207,225,243,79,95,114,114,126,126,150,150,161,161,185,198,198,198],"floor_reached":51,"playtime":2459,"items_purged":["Strike_G","Strike_G"],"score":1301,"play_id":"24765e62-54aa-4ae9-bbaa-0ef8ed5759de","local_time":"20190104200006","is_ascension_mode":true,"campfire_choices":[{"data":"Neutralize","floor":6,"key":"SMITH"},{"data":"Catalyst","floor":15,"key":"SMITH"},{"data":"Noxious Fumes","floor":24,"key":"SMITH"},{"data":"Prepared","floor":32,"key":"SMITH"},{"floor":40,"key":"REST"},{"data":"Wraith Form v2","floor":42,"key":"SMITH"},{"floor":49,"key":"REST"}],"neow_cost":"NONE","seed_source_timestamp":1234392418221834,"circlet_count":0,"master_deck":["AscendersBane","Defend_G","Defend_G","Defend_G","Defend_G","Defend_G","Strike_G","Strike_G","Survivor","Neutralize+1","Deadly Poison","Bouncing Flask","Wraith Form v2+1","Catalyst+1","Backstab","Noxious Fumes+1","Deadly Poison","Well Laid Plans","PiercingWail","Prepared+1","Malaise","Noxious Fumes","Endless Agony","Writhe","Distraction+1","Venomology"],"relics":["Ring of the Snake","Omamori","Bloody Idol","Art of War","Orichalcum","Gambling Chip","Dream Catcher","Runic Pyramid","Red Mask","Calipers","Strawberry","Letter Opener","Smiling Mask","HoveringKite","Centennial Puzzle","Pen Nib"],"potions_floor_usage":[13,13,16,20,27,38,41,50,50,50],"damage_taken":[{"damage":1,"enemies":"2 Louse","floor":1,"turns":3},{"damage":2,"enemies":"Jaw Worm","floor":4,"turns":4},{"damage":26,"enemies":"Lagavulin","floor":8,"turns":7},{"damage":0,"enemies":"Small Slimes","floor":10,"turns":3},{"damage":0,"enemies":"2 Fungi Beasts","floor":12,"turns":4},{"damage":0,"enemies":"3 Sentries","floor":13,"turns":9},{"damage":8,"enemies":"Large Slime","floor":14,"turns":6},{"damage":20,"enemies":"Slime Boss","floor":16,"turns":11},{"damage":4,"enemies":"Shell Parasite","floor":18,"turns":3},{"damage":31,"enemies":"Masked Bandits","floor":20,"turns":8},{"damage":2,"enemies":"3 Byrds","floor":25,"turns":4},{"damage":21,"enemies":"Book of Stabbing","floor":27,"turns":5},{"damage":38,"enemies":"Slavers","floor":29,"turns":5},{"damage":0,"enemies":"Snake Plant","floor":30,"turns":3},{"damage":7,"enemies":"Champ","floor":33,"turns":8},{"damage":4,"enemies":"3 Darklings","floor":35,"turns":5},{"damage":8,"enemies":"Orb Walker","floor":36,"turns":3},{"damage":51,"enemies":"Transient","floor":38,"turns":5},{"damage":0,"enemies":"Maw","floor":39,"turns":6},{"damage":17,"enemies":"Sphere and 2 Shapes","floor":41,"turns":5},{"damage":23,"enemies":"Jaw Worm Horde","floor":45,"turns":6},{"damage":12,"enemies":"Maw","floor":48,"turns":6},{"damage":56,"enemies":"Donu and Deca","floor":50,"turns":10}],"seed_played":"655804319828908716","potions_obtained":[{"floor":4,"key":"Dexterity Potion"},{"floor":10,"key":"EssenceOfSteel"},{"floor":13,"key":"GhostInAJar"},{"floor":14,"key":"Dexterity Potion"},{"floor":25,"key":"PowerPotion"},{"floor":29,"key":"PowerPotion"},{"floor":30,"key":"Regen Potion"},{"floor":45,"key":"PowerPotion"},{"floor":48,"key":"SkillPotion"}],"is_trial":false,"path_per_floor":["M","$","?","M","?","R","$","E","T","M","?","M","E","M","R","B",null,"M","$","?","?","?","?","R","M","T","E","$","E","M","$","R","B",null,"M","M","$","M","M","R","M","R","T","?","M","?","T","M","R","B",null],"character_chosen":"THE_SILENT","items_purchased":["Deadly Poison","Prepared","Noxious Fumes","Endless Agony"],"campfire_rested":2,"item_purchase_floors":[2,31,37,37],"current_hp_per_floor":[58,58,58,56,56,56,56,30,30,30,30,30,30,22,22,2,50,46,46,15,15,15,66,66,66,73,57,57,24,29,29,29,27,62,63,60,60,14,19,40,43,43,48,63,45,45,50,43,64,8],"gold":198,"neow_bonus":"RANDOM_COMMON_RELIC","is_prod":false,"is_daily":false,"chose_seed":false,"campfire_upgraded":5,"win_rate":0,"timestamp":1546628406,"path_taken":["M","$","?","M","?","R","$","E","T","M","?","M","E","M","R","BOSS","M","$","?","?","?","?","R","M","T","E","$","E","M","$","R","BOSS","M","M","$","M","M","R","M","R","T","?","M","?","?","M","R","BOSS"],"build_version":"2019-01-03v3","purchased_purges":2,"victory":true,"max_hp_per_floor":[66,66,66,66,66,66,66,66,66,66,66,66,66,66,66,66,66,66,66,66,66,66,66,66,66,73,73,73,73,73,73,73,73,73,73,73,73,73,73,73,73,73,73,73,73,73,73,73,73,73],"card_choices":[{"not_picked":["Underhanded Strike","Acrobatics"],"picked":"Predator","floor":1},{"not_picked":["Calculated Gamble","Sucker Punch"],"picked":"Bouncing Flask","floor":4},{"not_picked":["Underhanded Strike","PiercingWail"],"picked":"Wraith Form v2","floor":8},{"not_picked":["Bane","Underhanded Strike"],"picked":"Catalyst","floor":10},{"not_picked":["Slice","Terror","Flying Knee"],"picked":"SKIP","floor":12},{"not_picked":["Storm of Steel","Heel Hook","Acrobatics"],"picked":"SKIP","floor":13},{"not_picked":["Dagger Throw","Outmaneuver"],"picked":"Backstab","floor":14},{"not_picked":["Dodge and Roll","Dagger Throw","Sucker Punch"],"picked":"SKIP","floor":18},{"not_picked":["Dodge and Roll","Blur"],"picked":"Noxious Fumes","floor":20},{"not_picked":["Bouncing Flask","Bane"],"picked":"Deadly Poison","floor":25},{"not_picked":["Backflip","Deadly Poison"],"picked":"Well Laid Plans","floor":27},{"not_picked":["Skewer","Cloak And Dagger"],"picked":"PiercingWail","floor":29},{"not_picked":["Poisoned Stab+1","Dash","Acrobatics"],"picked":"SKIP","floor":30},{"not_picked":["Unload","Glass Knife"],"picked":"Malaise","floor":33},{"not_picked":["Deflect+1","Outmaneuver","PiercingWail"],"picked":"SKIP","floor":35},{"not_picked":["Flying Knee","Calculated Gamble","Well Laid Plans+1"],"picked":"SKIP","floor":36},{"not_picked":["Quick Slash","Choke","Blade Dance+1"],"picked":"SKIP","floor":38},{"not_picked":["Dash","Bane","Infinite Blades"],"picked":"SKIP","floor":39},{"not_picked":["Setup","Heel Hook","Quick Slash"],"picked":"SKIP","floor":41},{"not_picked":["Finisher","Dagger Spray+1"],"picked":"Distraction+1","floor":45},{"not_picked":["Caltrops","Escape Plan","Cloak And Dagger"],"picked":"SKIP","floor":48},{"not_picked":["Quick Slash","Skewer"],"picked":"Venomology","floor":49}],"player_experience":816517,"relics_obtained":[{"floor":8,"key":"Art of War"},{"floor":9,"key":"Orichalcum"},{"floor":13,"key":"Dream Catcher"},{"floor":20,"key":"Red Mask"},{"floor":26,"key":"Strawberry"},{"floor":27,"key":"Letter Opener"},{"floor":29,"key":"Smiling Mask"},{"floor":43,"key":"Centennial Puzzle"},{"floor":47,"key":"Pen Nib"}],"event_choices":[{"damage_healed":0,"gold_gain":0,"player_choice":"Take Wound","damage_taken":0,"relics_obtained":["Golden Idol"],"max_hp_gain":0,"max_hp_loss":0,"event_name":"Golden Idol","floor":3,"gold_loss":0,"cards_obtained":["Injury"]},{"cards_removed":["Strike_G"],"damage_healed":0,"gold_gain":0,"player_choice":"Card Removal","damage_taken":0,"max_hp_gain":0,"max_hp_loss":0,"event_name":"The Cleric","floor":5,"gold_loss":75},{"damage_healed":0,"gold_gain":0,"player_choice":"Box","damage_taken":0,"relics_obtained":["Gambling Chip"],"max_hp_gain":0,"max_hp_loss":0,"event_name":"Big Fish","floor":11,"gold_loss":0,"cards_obtained":["Regret"]},{"damage_healed":0,"gold_gain":0,"player_choice":"Fought Bandits","damage_taken":0,"max_hp_gain":0,"max_hp_loss":0,"event_name":"Masked Bandits","floor":20,"gold_loss":0},{"damage_healed":0,"gold_gain":0,"player_choice":"Obtained Relic","damage_taken":0,"relics_obtained":["Calipers"],"max_hp_gain":0,"max_hp_loss":0,"event_name":"Addict","floor":21,"gold_loss":85},{"damage_healed":0,"gold_gain":0,"player_choice":"Gave Idol","damage_taken":0,"relics_obtained":["Bloody Idol"],"max_hp_gain":0,"max_hp_loss":0,"event_name":"Forgotten Altar","floor":22,"relics_lost":["Golden Idol"],"gold_loss":0},{"cards_removed":["Predator"],"damage_healed":51,"gold_gain":0,"player_choice":"Offered Uncommon","damage_taken":0,"max_hp_gain":0,"max_hp_loss":0,"event_name":"Bonfire Elementals","floor":23,"gold_loss":0},{"damage_healed":15,"gold_gain":0,"player_choice":"Writhe","damage_taken":0,"max_hp_gain":0,"max_hp_loss":0,"event_name":"Winding Halls","floor":44,"gold_loss":0,"cards_obtained":["Writhe"]},{"damage_healed":0,"gold_gain":0,"player_choice":"Ignored","damage_taken":0,"max_hp_gain":0,"max_hp_loss":0,"event_name":"Mysterious Sphere","floor":46,"gold_loss":0}],"is_beta":false,"boss_relics":[{"not_picked":["White Beast Statue","Coffee Dripper"],"picked":"Runic Pyramid"},{"not_picked":["Ring of the Serpent","Philosopher\u0027s Stone"],"picked":"HoveringKite"}],"items_purged_floors":[19,31],"is_endless":false,"potions_floor_spawned":[4,10,13,14,25,29,30,36,45,48],"ascension_level":16}