{"gold_per_floor":[360,360,385,1,15,55,55,73,73,73,109,123,123,157,157,286,286,301,301,322,346,367,367,466,466,511,47,47,15,15,40,40,170,170,194,212,212,258,258,289,309,309,334,294,317,317,358,371,371,371],"floor_reached":51,"playtime":4464,"items_purged":["Strike_B"],"score":1083,"play_id":"7df9af85-dfb4-4394-aa41-5d5cbdc9c2fa","local_time":"20190215005400","is_ascension_mode":true,"campfire_choices":[{"floor":7,"key":"REST"},{"floor":10,"key":"REST"},{"data":"Zap","floor":13,"key":"SMITH"},{"data":"Loop","floor":15,"key":"SMITH"},{"floor":23,"key":"REST"},{"floor":28,"key":"REST"},{"data":"Defragment","floor":32,"key":"SMITH"},{"floor":42,"key":"REST"},{"floor":46,"key":"REST"},{"floor":49,"key":"REST"}],"neow_cost":"CURSE","seed_source_timestamp":26532751417835,"circlet_count":0,"master_deck":["Strike_B","Strike_B","Strike_B","Defend_B","Defend_B","Defend_B","Defend_B","Zap+1","Dualcast","Writhe","Chill","Leap","Ball Lightning","Cold Snap","Loop+1","Stack+1","Ball Lightning+1","BootSequence","Fission+1","Consume","Cold Snap+1","Steam+1","Melter+1","Loop","Ball Lightning","Leap","Reboot","Blizzard+1","Ball Lightning","Defragment+1","Rip and Tear+1","Fission","Go for the Eyes+1","Chaos+1","Redo","Coolheaded+1","Cold Snap+1","Skim+1","Defragment+1"],"relics":["Cracked Core","Golden Idol","Membership Card","Mango","Ancient Tea Set","The Courier","Gambling Chip","Art of War","Black Star","Regal Pillow","Anchor","Orichalcum","Bronze Scales","War Paint","DataDisk","Happy Flower","Letter Opener","Thread and Needle","Whetstone","Prayer Wheel","Bag of Preparation"],"potions_floor_usage":[6,19,25,25,25,25,33,40,40,41,45,48],"damage_taken":[{"damage":11,"enemies":"2 Louse","floor":1,"turns":3},{"damage":4,"enemies":"Jaw Worm","floor":3,"turns":4},{"damage":5,"enemies":"Small Slimes","floor":5,"turns":3},{"damage":28,"enemies":"Gremlin Nob","floor":6,"turns":5},{"damage":0,"enemies":"Gremlin Gang","floor":8,"turns":6},{"damage":15,"enemies":"Lagavulin","floor":11,"turns":8},{"damage":2,"enemies":"Blue Slaver","floor":12,"turns":3},{"damage":13,"enemies":"Gremlin Nob","floor":14,"turns":4},{"damage":24,"enemies":"Hexaghost","floor":16,"turns":12},{"damage":11,"enemies":"2 Thieves","floor":18,"turns":5},{"damage":3,"enemies":"Colosseum Slavers","floor":19,"turns":7},{"damage":4,"enemies":"Shell Parasite","floor":20,"turns":7},{"damage":1,"enemies":"Snecko","floor":21,"turns":5},{"damage":23,"enemies":"Snake Plant","floor":22,"turns":5},{"damage":24,"enemies":"Slavers","floor":25,"turns":5},{"damage":0,"enemies":"Centurion and Healer","floor":31,"turns":6},{"damage":57,"enemies":"Collector","floor":33,"turns":10},{"damage":12,"enemies":"3 Shapes","floor":35,"turns":5},{"damage":16,"enemies":"3 Darklings","floor":36,"turns":6},{"damage":55,"enemies":"Reptomancer","floor":40,"turns":7},{"damage":13,"enemies":"Jaw Worm Horde","floor":41,"turns":4},{"damage":24,"enemies":"Maw","floor":45,"turns":6},{"damage":50,"enemies":"Giant Head","floor":47,"turns":9},{"damage":0,"enemies":"Spire Growth","floor":48,"turns":4},{"damage":63,"enemies":"Awakened One","floor":50,"turns":17}],"seed_played":"-1966099816241012781","potions_obtained":[{"floor":1,"key":"FearPotion"},{"floor":5,"key":"SpeedPotion"},{"floor":8,"key":"Energy Potion"},{"floor":18,"key":"AttackPotion"},{"floor":20,"key":"EntropicBrew"},{"floor":31,"key":"Block Potion"},{"floor":36,"key":"GamblersBrew"},{"floor":40,"key":"Ancient Potion"},{"floor":44,"key":"FairyPotion"},{"floor":44,"key":"FearPotion"}],"is_trial":false,"path_per_floor":["M","?","M","$","M","E","R","M","T","R","E","M","R","E","R","B",null,"M","?","M","M","M","R","?","E","T","$","R","$","?","M","R","B",null,"M","M","?","T","?","E","M","R","T","?","M","R","E","M","R","B",null],"character_chosen":"DEFECT","items_purchased":["Membership Card","Mango","Leap","Anchor","Loop","Orichalcum","Bronze Scales","War Paint","Ball Lightning","Leap","Reboot","Blizzard","Ball Lightning","Defragment"],"campfire_rested":7,"item_purchase_floors":[4,4,4,27,27,27,27,27,27,27,27,27,27,29],"current_hp_per_floor":[57,39,35,49,44,16,42,42,42,68,53,51,51,38,38,14,70,59,56,52,51,28,54,54,30,30,30,71,71,71,71,71,14,70,58,42,42,42,78,35,22,60,60,60,36,74,24,24,62,7],"gold":371,"neow_bonus":"TWO_FIFTY_GOLD","is_prod":false,"is_daily":false,"chose_seed":false,"campfire_upgraded":3,"win_rate":0,"timestamp":1550188440,"path_taken":["M","?","M","$","M","E","R","M","T","R","E","M","R","E","R","BOSS","M","?","M","M","M","R","?","E","T","$","R","?","?","?","R","BOSS","M","M","?","?","?","E","M","R","T","?","M","R","E","M","R","BOSS"],"build_version":"2019-01-23","purchased_purges":1,"victory":true,"max_hp_per_floor":[75,75,75,89,89,89,89,89,89,89,89,89,89,89,89,89,89,89,89,89,89,89,89,89,89,89,89,89,89,89,89,89,89,89,89,89,89,89,78,78,78,78,78,78,78,78,78,78,78,78],"card_choices":[{"not_picked":["Streamline","Beam Cell","Redo"],"picked":"SKIP","floor":1},{"not_picked":["Leap","Scrape"],"picked":"Chill","floor":3},{"not_picked":["Sweeping Beam","Barrage"],"picked":"Ball Lightning","floor":5},{"not_picked":["Meteor Strike","Rebound"],"picked":"Cold Snap","floor":6},{"not_picked":["Rebound","Conserve Battery"],"picked":"Loop","floor":8},{"not_picked":["Go for the Eyes","BootSequence"],"picked":"Stack","floor":11},{"not_picked":["Beam Cell","Redo"],"picked":"Ball Lightning","floor":12},{"not_picked":["Doom and Gloom","Barrage"],"picked":"BootSequence","floor":14},{"not_picked":["Hyperbeam","Core Surge"],"picked":"Fission","floor":16},{"not_picked":["Leap","Rebound"],"picked":"Consume","floor":18},{"not_picked":["Reprogram","FTL"],"picked":"Cold Snap+1","floor":20},{"not_picked":["Reprogram","Conserve Battery"],"picked":"Steam+1","floor":21},{"not_picked":["Auto Shields","Rebound+1"],"picked":"Melter+1","floor":22},{"not_picked":["Capacitor","Aggregate+1"],"picked":"Rip and Tear+1","floor":31},{"not_picked":["Thunder Strike","Seek"],"picked":"Fission","floor":33},{"not_picked":["Streamline","Turbo+1"],"picked":"Go for the Eyes+1","floor":35},{"not_picked":["Hologram","Sunder+1"],"picked":"Chaos+1","floor":36},{"not_picked":["Undo","Streamline"],"picked":"Redo","floor":40},{"not_picked":["Chaos","Leap+1"],"picked":"Coolheaded+1","floor":41},{"not_picked":["Beam Cell+1","Amplify","Stack"],"picked":"SKIP","floor":45},{"not_picked":["Consume","BootSequence"],"picked":"Cold Snap+1","floor":47},{"not_picked":["Hologram+1","Leap"],"picked":"Skim+1","floor":48},{"not_picked":["Fusion","Leap+1"],"picked":"Defragment+1","floor":48}],"player_experience":402757,"relics_obtained":[{"floor":6,"key":"Ancient Tea Set"},{"floor":9,"key":"The Courier"},{"floor":11,"key":"Gambling Chip"},{"floor":14,"key":"Art of War"},{"floor":26,"key":"Regal Pillow"},{"floor":38,"key":"Happy Flower"},{"floor":40,"key":"Letter Opener"},{"floor":40,"key":"Thread and Needle"},{"floor":43,"key":"Whetstone"},{"floor":47,"key":"Prayer Wheel"},{"floor":47,"key":"Bag of Preparation"}],"event_choices":[{"damage_healed":0,"gold_gain":0,"player_choice":"Take Damage","damage_taken":18,"relics_obtained":["Golden Idol"],"max_hp_gain":0,"max_hp_loss":0,"event_name":"Golden Idol","floor":2,"gold_loss":0},{"damage_healed":0,"gold_gain":0,"player_choice":"Fight","damage_taken":0,"max_hp_gain":0,"max_hp_loss":0,"event_name":"Colosseum","floor":19,"gold_loss":0},{"damage_healed":0,"gold_gain":0,"player_choice":"Fled From Nobs","damage_taken":0,"max_hp_gain":0,"max_hp_loss":0,"event_name":"Colosseum","floor":19,"gold_loss":0},{"damage_healed":0,"gold_gain":99,"player_choice":"Stole From Cult","damage_taken":0,"max_hp_gain":0,"max_hp_loss":0,"event_name":"Nest","floor":24,"gold_loss":0},{"damage_healed":0,"gold_gain":0,"player_choice":"Opened","damage_taken":0,"relics_obtained":["DataDisk"],"max_hp_gain":0,"max_hp_loss":0,"event_name":"The Mausoleum","floor":30,"gold_loss":0},{"damage_healed":0,"gold_gain":0,"player_choice":"Ignored","damage_taken":0,"max_hp_gain":0,"max_hp_loss":0,"event_name":"Mysterious Sphere","floor":37,"gold_loss":0},{"damage_healed":78,"gold_gain":0,"player_choice":"Heal","damage_taken":0,"max_hp_gain":0,"max_hp_loss":11,"event_name":"The Moai Head","floor":39,"gold_loss":0},{"damage_healed":0,"gold_gain":0,"player_choice":"Bought 3 Potions","damage_taken":0,"max_hp_gain":0,"max_hp_loss":0,"event_name":"The Woman in Blue","floor":44,"gold_loss":0}],"is_beta":false,"boss_relics":[{"not_picked":["Runic Pyramid","Cursed Key"],"picked":"Black Star"},{"not_picked":["Runic Dome","Calling Bell","Coffee Dripper"]}],"items_purged_floors":[27],"is_endless":false,"potions_floor_spawned":[1,5,8,18,20,21,31,36,40],"ascension_level":9}