{"gold_per_floor":[112,131,131,208,223,252,32,32,32,64,64,91,101,162,162,235,235,255,255,266,266,47,47,47,74,99,99,130,130,140,155,155,228,228,243,243,258,285,285,285,310,310,357,357,369,394,394,413,413,413],"floor_reached":50,"playtime":3821,"items_purged":[],"score":1162,"play_id":"994c6e75-f9f6-4066-94b5-9e83776df905","local_time":"20190201012337","is_ascension_mode":true,"campfire_choices":[{"floor":8,"key":"REST"},{"floor":11,"key":"REST"},{"data":"Armaments","floor":15,"key":"SMITH"},{"floor":23,"key":"REST"},{"floor":29,"key":"REST"},{"floor":32,"key":"REST"},{"floor":40,"key":"REST"},{"floor":42,"key":"REST"},{"floor":49,"key":"REST"}],"neow_cost":"NONE","seed_source_timestamp":262160588250838,"circlet_count":0,"master_deck":["AscendersBane","Defend_R+1","Defend_R+1","Defend_R+1","Defend_R+1","Bash","Madness","Thunderclap","Blood for Blood","Disarm","Battle Trance","Armaments+1","Disarm","Headbutt","Dropkick","Fiend Fire","Bite","Bite","Bite","Bite","Double Tap","Combust+1","Rupture+1","Disarm+1","Shrug It Off","Offering","Normality","Decay","Regret","True Grit+1","Evolve+1","Rupture+1","Warcry+1","Finesse+1","Pommel Strike","Intimidate+1","Warcry+1"],"relics":["Burning Blood","Pocketwatch","Toolbox","Gambling Chip","Smiling Mask","Ornamental Fan","Fusion Hammer","Pear","Lee\u0027s Waffle","Art of War","Dream Catcher","PreservedInsect","Calling Bell","Happy Flower","Toxic Egg 2","Du-Vu Doll","Strawberry","Vajra","Bag of Marbles","Oddly Smooth Stone"],"potions_floor_usage":[10,12,14,14,25,28,33,33,46,50],"damage_taken":[{"damage":5,"enemies":"Small Slimes","floor":1,"turns":4},{"damage":11,"enemies":"Jaw Worm","floor":2,"turns":4},{"damage":3,"enemies":"2 Louse","floor":5,"turns":3},{"damage":48,"enemies":"Gremlin Nob","floor":6,"turns":5},{"damage":18,"enemies":"3 Sentries","floor":10,"turns":7},{"damage":25,"enemies":"Lagavulin","floor":12,"turns":8},{"damage":10,"enemies":"Lots of Slimes","floor":13,"turns":3},{"damage":9,"enemies":"3 Sentries","floor":14,"turns":7},{"damage":0,"enemies":"Hexaghost","floor":16,"turns":8},{"damage":0,"enemies":"Chosen","floor":18,"turns":4},{"damage":19,"enemies":"Spheric Guardian","floor":20,"turns":4},{"damage":12,"enemies":"Gremlin Leader","floor":25,"turns":8},{"damage":35,"enemies":"Slavers","floor":28,"turns":5},{"damage":10,"enemies":"Shelled Parasite and Fungi","floor":30,"turns":5},{"damage":20,"enemies":"Snake Plant","floor":31,"turns":4},{"damage":71,"enemies":"Champ","floor":33,"turns":9},{"damage":11,"enemies":"Orb Walker","floor":35,"turns":4},{"damage":20,"enemies":"3 Shapes","floor":37,"turns":5},{"damage":65,"enemies":"Nemesis","floor":41,"turns":9},{"damage":21,"enemies":"Sphere and 2 Shapes","floor":45,"turns":5},{"damage":45,"enemies":"Reptomancer","floor":46,"turns":5},{"damage":64,"enemies":"Transient","floor":48,"turns":5},{"damage":67,"enemies":"Time Eater","floor":50,"turns":9}],"seed_played":"6500758798511229963","potions_obtained":[{"floor":1,"key":"EssenceOfSteel"},{"floor":10,"key":"Energy Potion"},{"floor":12,"key":"Strength Potion"},{"floor":13,"key":"PowerPotion"},{"floor":16,"key":"SkillPotion"},{"floor":18,"key":"Swift Potion"},{"floor":28,"key":"Regen Potion"},{"floor":31,"key":"Strength Potion"},{"floor":35,"key":"Block Potion"},{"floor":45,"key":"SpeedPotion"}],"is_trial":false,"path_per_floor":["M","M","?","?","M","E","$","R","T","E","R","E","M","?","R","B",null,"M","?","M","?","$","R","?","E","T","?","E","R","M","M","R","B",null,"M","?","M","T","?","R","E","R","T","?","M","E","?","M","R","B"],"character_chosen":"IRONCLAD","items_purchased":["Toolbox","Lee\u0027s Waffle"],"campfire_rested":8,"item_purchase_floors":[7,22],"current_hp_per_floor":[69,64,64,64,67,25,25,47,47,35,57,38,34,31,31,39,66,74,84,72,72,92,92,92,92,92,92,78,92,92,89,92,60,84,92,92,82,89,89,99,55,84,84,84,75,48,81,32,56,0],"gold":413,"neow_bonus":"RANDOM_COLORLESS","is_prod":false,"is_daily":false,"chose_seed":false,"campfire_upgraded":1,"win_rate":0,"timestamp":1549013017,"path_taken":["M","M","?","?","M","E","$","R","T","E","R","E","?","?","R","BOSS","M","?","?","?","$","R","?","E","T","?","E","R","M","M","R","BOSS","M","?","M","?","?","R","E","R","T","?","?","E","?","M","R","BOSS"],"build_version":"2019-01-23","purchased_purges":0,"victory":false,"max_hp_per_floor":[75,75,75,75,75,75,75,75,75,75,75,75,75,75,75,75,75,75,85,85,85,92,92,92,92,92,92,92,92,92,92,92,92,92,92,92,92,99,99,99,99,99,99,99,99,99,81,81,81,81],"card_choices":[{"not_picked":["Warcry","Havoc"],"picked":"Thunderclap","floor":1},{"not_picked":["Carnage","Flex"],"picked":"Blood for Blood","floor":2},{"not_picked":["Ghostly Armor","Intimidate"],"picked":"Disarm","floor":5},{"not_picked":["Twin Strike","Warcry"],"picked":"Battle Trance","floor":6},{"not_picked":["Twin Strike","Second Wind"],"picked":"Armaments","floor":10},{"not_picked":["Barricade","Wild Strike"],"picked":"Disarm","floor":12},{"not_picked":["Power Through","Anger"],"picked":"Headbutt","floor":13},{"not_picked":["Clash","Cleave"],"picked":"Dropkick","floor":14},{"not_picked":["Impervious","Bludgeon"],"picked":"Fiend Fire","floor":16},{"not_picked":["Anger","Headbutt","Sword Boomerang"],"picked":"SKIP","floor":18},{"not_picked":["Clothesline","Cleave","Ghostly Armor"],"picked":"SKIP","floor":20},{"not_picked":["Entrench","Dropkick"],"picked":"Double Tap","floor":25},{"not_picked":["Inflame","True Grit"],"picked":"Combust+1","floor":28},{"not_picked":["Demon Form","Feel No Pain+1"],"picked":"Rupture+1","floor":30},{"not_picked":["Sword Boomerang","Pommel Strike"],"picked":"Disarm+1","floor":31},{"not_picked":["Pommel Strike","Iron Wave"],"picked":"Shrug It Off","floor":32},{"not_picked":["Demon Form","Bludgeon"],"picked":"Offering","floor":33},{"not_picked":["Clash","Headbutt+1"],"picked":"True Grit+1","floor":35},{"not_picked":["Anger","Second Wind+1"],"picked":"Evolve+1","floor":37},{"not_picked":["Iron Wave","Pommel Strike"],"picked":"Rupture+1","floor":40},{"not_picked":["Feed","Entrench+1","Iron Wave"],"picked":"SKIP","floor":41},{"not_picked":["Dropkick","Sever Soul+1"],"picked":"Warcry+1","floor":42},{"not_picked":["PanicButton+1","Enlightenment+1"],"picked":"Finesse+1","floor":44},{"not_picked":["Wild Strike","Thunderclap"],"picked":"Pommel Strike","floor":45},{"not_picked":["True Grit+1","Perfected Strike"],"picked":"Intimidate+1","floor":46},{"not_picked":["Fire Breathing","Clothesline","Clash"],"picked":"SKIP","floor":48},{"not_picked":["Bludgeon","Perfected Strike"],"picked":"Warcry+1","floor":49}],"player_experience":515564,"relics_obtained":[{"floor":6,"key":"Pocketwatch"},{"floor":9,"key":"Gambling Chip"},{"floor":10,"key":"Smiling Mask"},{"floor":12,"key":"Ornamental Fan"},{"floor":14,"key":"Blood Vial"},{"floor":19,"key":"Pear"},{"floor":25,"key":"Art of War"},{"floor":26,"key":"Dream Catcher"},{"floor":28,"key":"PreservedInsect"},{"floor":34,"key":"Happy Flower"},{"floor":34,"key":"Toxic Egg 2"},{"floor":34,"key":"Du-Vu Doll"},{"floor":38,"key":"Strawberry"},{"floor":41,"key":"Vajra"},{"floor":43,"key":"Bag of Marbles"},{"floor":46,"key":"Oddly Smooth Stone"}],"event_choices":[{"damage_healed":0,"gold_gain":0,"player_choice":"Ignored","damage_taken":0,"max_hp_gain":0,"max_hp_loss":0,"event_name":"Liars Game","floor":3,"gold_loss":0},{"damage_healed":0,"gold_gain":77,"player_choice":"Gained Gold","damage_taken":0,"max_hp_gain":0,"max_hp_loss":0,"event_name":"Golden Wing","floor":4,"gold_loss":0},{"damage_healed":0,"gold_gain":0,"player_choice":"Searched \u00271\u0027 times","damage_taken":0,"max_hp_gain":0,"max_hp_loss":0,"event_name":"Dead Adventurer","floor":14,"gold_loss":0},{"damage_healed":0,"gold_gain":0,"player_choice":"Relic","damage_taken":0,"max_hp_gain":0,"max_hp_loss":0,"event_name":"Wheel of Change","floor":19,"gold_loss":0},{"damage_healed":0,"gold_gain":0,"player_choice":"Ignored","damage_taken":0,"max_hp_gain":0,"max_hp_loss":0,"event_name":"Ghosts","floor":21,"gold_loss":0},{"damage_healed":0,"gold_gain":0,"player_choice":"Became a vampire (Vial)","damage_taken":0,"max_hp_gain":0,"max_hp_loss":0,"event_name":"Vampires","floor":24,"relics_lost":["Blood Vial"],"gold_loss":0,"cards_obtained":["Bite","Bite","Bite","Bite","Bite"]},{"damage_healed":0,"gold_gain":0,"player_choice":"Simplicity","damage_taken":0,"max_hp_gain":0,"max_hp_loss":0,"event_name":"Back to Basics","floor":27,"gold_loss":0,"cards_upgraded":["Defend_R","Defend_R","Defend_R","Defend_R"]},{"cards_removed":["Bite"],"damage_healed":0,"gold_gain":0,"player_choice":"Removed Attack","damage_taken":0,"max_hp_gain":0,"max_hp_loss":0,"event_name":"Falling","floor":36,"gold_loss":0},{"damage_healed":0,"gold_gain":0,"player_choice":"Ignored","damage_taken":0,"max_hp_gain":0,"max_hp_loss":0,"event_name":"Tomb of Lord Red Mask","floor":39,"gold_loss":0},{"damage_healed":0,"gold_gain":0,"player_choice":"Memory 1","damage_taken":0,"max_hp_gain":0,"max_hp_loss":0,"event_name":"SensoryStone","floor":44,"gold_loss":0},{"damage_healed":81,"gold_gain":0,"player_choice":"Heal","damage_taken":0,"max_hp_gain":0,"max_hp_loss":18,"event_name":"The Moai Head","floor":47,"gold_loss":0}],"is_beta":false,"boss_relics":[{"not_picked":["Pandora\u0027s Box","Runic Cube"],"picked":"Fusion Hammer"},{"not_picked":["Velvet Choker","Orrery"],"picked":"Calling Bell"}],"items_purged_floors":[],"is_endless":false,"potions_floor_spawned":[1,10,12,13,16,18,28,31,35,45],"killed_by":"Time Eater","ascension_level":16}