{"gold_per_floor":[117,130,16,26,26,59,59,91,91,107,138,138,155,178,178,281,281,291,291,206,219,219,219,238,138,188,203,38,58,58,74,74,176,176,193,193,193,193,211,211,228,240,240,259,54,34,9,26,26,26],"floor_reached":50,"playtime":5707,"items_purged":["Strike_B","Strike_B","Defend_B"],"score":464,"play_id":"cae9e1da-a1e2-4453-bd5d-d07de522bacc","local_time":"20190227120707","is_ascension_mode":false,"campfire_choices":[{"floor":15,"key":"REST"},{"floor":23,"key":"REST"},{"floor":30,"key":"REST"},{"floor":32,"key":"REST"},{"floor":40,"key":"REST"},{"floor":49,"key":"REST"}],"neow_cost":"NONE","seed_source_timestamp":1270546383710217,"circlet_count":0,"master_deck":["Strike_B","Defend_B","Defend_B","Zap","Dualcast","Sweeping Beam","FTL","Reinforced Body","Cold Snap","Capacitor","Reboot+1","Rebound","Conserve Battery","White Noise","Creative AI","White Noise+1","Writhe","Storm","Streamline+1","Leap+1","Fusion","Force Field","FTL+1","Machine Learning","Impatience","Steam Power+1","Sunder+1","Tempest+1","Sunder+1","Hologram","Go for the Eyes+1"],"relics":["Cracked Core","Anchor","Question Card","Happy Flower","Peace Pipe","Bag of Marbles","Philosopher\u0027s Stone","Oddly Smooth Stone","Bronze Scales","Ancient Tea Set","Busted Crown","Pen Nib","DollysMirror"],"potions_floor_usage":[48,50,50],"damage_taken":[{"damage":5,"enemies":"Small Slimes","floor":1,"turns":4},{"damage":1,"enemies":"Jaw Worm","floor":2,"turns":3},{"damage":0,"enemies":"2 Louse","floor":4,"turns":2},{"damage":17,"enemies":"Lagavulin","floor":6,"turns":7},{"damage":9,"enemies":"3 Sentries","floor":8,"turns":6},{"damage":0,"enemies":"Exordium Thugs","floor":10,"turns":6},{"damage":20,"enemies":"Lagavulin","floor":11,"turns":7},{"damage":0,"enemies":"Looter","floor":13,"turns":2},{"damage":17,"enemies":"The Guardian","floor":16,"turns":13},{"damage":27,"enemies":"Spheric Guardian","floor":18,"turns":6},{"damage":18,"enemies":"3 Byrds","floor":21,"turns":2},{"damage":23,"enemies":"Centurion and Healer","floor":24,"turns":6},{"damage":12,"enemies":"Chosen and Byrds","floor":27,"turns":4},{"damage":1,"enemies":"Snake Plant","floor":29,"turns":4},{"damage":7,"enemies":"3 Cultists","floor":31,"turns":4},{"damage":7,"enemies":"Champ","floor":33,"turns":12},{"damage":5,"enemies":"3 Shapes","floor":35,"turns":4},{"damage":26,"enemies":"3 Darklings","floor":39,"turns":5},{"damage":19,"enemies":"Spire Growth","floor":41,"turns":4},{"damage":19,"enemies":"Jaw Worm Horde","floor":42,"turns":4},{"damage":0,"enemies":"Transient","floor":44,"turns":5},{"damage":10,"enemies":"3 Darklings","floor":48,"turns":3},{"damage":80,"enemies":"Awakened One","floor":50,"turns":11}],"seed_played":"1155375975744427865","potions_obtained":[{"floor":4,"key":"Poison Potion"},{"floor":8,"key":"GamblersBrew"},{"floor":10,"key":"Fire Potion"},{"floor":11,"key":"SkillPotion"},{"floor":31,"key":"PowerPotion"},{"floor":33,"key":"LiquidBronze"},{"floor":41,"key":"Swift Potion"},{"floor":46,"key":"SneckoOil"}],"is_trial":false,"path_per_floor":["M","M","$","M","?","E","?","E","T","M","E","?","M","T","R","B",null,"M","?","?","M","?","R","M","$","T","M","$","M","R","M","R","B",null,"M","?","?","?","M","R","M","M","T","M","$","?","$","M","R","B"],"character_chosen":"DEFECT","items_purchased":["Reinforced Body","Fusion","DollysMirror","Hologram"],"campfire_rested":6,"item_purchase_floors":[3,28,45,47],"current_hp_per_floor":[77,76,76,76,81,64,57,48,48,48,28,28,28,28,54,37,87,60,60,60,42,42,68,45,45,45,33,33,32,58,51,77,70,87,82,82,82,82,56,82,63,44,44,44,44,44,44,34,60,0],"gold":26,"neow_bonus":"TEN_PERCENT_HP_BONUS","is_prod":false,"is_daily":false,"chose_seed":false,"campfire_upgraded":0,"win_rate":0.0,"timestamp":1551287227,"path_taken":["M","M","$","M","?","E","?","E","T","M","E","?","M","?","R","BOSS","M","?","?","M","?","R","M","$","T","M","$","M","R","M","R","BOSS","M","?","?","?","M","R","M","M","T","?","$","?","$","M","R","BOSS"],"build_version":"2019-01-23","purchased_purges":3,"victory":false,"max_hp_per_floor":[82,82,82,82,87,87,87,87,87,87,87,87,87,87,87,87,87,87,87,87,87,87,87,87,87,87,87,87,87,87,87,87,87,87,87,87,87,87,87,87,87,87,87,87,87,87,87,87,87,87],"card_choices":[{"not_picked":["Leap","Hologram"],"picked":"Sweeping Beam","floor":1},{"not_picked":["Heatsinks","Gash"],"picked":"FTL","floor":2},{"not_picked":["Redo","Reprogram"],"picked":"Cold Snap","floor":4},{"not_picked":["Compile Driver","Redo"],"picked":"Capacitor","floor":6},{"not_picked":["Lockon","Barrage"],"picked":"Reboot","floor":8},{"not_picked":["Stack","Steam","Barrage"],"picked":"Rebound","floor":10},{"not_picked":["Force Field","Steam Power","Gash"],"picked":"Conserve Battery","floor":11},{"not_picked":["Doom and Gloom","Capacitor","Redo"],"picked":"White Noise","floor":13},{"not_picked":["All For One","Rainbow","Amplify"],"picked":"Creative AI","floor":16},{"not_picked":["Gash","Ball Lightning","Stack"],"picked":"White Noise+1","floor":18},{"not_picked":["Heatsinks","Coolheaded+1","Genetic Algorithm"],"picked":"Storm","floor":21},{"not_picked":["Coolheaded","Chill","Compile Driver"],"picked":"Streamline+1","floor":24},{"not_picked":["Steam","Gash","Scrape"],"picked":"Leap+1","floor":27},{"not_picked":["Meteor Strike","Storm","Heatsinks+1"],"picked":"Force Field","floor":29},{"not_picked":["Genetic Algorithm","Barrage","Sweeping Beam"],"picked":"FTL+1","floor":31},{"not_picked":["Buffer","Echo Form","Rainbow"],"picked":"Machine Learning","floor":33},{"not_picked":["Cold Snap","Rebound"],"picked":"SKIP","floor":35},{"not_picked":["Sadistic Nature"],"picked":"Impatience","floor":37},{"not_picked":["Streamline"],"picked":"Steam Power+1","floor":39},{"not_picked":["Ball Lightning"],"picked":"Sunder+1","floor":41},{"not_picked":["Ball Lightning+1","Capacitor"],"picked":"SKIP","floor":42},{"not_picked":["Leap"],"picked":"Tempest+1","floor":44},{"not_picked":["Leap"],"picked":"Go for the Eyes+1","floor":48}],"player_experience":29154,"relics_obtained":[{"floor":6,"key":"Anchor"},{"floor":8,"key":"Question Card"},{"floor":9,"key":"Happy Flower"},{"floor":11,"key":"Peace Pipe"},{"floor":14,"key":"Bag of Marbles"},{"floor":26,"key":"Ancient Tea Set"},{"floor":43,"key":"Pen Nib"}],"event_choices":[{"damage_healed":0,"gold_gain":0,"player_choice":"Donut","damage_taken":0,"max_hp_gain":5,"max_hp_loss":0,"event_name":"Big Fish","floor":5,"gold_loss":0},{"cards_removed":["Defend_B"],"damage_healed":0,"gold_gain":0,"player_choice":"Card Removal","damage_taken":7,"max_hp_gain":0,"max_hp_loss":0,"event_name":"Golden Wing","floor":7,"gold_loss":0},{"damage_healed":0,"gold_gain":0,"player_choice":"Grow","damage_taken":0,"max_hp_gain":0,"max_hp_loss":0,"event_name":"Living Wall","floor":12,"gold_loss":0,"cards_upgraded":["Reboot"]},{"damage_healed":0,"gold_gain":0,"player_choice":"Opened","damage_taken":0,"relics_obtained":["Oddly Smooth Stone"],"max_hp_gain":0,"max_hp_loss":0,"event_name":"The Mausoleum","floor":19,"gold_loss":0,"cards_obtained":["Writhe"]},{"damage_healed":0,"gold_gain":0,"player_choice":"Obtained Relic","damage_taken":0,"relics_obtained":["Bronze Scales"],"max_hp_gain":0,"max_hp_loss":0,"event_name":"Addict","floor":20,"gold_loss":85},{"damage_healed":0,"gold_gain":0,"player_choice":"Ignored","damage_taken":0,"max_hp_gain":0,"max_hp_loss":0,"event_name":"Ghosts","floor":22,"gold_loss":0},{"damage_healed":0,"gold_gain":0,"player_choice":"Ignored","damage_taken":0,"max_hp_gain":0,"max_hp_loss":0,"event_name":"Mysterious Sphere","floor":36,"gold_loss":0},{"damage_healed":0,"gold_gain":0,"player_choice":"Memory 1","damage_taken":0,"max_hp_gain":0,"max_hp_loss":0,"event_name":"SensoryStone","floor":37,"gold_loss":0},{"cards_removed":["Strike_B"],"damage_healed":0,"gold_gain":0,"player_choice":"Removed Attack","damage_taken":0,"max_hp_gain":0,"max_hp_loss":0,"event_name":"Falling","floor":38,"gold_loss":0},{"damage_healed":0,"gold_gain":0,"player_choice":"Bought 1 Potion","damage_taken":0,"max_hp_gain":0,"max_hp_loss":0,"event_name":"The Woman in Blue","floor":46,"gold_loss":0}],"is_beta":false,"boss_relics":[{"not_picked":["Eternal Feather","Lizard Tail"],"picked":"Philosopher\u0027s Stone"},{"not_picked":["Empty Cage","Nuclear Battery"],"picked":"Busted Crown"}],"items_purged_floors":[3,25,28],"is_endless":false,"potions_floor_spawned":[4,8,10,11,21,31,33,39,41,42],"killed_by":"Awakened One","ascension_level":0}