{"gold_per_floor":[118,131,148,14,14,14,14,14,14,31,31,31,64,78,78,152,152,165,165,176,195,209,209,209,209,209,19,19,37,70,89,89,89],"floor_reached":33,"playtime":1049,"items_purged":["Strike_B","Strike_B"],"score":494,"play_id":"cd9090ef-15ea-4c4f-8701-3acd00e06796","local_time":"20181114222525","is_ascension_mode":true,"campfire_choices":[{"data":"Streamline","floor":6.0,"key":"SMITH"},{"data":"Blind","floor":8.0,"key":"SMITH"},{"data":"Dualcast","floor":11.0,"key":"SMITH"},{"data":"Beam Cell","floor":15.0,"key":"SMITH"},{"data":"Hologram","floor":23,"key":"SMITH"},{"floor":25,"key":"REST"},{"floor":28,"key":"REST"},{"floor":32,"key":"REST"}],"neow_cost":"NONE","seed_source_timestamp":378020221823810,"circlet_count":0,"master_deck":["AscendersBane","Strike_B","Defend_B","Defend_B","Defend_B","Zap","Dualcast+1","Blind+1","Steam","Streamline+1","Beam Cell+1","Cold Snap","Self Repair","Thunder Strike","Compile Driver+1","Sweeping Beam","Hologram+1","Dualcast+1","Defragment","Leap","Auto Shields"],"special_seed":0,"relics":["Cracked Core","Bottled Lightning","Juzu Bracelet","Nuclear Battery","Mummified Hand","Anchor"],"potions_floor_usage":[16,16,18,20,20,30],"damage_taken":[{"damage":7.0,"enemies":"Small Slimes","floor":1.0,"turns":4.0},{"damage":0.0,"enemies":"Cultist","floor":2.0,"turns":3.0},{"damage":0.0,"enemies":"2 Louse","floor":3.0,"turns":3.0},{"damage":4.0,"enemies":"Lots of Slimes","floor":10.0,"turns":4.0},{"damage":17.0,"enemies":"3 Sentries","floor":13.0,"turns":7.0},{"damage":12.0,"enemies":"Gremlin Gang","floor":14.0,"turns":3.0},{"damage":15,"enemies":"Slime Boss","floor":16,"turns":10},{"damage":27,"enemies":"Spheric Guardian","floor":18,"turns":5},{"damage":2,"enemies":"Chosen","floor":20,"turns":3},{"damage":15,"enemies":"3 Cultists","floor":21,"turns":5},{"damage":33,"enemies":"Cultist and Chosen","floor":22,"turns":8},{"damage":26,"enemies":"Snake Plant","floor":29,"turns":4},{"damage":4,"enemies":"Book of Stabbing","floor":30,"turns":7},{"damage":29,"enemies":"Chosen and Byrds","floor":31,"turns":7},{"damage":0,"enemies":"Automaton","floor":33,"turns":2}],"seed_played":"3741491929169638856","potions_obtained":[{"floor":1.0,"key":"Block Potion"},{"floor":14.0,"key":"SteroidPotion"},{"floor":16,"key":"Explosive Potion"},{"floor":19,"key":"Regen Potion"},{"floor":19,"key":"AttackPotion"},{"floor":22,"key":"SteroidPotion"},{"floor":29,"key":"FocusPotion"},{"floor":30,"key":"Energy Potion"}],"is_trial":false,"path_per_floor":["M","M","M","$","?","R","$","R","T","M","R","?","E","M","R","B",null,"M","?","M","M","M","R","?","R","T","$","R","M","E","M","R","B"],"character_chosen":"DEFECT","items_purchased":["Beam Cell","Defragment"],"campfire_rested":3,"item_purchase_floors":[4,27],"current_hp_per_floor":[57,57,57,57,57,57,57,57,57,53,53,53,36,24,24,16,57,37,37,51,43,17,17,17,38,38,38,59,33,36,14,35,35],"gold":89,"neow_bonus":"RANDOM_COLORLESS","is_prod":false,"is_daily":false,"chose_seed":false,"campfire_upgraded":5,"win_rate":0,"timestamp":1542230725,"path_taken":["M","M","M","$","?","R","?","R","T","?","R","?","E","M","R","BOSS","M","?","M","M","M","R","?","R","T","$","R","M","E","M","R","BOSS"],"build_version":"2018-11-08","purchased_purges":2,"victory":false,"max_hp_per_floor":[71,71,71,71,71,71,71,71,71,71,71,71,71,71,71,71,71,71,71,71,71,71,71,71,71,71,71,71,71,71,71,71,71],"card_choices":[{"not_picked":["Hello World","Go for the Eyes","Fusion"],"picked":"SKIP","floor":1.0},{"not_picked":["Lockon","Force Field"],"picked":"Steam","floor":2.0},{"not_picked":["Coolheaded","Tempest"],"picked":"Streamline","floor":3.0},{"not_picked":["Ball Lightning","Genetic Algorithm"],"picked":"Cold Snap","floor":10.0},{"not_picked":["Cold Snap","Meteor Strike"],"picked":"Self Repair","floor":13.0},{"not_picked":["Beam Cell","Cold Snap","Turbo"],"picked":"SKIP","floor":14.0},{"not_picked":["Amplify","Multi-Cast"],"picked":"Thunder Strike","floor":16},{"not_picked":["Rebound+1","Beam Cell+1"],"picked":"Compile Driver+1","floor":18},{"not_picked":["Fusion","Redo"],"picked":"Sweeping Beam","floor":20},{"not_picked":["Stack","Compile Driver+1"],"picked":"Hologram","floor":21},{"not_picked":["Go for the Eyes","Compile Driver","Doom and Gloom"],"picked":"SKIP","floor":22},{"not_picked":["Fission","Sweeping Beam"],"picked":"Leap","floor":29},{"not_picked":["Turbo","Gash"],"picked":"Auto Shields","floor":30},{"not_picked":["Beam Cell","Cold Snap+1","Conserve Battery"],"picked":"SKIP","floor":31}],"player_experience":662353,"relics_obtained":[{"floor":9.0,"key":"Bottled Lightning"},{"floor":13.0,"key":"Juzu Bracelet"},{"floor":26,"key":"Mummified Hand"},{"floor":30,"key":"Anchor"}],"event_choices":[{"cards_removed":["Defend_B"],"damage_healed":0.0,"max_hp_gain":0.0,"max_hp_loss":0.0,"gold_gain":0.0,"event_name":"Bonfire Elementals","player_choice":"Offered Basic","floor":5.0,"gold_loss":0.0,"damage_taken":0.0},{"cards_removed":["Strike_B"],"damage_healed":0.0,"max_hp_gain":0.0,"max_hp_loss":0.0,"gold_gain":0.0,"event_name":"Living Wall","player_choice":"Forget","floor":12.0,"gold_loss":0.0,"damage_taken":0.0},{"damage_healed":0,"gold_gain":0,"player_choice":"Got Potions","damage_taken":0,"max_hp_gain":0,"max_hp_loss":0,"event_name":"Lab","floor":19,"gold_loss":0},{"damage_healed":0,"gold_gain":0,"player_choice":"Copied","damage_taken":0,"max_hp_gain":0,"max_hp_loss":0,"event_name":"Duplicator","floor":24,"gold_loss":0,"cards_obtained":["Dualcast"]}],"is_beta":false,"boss_relics":[{"not_picked":["Calling Bell","Runic Dome"],"picked":"Nuclear Battery"}],"items_purged_floors":[4,27],"is_endless":false,"potions_floor_spawned":[1,14,16,22,29,30],"killed_by":"Automaton","ascension_level":17}