{"gold_per_floor":[20,36,111,121,190,190,209,49,74,74,74,74,74,105,105,105],"floor_reached":16,"playtime":391,"items_purged":[],"score":191,"play_id":"22d7f067-f897-4327-9bbb-8138aec32325","local_time":"20190111185011","is_ascension_mode":true,"campfire_choices":[{"data":"True Grit","floor":6,"key":"SMITH"},{"data":"Feed","floor":10,"key":"SMITH"},{"data":"Disarm","floor":11,"key":"SMITH"},{"data":"Bash","floor":13,"key":"SMITH"},{"data":"Wild Strike","floor":15,"key":"SMITH"}],"neow_cost":"NO_GOLD","seed_source_timestamp":18349013527734,"circlet_count":0,"master_deck":["AscendersBane","Strike_R","Strike_R","Strike_R","Strike_R","Defend_R","Defend_R","Defend_R","Defend_R","Bash+1","Disarm+1","True Grit+1","Wild Strike+1","Corruption","Feed+1","Sword Boomerang","Sentinel"],"relics":["Burning Blood","WingedGreaves","Orichalcum","Smiling Mask"],"potions_floor_usage":[16],"damage_taken":[{"damage":4,"enemies":"Jaw Worm","floor":1,"turns":5},{"damage":12,"enemies":"2 Louse","floor":2,"turns":4},{"damage":17,"enemies":"Small Slimes","floor":4,"turns":5},{"damage":11,"enemies":"Blue Slaver","floor":7,"turns":6},{"damage":39,"enemies":"Gremlin Nob","floor":14,"turns":5},{"damage":27,"enemies":"Hexaghost","floor":16,"turns":10}],"seed_played":"7291618625540077637","potions_obtained":[{"floor":4,"key":"FairyPotion"},{"floor":14,"key":"Regen Potion"}],"is_trial":false,"path_per_floor":["M","M","?","M","?","R","M","$","T","R","R","?","R","E","R","B"],"character_chosen":"IRONCLAD","items_purchased":["Feed"],"campfire_rested":0,"item_purchase_floors":[8],"current_hp_per_floor":[70,64,53,42,42,42,37,37,37,37,37,37,37,13,13,1],"gold":105,"neow_bonus":"ONE_RARE_RELIC","is_prod":false,"is_daily":false,"chose_seed":false,"campfire_upgraded":5,"win_rate":0,"timestamp":1547229011,"path_taken":["M","M","?","M","?","R","M","$","T","R","R","?","R","E","R","BOSS"],"build_version":"2019-01-10","purchased_purges":0,"victory":false,"max_hp_per_floor":[75,75,75,75,75,75,75,75,75,75,75,75,75,75,75,75],"card_choices":[{"not_picked":["Warcry","Sword Boomerang"],"picked":"Disarm","floor":1},{"not_picked":["Thunderclap","Dual Wield"],"picked":"True Grit","floor":2},{"not_picked":["True Grit","Sword Boomerang"],"picked":"Wild Strike","floor":4},{"not_picked":["Clothesline","Bloodletting"],"picked":"Corruption","floor":7},{"not_picked":["Thunderclap","Reaper"],"picked":"Sentinel","floor":14}],"player_experience":855387,"relics_obtained":[{"floor":9,"key":"Orichalcum"},{"floor":14,"key":"Smiling Mask"}],"event_choices":[{"damage_healed":0,"gold_gain":75,"player_choice":"Gather Gold","damage_taken":11,"max_hp_gain":0,"max_hp_loss":0,"event_name":"World of Goop","floor":3,"gold_loss":0},{"damage_healed":0,"gold_gain":69,"player_choice":"Gained Gold","damage_taken":0,"max_hp_gain":0,"max_hp_loss":0,"event_name":"Golden Wing","floor":5,"gold_loss":0},{"damage_healed":0,"gold_gain":0,"cards_transformed":["Strike_R"],"player_choice":"Change","damage_taken":0,"max_hp_gain":0,"max_hp_loss":0,"event_name":"Living Wall","floor":12,"gold_loss":0,"cards_obtained":["Sword Boomerang"]}],"is_beta":false,"boss_relics":[],"items_purged_floors":[],"is_endless":false,"potions_floor_spawned":[4,14],"killed_by":"Hexaghost","ascension_level":19}