{"gold_per_floor":[114,19,32,43,54,54,73,84,84,84,109,109,129,79,79,174,174,187,204,204,77,87,87,115,115,115,125,125,125,125,137,137,233,233,248,18,18,32,46,46,9,9,9,19,19,37,37,64,64,64],"floor_reached":51,"playtime":3317,"items_purged":["Strike_G","Decay"],"score":774,"play_id":"6c01faa3-0c4d-4d78-be27-ee65a50b94f6","local_time":"20181130201332","is_ascension_mode":false,"campfire_choices":[{"data":"Deadly Poison","floor":6,"key":"SMITH"},{"data":"Deadly Poison","floor":10,"key":"SMITH"},{"data":"Deadly Poison","floor":12,"key":"SMITH"},{"data":"Neutralize","floor":15,"key":"SMITH"},{"data":"Impatience","floor":23,"key":"SMITH"},{"floor":25,"key":"REST"},{"floor":29,"key":"REST"},{"data":"PiercingWail","floor":32,"key":"SMITH"},{"floor":40,"key":"RECALL"},{"data":"After Image","floor":42,"key":"SMITH"},{"data":"Panacea","floor":45,"key":"SMITH"},{"data":"Well Laid Plans","floor":49,"key":"SMITH"}],"neow_cost":"NONE","seed_source_timestamp":28593863386336,"circlet_count":0,"master_deck":["Defend_G","Defend_G","Defend_G","Defend_G","Defend_G","Strike_G","Strike_G","Survivor","Neutralize+1","Impatience+1","Deadly Poison+1","Panacea+1","Deadly Poison+1","Deadly Poison+1","PiercingWail+1","Corpse Explosion+1","Tools of the Trade","Leg Sweep+1","Malaise+1","Neutralize","Prepared+1","Deflect+1","After Image+1","Dodge and Roll+1","Well Laid Plans+1","Deflect+1","Deadly Poison+1","Catalyst+1","Acrobatics+1"],"relics":["Ring of the Snake","Singing Bowl","Toxic Egg 2","Sozu","Calipers","Coffee Dripper","Potion Belt","Gremlin Horn"],"potions_floor_usage":[7,27,33,33],"damage_taken":[{"damage":0,"enemies":"Cultist","floor":1,"turns":5},{"damage":3,"enemies":"Jaw Worm","floor":3,"turns":4},{"damage":7,"enemies":"Small Slimes","floor":4,"turns":5},{"damage":0,"enemies":"Blue Slaver","floor":5,"turns":4},{"damage":14,"enemies":"Lots of Slimes","floor":7,"turns":5},{"damage":0,"enemies":"3 Louse","floor":8,"turns":4},{"damage":21,"enemies":"Gremlin Nob","floor":11,"turns":4},{"damage":2,"enemies":"Looter","floor":13,"turns":4},{"damage":4,"enemies":"The Guardian","floor":16,"turns":7},{"damage":5,"enemies":"Chosen","floor":18,"turns":4},{"damage":5,"enemies":"3 Byrds","floor":19,"turns":3},{"damage":4,"enemies":"Snecko","floor":22,"turns":5},{"damage":52,"enemies":"Gremlin Leader","floor":24,"turns":10},{"damage":0,"enemies":"Snake Plant","floor":27,"turns":5},{"damage":0,"enemies":"Centurion and Healer","floor":31,"turns":4},{"damage":20,"enemies":"Collector","floor":33,"turns":10},{"damage":4,"enemies":"3 Darklings","floor":35,"turns":5},{"damage":0,"enemies":"3 Shapes","floor":38,"turns":5},{"damage":4,"enemies":"Jaw Worm Horde","floor":39,"turns":4},{"damage":10,"enemies":"Sphere and 2 Shapes","floor":44,"turns":5},{"damage":0,"enemies":"Transient","floor":46,"turns":5},{"damage":0,"enemies":"Giant Head","floor":48,"turns":7},{"damage":27,"enemies":"Awakened One","floor":50,"turns":19}],"seed_played":"-2065761847026829203","potions_obtained":[{"floor":4,"key":"Ancient Potion"},{"floor":5,"key":"Swift Potion"},{"floor":8,"key":"FearPotion"},{"floor":13,"key":"EssenceOfSteel"},{"floor":16,"key":"EssenceOfSteel"}],"is_trial":false,"path_per_floor":["M","$","M","M","M","R","M","M","T","R","E","R","M","?","R","B",null,"M","M","?","$","M","R","E","R","T","M","?","R","?","M","R","B",null,"M","$","?","M","M","R","$","R","T","M","R","M","?","E","R","B",null],"character_chosen":"THE_SILENT","items_purchased":["Panacea","Prepared+1","Dodge and Roll+1","Well Laid Plans","Deflect+1","Catalyst+1"],"campfire_rested":2,"item_purchase_floors":[2,21,36,36,36,41],"current_hp_per_floor":[70,70,67,60,60,60,46,46,46,46,27,27,25,25,25,21,72,67,64,64,64,60,60,10,32,32,34,34,57,57,59,59,39,80,78,78,78,80,78,78,78,78,78,70,70,70,70,72,72,45],"gold":64,"neow_bonus":"RANDOM_COLORLESS","is_prod":false,"is_daily":false,"chose_seed":false,"campfire_upgraded":9,"win_rate":0,"timestamp":1543605212,"path_taken":["M","$","M","M","M","R","M","?","T","R","E","R","M","?","R","BOSS","M","M","?","?","M","R","E","R","T","?","?","R","?","M","R","BOSS","M","$","?","M","?","R","?","R","T","M","R","M","?","E","R","BOSS"],"build_version":"2018-11-15","purchased_purges":2,"victory":true,"max_hp_per_floor":[70,70,70,70,70,70,70,70,70,70,72,72,72,72,72,72,72,72,74,74,74,74,74,76,76,76,78,78,78,78,80,80,80,80,82,82,82,84,86,86,86,86,86,88,88,88,88,90,90,90],"card_choices":[{"not_picked":["PiercingWail","Bane"],"picked":"Deadly Poison","floor":1},{"not_picked":["Dagger Throw","Underhanded Strike"],"picked":"Deadly Poison","floor":3},{"not_picked":["Endless Agony","Night Terror"],"picked":"Deadly Poison","floor":4},{"not_picked":["Dodge and Roll","Acrobatics","Dagger Throw"],"picked":"SKIP","floor":5},{"not_picked":["Deadly Poison","Slice"],"picked":"PiercingWail","floor":7},{"not_picked":["Reflex","Terror","Poisoned Stab"],"picked":"SKIP","floor":8},{"not_picked":["All Out Attack","Riddle With Holes","Well Laid Plans"],"picked":"Singing Bowl","floor":11},{"not_picked":["Underhanded Strike","Tactician+1"],"picked":"Corpse Explosion+1","floor":13},{"not_picked":["Phantasmal Killer+1","Wraith Form v2"],"picked":"Tools of the Trade","floor":16},{"not_picked":["Outmaneuver+1","Dagger Throw"],"picked":"Leg Sweep+1","floor":18},{"not_picked":["Flechettes+1","Poisoned Stab","Blade Dance+1"],"picked":"Singing Bowl","floor":19},{"not_picked":["Sucker Punch","Dagger Spray"],"picked":"Deflect+1","floor":22},{"not_picked":["Eviscerate","Acrobatics+1","Masterful Stab"],"picked":"Singing Bowl","floor":24},{"not_picked":["Flying Knee","Dagger Spray+1","Slice"],"picked":"Singing Bowl","floor":27},{"not_picked":["Blade Dance+1","Riddle With Holes","Predator"],"picked":"Singing Bowl","floor":31},{"not_picked":["A Thousand Cuts","Doppelganger+1"],"picked":"After Image","floor":33},{"not_picked":["Flying Knee","Prepared+1","Poisoned Stab"],"picked":"Singing Bowl","floor":35},{"not_picked":["Terror+1","Dagger Spray+1","Quick Slash+1"],"picked":"Singing Bowl","floor":38},{"not_picked":["Quick Slash","Deadly Poison+1","Prepared+1"],"picked":"Singing Bowl","floor":39},{"not_picked":["Endless Agony+1","Concentrate+1","PiercingWail+1"],"picked":"Singing Bowl","floor":44},{"not_picked":["Wraith Form v2","Reflex+1"],"picked":"Acrobatics+1","floor":46},{"not_picked":["Blade Dance+1","Backstab","Quick Slash"],"picked":"Singing Bowl","floor":48}],"player_experience":693144,"relics_obtained":[{"floor":9,"key":"Singing Bowl"},{"floor":11,"key":"Toxic Egg 2"},{"floor":24,"key":"Calipers"},{"floor":43,"key":"Potion Belt"},{"floor":48,"key":"Gremlin Horn"}],"event_choices":[{"cards_removed":["Strike_G"],"damage_healed":0,"gold_gain":0,"player_choice":"Card Removal","damage_taken":0,"max_hp_gain":0,"max_hp_loss":0,"event_name":"The Cleric","floor":14,"gold_loss":50},{"damage_healed":0,"gold_gain":0,"player_choice":"2 cards matched","damage_taken":0,"max_hp_gain":0,"max_hp_loss":0,"event_name":"Match and Keep!","floor":20,"gold_loss":0,"cards_obtained":["Malaise","Neutralize"]},{"damage_healed":0,"gold_gain":0,"player_choice":"Smashed Altar","damage_taken":0,"max_hp_gain":0,"max_hp_loss":0,"event_name":"Forgotten Altar","floor":28,"gold_loss":0,"cards_obtained":["Decay"]},{"damage_healed":0,"gold_gain":0,"player_choice":"Ignored","damage_taken":0,"max_hp_gain":0,"max_hp_loss":0,"event_name":"Vampires","floor":30,"gold_loss":0},{"damage_healed":0,"gold_gain":0,"player_choice":"1 cards matched","damage_taken":0,"max_hp_gain":0,"max_hp_loss":0,"event_name":"Match and Keep!","floor":37,"gold_loss":0,"cards_obtained":["Deadly Poison"]},{"cards_removed":["Strike_G"],"damage_healed":0,"gold_gain":0,"player_choice":"Removed Attack","damage_taken":0,"max_hp_gain":0,"max_hp_loss":0,"event_name":"Falling","floor":47,"gold_loss":0}],"is_beta":false,"boss_relics":[{"not_picked":["HoveringKite","Runic Pyramid"],"picked":"Sozu"},{"not_picked":["Lizard Tail","Velvet Choker"],"picked":"Coffee Dripper"}],"items_purged_floors":[21,36],"is_endless":false,"potions_floor_spawned":[4,5,8,13,16,19,27,31,33,44,46,48],"ascension_level":0}