{"gold_per_floor":[144,189,234,279,324,324,369,369,444,444,489,534,579,624,624,924,924,969,1014,660,660,705,34,34,79,79,124,169,214,304,349,349,649,649,694,739,1738,1738,1783,1783,1783,1828,1903,1903],"floor_reached":44,"playtime":5262,"items_purged":["Strike_R","Strike_G"],"score":509,"play_id":"222c2d52-a460-4646-989d-1b5ea5440941","local_time":"20190217160253","daily_mods":["Chimera","Time Dilation","Midas"],"is_ascension_mode":false,"campfire_choices":[{"floor":6,"key":"REST"},{"floor":8,"key":"REST"},{"floor":15,"key":"REST"},{"floor":24,"key":"REST"},{"floor":32,"key":"REST"},{"floor":40,"key":"REST"}],"neow_cost":"","seed_source_timestamp":0,"circlet_count":0,"master_deck":["Bash","Survivor","Zap","Strike_B","Defend_R","Defend_G","Defend_B+1","Ball Lightning","Lockon+1","Steam","Sunder","Genetic Algorithm","Chaos","Rebound","Melter","Self Repair","Steam","Machine Learning","Tempest+1","Loop","Mind Blast","Violence","RitualDagger","Ball Lightning+1","Master of Strategy","Double Energy","Hyperbeam","Fusion","Gash+1","Tempest+1","Turbo+1","Streamline+1","White Noise+1","Machine Learning","Aggregate","Redo+1","Normality","Normality","Electrodynamics","Recycle"],"special_seed":17944,"relics":["Cracked Core","Mercury Hourglass","Lizard Tail","Blood Vial","Emotion Chip","Bag of Preparation","Philosopher\u0027s Stone","Molten Egg 2"],"potions_floor_usage":[30,31,33,39,44],"damage_taken":[{"damage":6,"enemies":"Jaw Worm","floor":1,"turns":3},{"damage":0,"enemies":"Small Slimes","floor":2,"turns":3},{"damage":3,"enemies":"2 Louse","floor":3,"turns":3},{"damage":0,"enemies":"Exordium Wildlife","floor":4,"turns":4},{"damage":0,"enemies":"3 Louse","floor":5,"turns":2},{"damage":0,"enemies":"Looter","floor":7,"turns":3},{"damage":2,"enemies":"Large Slime","floor":11,"turns":5},{"damage":0,"enemies":"3 Louse","floor":12,"turns":2},{"damage":0,"enemies":"Exordium Wildlife","floor":13,"turns":3},{"damage":3,"enemies":"Looter","floor":14,"turns":3},{"damage":38,"enemies":"Hexaghost","floor":16,"turns":9},{"damage":24,"enemies":"3 Byrds","floor":18,"turns":5},{"damage":14,"enemies":"2 Thieves","floor":19,"turns":4},{"damage":20,"enemies":"Centurion and Healer","floor":22,"turns":6},{"damage":3,"enemies":"3 Cultists","floor":25,"turns":4},{"damage":2,"enemies":"Snecko","floor":27,"turns":4},{"damage":21,"enemies":"Snake Plant","floor":28,"turns":3},{"damage":21,"enemies":"Centurion and Healer","floor":29,"turns":3},{"damage":16,"enemies":"Book of Stabbing","floor":30,"turns":3},{"damage":10,"enemies":"Chosen and Byrds","floor":31,"turns":3},{"damage":87,"enemies":"Automaton","floor":33,"turns":9},{"damage":5,"enemies":"3 Shapes","floor":35,"turns":3},{"damage":31,"enemies":"3 Darklings","floor":36,"turns":4},{"damage":31,"enemies":"Maw","floor":39,"turns":5},{"damage":37,"enemies":"Jaw Worm Horde","floor":42,"turns":3},{"damage":40,"enemies":"Transient","floor":44,"turns":5}],"seed_played":"3988833726402513641","potions_obtained":[{"floor":2,"key":"LiquidBronze"},{"floor":7,"key":"FearPotion"},{"floor":11,"key":"LiquidBronze"},{"floor":12,"key":"FocusPotion"},{"floor":14,"key":"Regen Potion"},{"floor":18,"key":"Strength Potion"},{"floor":29,"key":"Block Potion"},{"floor":33,"key":"FocusPotion"},{"floor":36,"key":"Ancient Potion"}],"is_trial":false,"path_per_floor":["M","M","M","M","M","R","M","R","T","?","M","M","M","M","R","B",null,"M","M","$","?","M","$","R","M","T","M","M","M","E","M","R","B",null,"M","M","?","?","M","R","?","M","T","M"],"character_chosen":"DEFECT","items_purchased":["Mind Blast","Violence","Master of Strategy","Blood Vial","Double Energy","Hyperbeam"],"campfire_rested":6,"item_purchase_floors":[20,20,23,23,23,23],"current_hp_per_floor":[69,69,66,66,66,75,75,75,75,60,58,58,58,62,75,44,75,58,51,51,45,32,32,54,53,53,60,41,22,8,9,31,28,75,70,48,48,48,26,48,48,13,13,0],"gold":1903,"neow_bonus":"","is_prod":false,"is_daily":true,"chose_seed":false,"campfire_upgraded":0,"win_rate":0.0,"timestamp":1550437373,"path_taken":["M","M","M","M","M","R","M","R","T","?","M","M","M","M","R","BOSS","M","M","$","?","M","$","R","M","T","M","M","M","E","M","R","BOSS","M","M","?","?","M","R","?","M","T","M"],"build_version":"2019-01-23","purchased_purges":2,"victory":false,"max_hp_per_floor":[75,75,75,75,75,75,75,75,75,75,75,75,75,75,75,75,75,75,75,75,75,75,75,75,75,75,75,75,75,75,75,75,75,75,75,75,75,75,75,75,75,75,75,75],"card_choices":[{"not_picked":["Rebound","Hologram"],"picked":"Ball Lightning","floor":1},{"not_picked":["Redo","Chill"],"picked":"Lockon","floor":2},{"not_picked":["Redo","Go for the Eyes"],"picked":"Steam","floor":3},{"not_picked":["Hello World","Chill"],"picked":"Sunder","floor":4},{"not_picked":["Recycle","Streamline"],"picked":"Genetic Algorithm","floor":5},{"not_picked":["Steam","Glacier"],"picked":"Chaos","floor":7},{"not_picked":["Compile Driver","Redo"],"picked":"Rebound","floor":11},{"not_picked":["Chill","Meteor Strike"],"picked":"Melter","floor":12},{"not_picked":["Rebound","Barrage"],"picked":"Self Repair","floor":13},{"not_picked":["Hologram","Cold Snap"],"picked":"Steam","floor":14},{"not_picked":["Reboot","Seek"],"picked":"Machine Learning","floor":16},{"not_picked":["Redo","Rebound"],"picked":"Tempest+1","floor":18},{"not_picked":["Leap","Compile Driver"],"picked":"Loop","floor":19},{"not_picked":["Chill+1","Consume"],"picked":"Ball Lightning+1","floor":22},{"not_picked":["Ball Lightning","Rebound"],"picked":"Fusion","floor":25},{"not_picked":["Redo","Coolheaded"],"picked":"Gash+1","floor":27},{"not_picked":["Defragment","Ball Lightning"],"picked":"Tempest+1","floor":28},{"not_picked":["Undo","Coolheaded"],"picked":"Turbo+1","floor":29},{"not_picked":["Undo","Ball Lightning"],"picked":"Streamline+1","floor":30},{"not_picked":["Cold Snap","Streamline"],"picked":"White Noise+1","floor":31},{"not_picked":["Biased Cognition","All For One"],"picked":"Machine Learning","floor":33},{"not_picked":["Conserve Battery","Beam Cell"],"picked":"Aggregate","floor":35},{"not_picked":["Gash","Hologram"],"picked":"Redo+1","floor":36},{"not_picked":["Capacitor+1","Chill+1"],"picked":"Electrodynamics","floor":39},{"not_picked":["Darkness","Storm"],"picked":"Recycle","floor":42}],"player_experience":6774,"relics_obtained":[{"floor":9,"key":"Mercury Hourglass"},{"floor":26,"key":"Emotion Chip"},{"floor":30,"key":"Bag of Preparation"},{"floor":43,"key":"Molten Egg 2"}],"event_choices":[{"damage_healed":0,"gold_gain":0,"player_choice":"Entered Light","damage_taken":15,"max_hp_gain":0,"max_hp_loss":0,"event_name":"Shining Light","floor":10,"gold_loss":0,"cards_upgraded":["Lockon","Defend_B"]},{"damage_healed":0,"gold_gain":0,"player_choice":"Joined the Cult","damage_taken":6,"max_hp_gain":0,"max_hp_loss":0,"event_name":"Nest","floor":21,"gold_loss":0,"cards_obtained":["RitualDagger"]},{"damage_healed":0,"gold_gain":999,"player_choice":"Gold","damage_taken":0,"max_hp_gain":0,"max_hp_loss":0,"event_name":"MindBloom","floor":37,"gold_loss":0,"cards_obtained":["Normality","Normality"]},{"damage_healed":0,"gold_gain":0,"player_choice":"Ignored","damage_taken":0,"max_hp_gain":0,"max_hp_loss":0,"event_name":"Mysterious Sphere","floor":38,"gold_loss":0},{"damage_healed":0,"gold_gain":0,"player_choice":"Ignored","damage_taken":0,"max_hp_gain":0,"max_hp_loss":0,"event_name":"Tomb of Lord Red Mask","floor":41,"gold_loss":0}],"is_beta":false,"boss_relics":[{"not_picked":["Runic Dome","Eternal Feather"],"picked":"Lizard Tail"},{"not_picked":["FrozenCore","Empty Cage"],"picked":"Philosopher\u0027s Stone"}],"items_purged_floors":[20,23],"is_endless":false,"potions_floor_spawned":[2,7,11,12,14,18,27,28,29,33,36],"killed_by":"Transient","ascension_level":0}