{"gold_per_floor":[115,130,130,149,149,149,183,201,201,201,217,217,97,126,126,227,227,241,255,255,255,273,273,223,223,270,270],"floor_reached":27,"playtime":1589,"items_purged":["Strike_R"],"score":221,"play_id":"1820c909-69bc-4a95-b867-640b254783bf","local_time":"20190129142920","is_ascension_mode":false,"campfire_choices":[{"data":"Flex","floor":6.0,"key":"SMITH"},{"data":"Intimidate","floor":10.0,"key":"SMITH"},{"data":"Juggernaut","floor":12.0,"key":"SMITH"},{"data":"Shrug It Off","floor":15.0,"key":"SMITH"},{"data":"Barricade","floor":23.0,"key":"SMITH"},{"data":"Iron Wave","floor":25.0,"key":"SMITH"}],"neow_cost":"NONE","seed_source_timestamp":3607101202452,"circlet_count":0,"master_deck":["Strike_R","Strike_R","Strike_R","Strike_R+1","Defend_R","Defend_R+1","Defend_R","Defend_R","Bash+1","Sword Boomerang","Flex+1","Intimidate+1","Iron Wave+1","Headbutt","Juggernaut+1","Shrug It Off+1","Warcry","Juggernaut","Body Slam+1","Barricade+1"],"special_seed":0,"relics":["Black Blood","Bag of Marbles","PreservedInsect","Question Card","Anchor"],"potions_floor_usage":[],"damage_taken":[{"damage":0.0,"enemies":"Jaw Worm","floor":1.0,"turns":4.0},{"damage":8.0,"enemies":"2 Louse","floor":2.0,"turns":3.0},{"damage":0.0,"enemies":"Cultist","floor":4.0,"turns":3.0},{"damage":14.0,"enemies":"Lagavulin","floor":7.0,"turns":7.0},{"damage":0.0,"enemies":"Exordium Wildlife","floor":8.0,"turns":2.0},{"damage":0.0,"enemies":"Large Slime","floor":11.0,"turns":3.0},{"damage":9.0,"enemies":"3 Sentries","floor":14.0,"turns":5.0},{"damage":20.0,"enemies":"Hexaghost","floor":16.0,"turns":8.0},{"damage":22.0,"enemies":"Spheric Guardian","floor":18.0,"turns":5.0},{"damage":20.0,"enemies":"3 Byrds","floor":19.0,"turns":5.0},{"damage":7.0,"enemies":"Snake Plant","floor":22.0,"turns":4.0},{"damage":71,"enemies":"Slavers","floor":27,"turns":6}],"seed_played":"2941679580723198139","potions_obtained":[{"floor":1.0,"key":"LiquidBronze"},{"floor":4.0,"key":"Block Potion"},{"floor":5.0,"key":"FairyPotion"},{"floor":11.0,"key":"SteroidPotion"},{"floor":14.0,"key":"Poison Potion"},{"floor":18.0,"key":"Poison Potion"}],"is_trial":false,"path_per_floor":["?","?","M","?","?","?"],"character_chosen":"IRONCLAD","items_purchased":["Shrug It Off"],"campfire_rested":0,"item_purchase_floors":[13],"current_hp_per_floor":[80,78,62,68,68,68,60,66,66,66,72,72,72,69,69,55,80,68,58,58,58,61,61,61,61,61,0],"gold":270,"neow_bonus":"UPGRADE_CARD","is_prod":false,"is_daily":false,"chose_seed":false,"campfire_upgraded":6,"win_rate":0,"timestamp":1548743360,"path_taken":["M","M","?","M","?","R","E","M","T","R","?","R","$","E","R","BOSS","M","M","?","?","M","R","?","R","T","E"],"build_version":"2019-01-23","purchased_purges":1,"victory":false,"max_hp_per_floor":[80,80,80,80,80,80,80,80,80,80,80,80,80,80,80,80,80,80,80,80,80,80,80,80,80,80,80],"card_choices":[{"not_picked":["Rampage","Reckless Charge"],"picked":"Sword Boomerang","floor":1.0},{"not_picked":["Sword Boomerang","Sentinel"],"picked":"Flex","floor":2.0},{"not_picked":["Headbutt","Wild Strike"],"picked":"Intimidate","floor":4.0},{"not_picked":["Twin Strike","Searing Blow"],"picked":"Iron Wave","floor":7.0},{"not_picked":["Disarm","Perfected Strike"],"picked":"Headbutt","floor":8.0},{"not_picked":["Pommel Strike","Twin Strike"],"picked":"Juggernaut","floor":11.0},{"not_picked":["Disarm","Havoc"],"picked":"Warcry","floor":14.0},{"not_picked":["Brutality","Fiend Fire","Double Tap"],"picked":"Juggernaut","floor":16.0},{"not_picked":["Anger","Power Through","Twin Strike"],"picked":"Body Slam+1","floor":18.0},{"not_picked":["Spot Weakness+1","Havoc","Thunderclap"],"picked":"Barricade","floor":19.0},{"not_picked":["Dual Wield","Clothesline","Carnage","Warcry"],"picked":"SKIP","floor":22.0}],"player_experience":117033,"relics_obtained":[{"floor":7.0,"key":"Bag of Marbles"},{"floor":9.0,"key":"PreservedInsect"},{"floor":14.0,"key":"Question Card"},{"floor":26.0,"key":"Anchor"}],"event_choices":[{"damage_healed":0.0,"max_hp_gain":0.0,"max_hp_loss":0.0,"gold_gain":0.0,"event_name":"Shining Light","player_choice":"Entered Light","floor":3.0,"gold_loss":0.0,"damage_taken":16.0,"cards_upgraded":["Defend_R","Strike_R"]},{"damage_healed":0.0,"max_hp_gain":0.0,"max_hp_loss":0.0,"gold_gain":0.0,"event_name":"Lab","player_choice":"Got Potions","floor":5.0,"gold_loss":0.0,"damage_taken":0.0},{"damage_healed":0.0,"max_hp_gain":0.0,"max_hp_loss":0.0,"gold_gain":0.0,"event_name":"Vampires","player_choice":"Ignored","floor":20.0,"gold_loss":0.0,"damage_taken":0.0},{"damage_healed":0.0,"max_hp_gain":0.0,"max_hp_loss":0.0,"gold_gain":0.0,"event_name":"Ghosts","player_choice":"Ignored","floor":21.0,"gold_loss":0.0,"damage_taken":0.0},{"damage_healed":0.0,"max_hp_gain":0.0,"max_hp_loss":0.0,"gold_gain":0.0,"event_name":"The Joust","player_choice":"Bet on Murderer","floor":24.0,"gold_loss":50.0,"damage_taken":0.0}],"is_beta":false,"boss_relics":[{"not_picked":["Busted Crown","Runic Cube"],"picked":"Black Blood"}],"items_purged_floors":[13],"is_endless":false,"potions_floor_spawned":[1,4,11,14,18,19],"killed_by":"Slavers","ascension_level":0}