{"gold_per_floor":[109,109,79,98,114,149,149,167,167,186,212,212,212,224,224,302,302,312,312,312,29,47,47,47],"floor_reached":24,"playtime":1448,"items_purged":[],"score":361,"play_id":"c722d14e-9797-4450-9e17-0e5a4a7d0c70","local_time":"20190110221029","is_ascension_mode":true,"campfire_choices":[{"data":"Armaments","floor":7,"key":"SMITH"},{"floor":12,"key":"REST"},{"floor":15,"key":"REST"},{"data":"Ghostly","floor":23,"key":"SMITH"}],"neow_cost":"NONE","seed_source_timestamp":89215786446911,"circlet_count":0,"master_deck":["AscendersBane","Strike_R","Strike_R","Strike_R+1","Strike_R","Strike_R","Defend_R","Defend_R","Defend_R","Defend_R+1","Bash","Infernal Blade","Armaments+1","Headbutt","Flex","Shrug It Off","Perfected Strike","Pommel Strike","Pommel Strike","Feed","Cleave","Decay","Ghostly+1","Ghostly","Ghostly","Entrench"],"relics":["Burning Blood","NeowsBlessing","Orichalcum","Bottled Lightning","Du-Vu Doll","Snecko Eye","Frozen Eye"],"potions_floor_usage":[6,11,11,16,16,22,24],"damage_taken":[{"damage":0,"enemies":"Small Slimes","floor":1,"turns":1},{"damage":0,"enemies":"Jaw Worm","floor":4,"turns":1},{"damage":0,"enemies":"Cultist","floor":5,"turns":1},{"damage":26,"enemies":"3 Sentries","floor":6,"turns":9},{"damage":27,"enemies":"Lots of Slimes","floor":8,"turns":5},{"damage":6,"enemies":"Looter","floor":10,"turns":4},{"damage":26,"enemies":"Gremlin Nob","floor":11,"turns":5},{"damage":29,"enemies":"Exordium Thugs","floor":14,"turns":5},{"damage":25,"enemies":"The Guardian","floor":16,"turns":14},{"damage":0,"enemies":"Chosen","floor":18,"turns":4},{"damage":0,"enemies":"Shell Parasite","floor":22,"turns":1},{"damage":57,"enemies":"Book of Stabbing","floor":24,"turns":7}],"seed_played":"7996694135571969050","potions_obtained":[{"floor":3,"key":"SteroidPotion"},{"floor":3,"key":"Ancient Potion"},{"floor":4,"key":"Strength Potion"},{"floor":10,"key":"BloodPotion"},{"floor":11,"key":"LiquidBronze"},{"floor":13,"key":"FearPotion"},{"floor":16,"key":"Fire Potion"}],"is_trial":false,"path_per_floor":["M","?","?","M","M","E","R","M","T","M","E","R","?","M","R","B",null,"M","?","?","$","M","R","E"],"character_chosen":"IRONCLAD","items_purchased":["Frozen Eye","Regen Potion"],"campfire_rested":2,"item_purchase_floors":[21,21],"current_hp_per_floor":[74,51,51,57,63,43,43,22,22,22,9,31,31,8,30,11,59,65,65,37,37,41,41,0],"gold":47,"neow_bonus":"THREE_ENEMY_KILL","is_prod":false,"is_daily":false,"chose_seed":false,"campfire_upgraded":2,"win_rate":0,"timestamp":1547187029,"path_taken":["M","?","?","M","?","E","R","?","T","M","E","R","?","M","R","BOSS","M","?","?","$","?","R","E"],"build_version":"2019-01-10","purchased_purges":0,"victory":false,"max_hp_per_floor":[75,75,75,75,75,75,75,75,75,75,75,75,75,75,75,75,75,75,75,37,37,41,41,41],"card_choices":[{"not_picked":["Clash","Entrench","Infernal Blade"],"picked":"SKIP","floor":1},{"not_picked":["Clash","Entrench"],"picked":"Infernal Blade","floor":1},{"not_picked":["Infernal Blade","Sword Boomerang"],"picked":"Armaments","floor":4},{"not_picked":["Flex","Shockwave"],"picked":"Headbutt","floor":5},{"not_picked":["Shockwave","Thunderclap"],"picked":"Flex","floor":6},{"not_picked":["Entrench","Anger"],"picked":"Shrug It Off","floor":8},{"not_picked":["Fiend Fire","Combust"],"picked":"Perfected Strike","floor":10},{"not_picked":["True Grit","Rage"],"picked":"Pommel Strike","floor":11},{"not_picked":["Body Slam","Entrench"],"picked":"Pommel Strike","floor":14},{"not_picked":["Exhume","Limit Break"],"picked":"Feed","floor":16},{"not_picked":["Inflame","Armaments"],"picked":"Cleave","floor":18},{"not_picked":["Rampage+1","Sever Soul"],"picked":"Entrench","floor":22}],"player_experience":460722,"relics_obtained":[{"floor":6,"key":"Orichalcum"},{"floor":9,"key":"Bottled Lightning"},{"floor":11,"key":"Du-Vu Doll"}],"event_choices":[{"damage_healed":0,"gold_gain":0,"player_choice":"Entered Light","damage_taken":23,"max_hp_gain":0,"max_hp_loss":0,"event_name":"Shining Light","floor":2,"gold_loss":0,"cards_upgraded":["Strike_R","Defend_R"]},{"damage_healed":0,"gold_gain":0,"player_choice":"Bought 2 Potions","damage_taken":0,"max_hp_gain":0,"max_hp_loss":0,"event_name":"The Woman in Blue","floor":3,"gold_loss":0},{"damage_healed":0,"gold_gain":0,"player_choice":"Got Potions","damage_taken":0,"max_hp_gain":0,"max_hp_loss":0,"event_name":"Lab","floor":13,"gold_loss":0},{"damage_healed":0,"gold_gain":0,"player_choice":"Smashed Altar","damage_taken":0,"max_hp_gain":0,"max_hp_loss":0,"event_name":"Forgotten Altar","floor":19,"gold_loss":0,"cards_obtained":["Decay"]},{"damage_healed":0,"gold_gain":0,"player_choice":"Became a Ghost","damage_taken":0,"max_hp_gain":0,"max_hp_loss":38,"event_name":"Ghosts","floor":20,"gold_loss":0,"cards_obtained":["Ghostly","Ghostly","Ghostly"]}],"is_beta":false,"boss_relics":[{"not_picked":["Velvet Choker","Philosopher\u0027s Stone"],"picked":"Snecko Eye"}],"items_purged_floors":[],"is_endless":false,"potions_floor_spawned":[4,10,11,16],"killed_by":"Book of Stabbing","ascension_level":15}