{"gold_per_floor":[110,110,125,50,65,65,65,93,93,93,93,103,103,83,83,185,185,201,201,201,111,11,11,24,123,123,140,171,46,0,18,18,18],"floor_reached":33,"playtime":1331,"items_purged":["Strike_R","Defend_R","Strike_R"],"score":274,"play_id":"f9e45b25-1030-4df0-851a-53411311489b","local_time":"20190226162518","is_ascension_mode":true,"campfire_choices":[{"data":"Bash","floor":6,"key":"SMITH"},{"floor":15,"key":"REST"},{"floor":23,"key":"REST"},{"floor":32,"key":"REST"}],"neow_cost":"NONE","seed_source_timestamp":357424347079367,"circlet_count":0,"master_deck":["Strike_R+1","Strike_R+1","Defend_R+1","Defend_R","Defend_R","Bash+1","Dropkick+1","Flash of Steel+1"],"relics":["Burning Blood","NeowsBlessing","Juzu Bracelet","Self Forming Clay","Pantograph","Kunai"],"potions_floor_usage":[28,28,33],"damage_taken":[{"damage":0,"enemies":"2 Louse","floor":1,"turns":1},{"damage":0,"enemies":"Cultist","floor":3,"turns":1},{"damage":0,"enemies":"Jaw Worm","floor":5,"turns":1},{"damage":26,"enemies":"Lagavulin","floor":8,"turns":5},{"damage":13,"enemies":"Large Slime","floor":12,"turns":7},{"damage":55,"enemies":"The Guardian","floor":16,"turns":13},{"damage":20,"enemies":"Shell Parasite","floor":18,"turns":6},{"damage":16,"enemies":"Spheric Guardian","floor":24,"turns":4},{"damage":10,"enemies":"Cultist and Chosen","floor":27,"turns":6},{"damage":44,"enemies":"Gremlin Leader","floor":28,"turns":8},{"damage":15,"enemies":"3 Cultists","floor":31,"turns":5},{"damage":82,"enemies":"Automaton","floor":33,"turns":10}],"seed_played":"5621962255791125031","potions_obtained":[{"floor":1,"key":"Energy Potion"},{"floor":12,"key":"SteroidPotion"},{"floor":14,"key":"Energy Potion"},{"floor":16,"key":"FearPotion"},{"floor":28,"key":"SkillPotion"}],"is_trial":false,"path_per_floor":["M","?","M","$","M","R","?","E","T","$","?","M","?","?","R","B",null,"M","?","?","?","$","R","M","?","T","M","E","$","?","M","R","B"],"character_chosen":"IRONCLAD","items_purchased":[],"campfire_rested":3,"item_purchase_floors":[],"current_hp_per_floor":[80,80,80,80,80,80,80,60,60,60,65,58,41,41,66,17,85,71,71,55,55,55,82,72,72,72,68,30,30,30,21,48,0],"gold":18,"neow_bonus":"THREE_ENEMY_KILL","is_prod":false,"is_daily":false,"chose_seed":false,"campfire_upgraded":1,"win_rate":0,"timestamp":1551169518,"path_taken":["M","?","?","?","M","R","?","E","T","$","?","M","?","?","R","BOSS","M","?","?","?","?","R","M","?","T","M","E","$","?","M","R","BOSS"],"build_version":"2019-01-23","purchased_purges":3,"victory":false,"max_hp_per_floor":[80,80,80,80,80,80,80,80,80,80,85,85,85,85,85,85,85,85,85,90,90,90,90,90,90,90,90,90,90,90,90,90,90],"card_choices":[{"not_picked":["Havoc","Flex"],"picked":"Dropkick","floor":1},{"not_picked":["Pommel Strike","Warcry","Thunderclap"],"picked":"SKIP","floor":3},{"not_picked":["Carnage","Warcry","Anger"],"picked":"SKIP","floor":5},{"not_picked":["Blood for Blood","Pommel Strike","Pummel"],"picked":"SKIP","floor":8},{"not_picked":["Thunderclap","Cleave","Body Slam"],"picked":"SKIP","floor":12},{"not_picked":["Evolve","Metallicize","Rupture"],"picked":"SKIP","floor":18},{"not_picked":["Bloodletting","Twin Strike","Clash"],"picked":"SKIP","floor":24},{"not_picked":["Wild Strike","Burning Pact","Corruption"],"picked":"SKIP","floor":27},{"not_picked":["Pommel Strike","Anger","Offering"],"picked":"SKIP","floor":28},{"not_picked":["Pummel","Feel No Pain","Flex+1"],"picked":"SKIP","floor":31}],"player_experience":87337,"relics_obtained":[{"floor":8,"key":"Juzu Bracelet"},{"floor":9,"key":"Self Forming Clay"},{"floor":26,"key":"Pantograph"},{"floor":28,"key":"Kunai"}],"event_choices":[{"damage_healed":0,"gold_gain":0,"player_choice":"Forge","damage_taken":0,"max_hp_gain":0,"max_hp_loss":0,"event_name":"Accursed Blacksmith","floor":2,"gold_loss":0,"cards_upgraded":["Dropkick"]},{"damage_healed":0,"gold_gain":0,"player_choice":"1 cards matched","damage_taken":0,"max_hp_gain":0,"max_hp_loss":0,"event_name":"Match and Keep!","floor":7,"gold_loss":0,"cards_obtained":["Flash of Steel"]},{"damage_healed":0,"gold_gain":0,"player_choice":"Donut","damage_taken":0,"max_hp_gain":5,"max_hp_loss":0,"event_name":"Big Fish","floor":11,"gold_loss":0},{"damage_healed":0,"gold_gain":0,"player_choice":"Entered Light","damage_taken":17,"max_hp_gain":0,"max_hp_loss":0,"event_name":"Shining Light","floor":13,"gold_loss":0,"cards_upgraded":["Strike_R","Strike_R"]},{"damage_healed":0,"gold_gain":0,"player_choice":"Bought 1 Potion","damage_taken":0,"max_hp_gain":0,"max_hp_loss":0,"event_name":"The Woman in Blue","floor":14,"gold_loss":0},{"damage_healed":0,"gold_gain":0,"player_choice":"Upgraded","damage_taken":0,"max_hp_gain":0,"max_hp_loss":0,"event_name":"Upgrade Shrine","floor":19,"gold_loss":0,"cards_upgraded":["Flash of Steel"]},{"damage_healed":0,"gold_gain":0,"player_choice":"Shed Blood","damage_taken":21,"max_hp_gain":5,"max_hp_loss":0,"event_name":"Forgotten Altar","floor":20,"gold_loss":0},{"cards_removed":["Strike_R"],"damage_healed":0,"gold_gain":0,"player_choice":"Upgrade and Remove","damage_taken":0,"max_hp_gain":0,"max_hp_loss":0,"event_name":"Designer","floor":21,"gold_loss":90,"cards_upgraded":["Defend_R"]},{"damage_healed":0,"gold_gain":99,"player_choice":"Stole From Cult","damage_taken":0,"max_hp_gain":0,"max_hp_loss":0,"event_name":"Nest","floor":25,"gold_loss":0},{"damage_healed":0,"gold_gain":0,"player_choice":"Paid Fearfully","damage_taken":0,"max_hp_gain":0,"max_hp_loss":0,"event_name":"Masked Bandits","floor":30,"gold_loss":46}],"is_beta":false,"boss_relics":[{"not_picked":["Ectoplasm","Cursed Key","Orrery"]}],"items_purged_floors":[4,22,29],"is_endless":false,"potions_floor_spawned":[1,12,16,28],"killed_by":"Automaton","ascension_level":1}