{"gold_per_floor":[111,186,202,202,202,233,233,258,258,258,258,288,307,12,12,114,114,128,143,69,69,93,125,160,172,172,184,210,222,234,272,284,395,407,430,442,397,114,134,134,168,168,168,168,201,201,220,237,237,237],"floor_reached":51,"playtime":3186,"items_purged":["Strike_R+1"],"score":1198,"play_id":"abe5d4f4-ca92-44e3-b22b-2a3d06b7e96d","local_time":"20190128114825","is_ascension_mode":true,"campfire_choices":[{"data":"Combust","floor":7,"key":"SMITH"},{"data":"Shockwave","floor":15,"key":"SMITH"},{"floor":27,"key":"REST"},{"data":"Limit Break","floor":30,"key":"SMITH"},{"data":"Pommel Strike","floor":32,"key":"SMITH"},{"data":"Enlightenment","floor":40,"key":"SMITH"},{"data":"Bash","floor":42,"key":"SMITH"},{"data":"Demon Form","floor":44,"key":"SMITH"},{"floor":49,"key":"REST"}],"neow_cost":"NONE","seed_source_timestamp":0,"circlet_count":0,"master_deck":["Strike_R+1","Strike_R+1","Strike_R+1","Strike_R+1","Defend_R+1","Defend_R+1","Defend_R+1","Bash+1","Perfected Strike+1","Combust+1","Thunderclap","Parasite","Pommel Strike+1","Shockwave+1","Inflame","Reaper","Twin Strike","Limit Break+1","Clumsy","Twin Strike","Inflame","Inflame","Pain","Shrug It Off+1","Demon Form+1","Enlightenment+1","Pain"],"special_seed":0,"relics":["Burning Blood","NeowsBlessing","Bottled Flame","Bag of Marbles","Sundial","Du-Vu Doll","Oddly Smooth Stone","Mummified Hand","Cursed Key","Smiling Mask","Matryoshka","Red Mask","MawBank","Happy Flower","Vajra","Mark of Pain","Frozen Egg 2","Singing Bowl","Meat on the Bone","Mercury Hourglass","Boot","Blood Vial"],"potions_floor_usage":[23,23,31,50,50,50],"damage_taken":[{"damage":0,"enemies":"2 Louse","floor":1,"turns":1},{"damage":0,"enemies":"Jaw Worm","floor":3,"turns":1},{"damage":0,"enemies":"3 Sentries","floor":6,"turns":2},{"damage":44,"enemies":"Lagavulin","floor":8,"turns":6},{"damage":8,"enemies":"Gremlin Nob","floor":12,"turns":3},{"damage":0,"enemies":"Small Slimes","floor":13,"turns":2},{"damage":25,"enemies":"The Guardian","floor":16,"turns":7},{"damage":5,"enemies":"Spheric Guardian","floor":18,"turns":3},{"damage":2,"enemies":"3 Byrds","floor":19,"turns":3},{"damage":35,"enemies":"Gremlin Leader","floor":23,"turns":5},{"damage":22,"enemies":"Masked Bandits","floor":24,"turns":4},{"damage":12,"enemies":"Sentry and Sphere","floor":25,"turns":3},{"damage":0,"enemies":"Centurion and Healer","floor":28,"turns":2},{"damage":14,"enemies":"Book of Stabbing","floor":31,"turns":4},{"damage":34,"enemies":"Collector","floor":33,"turns":6},{"damage":16,"enemies":"3 Shapes","floor":35,"turns":3},{"damage":0,"enemies":"Orb Walker","floor":39,"turns":1},{"damage":7,"enemies":"Giant Head","floor":41,"turns":5},{"damage":38,"enemies":"Nemesis","floor":45,"turns":3},{"damage":32,"enemies":"3 Darklings","floor":47,"turns":5},{"damage":56,"enemies":"Maw","floor":48,"turns":6},{"damage":89,"enemies":"Donu and Deca","floor":50,"turns":5}],"seed_played":"-122076909937299452","potions_obtained":[{"floor":6,"key":"Explosive Potion"},{"floor":12,"key":"GamblersBrew"},{"floor":16,"key":"BloodPotion"},{"floor":18,"key":"Poison Potion"},{"floor":28,"key":"LiquidBronze"},{"floor":33,"key":"SkillPotion"},{"floor":35,"key":"Weak Potion"},{"floor":41,"key":"PowerPotion"}],"is_trial":false,"path_per_floor":["?","?","?","?","?","M","$","?","T","?","?","?","?","M","?"],"character_chosen":"IRONCLAD","items_purchased":["Inflame","Mummified Hand","Limit Break","Singing Bowl"],"campfire_rested":2,"item_purchase_floors":[14,14,20,38],"current_hp_per_floor":[80,69,75,68,68,74,74,36,36,56,44,42,48,48,48,29,80,80,80,80,80,80,51,45,39,39,63,69,69,69,61,61,55,80,70,70,70,70,78,78,84,84,84,84,54,54,88,55,82,67],"gold":237,"neow_bonus":"THREE_ENEMY_KILL","is_prod":false,"is_daily":false,"chose_seed":false,"campfire_upgraded":7,"win_rate":0,"timestamp":1548647305,"path_taken":["M","?","M","?","?","E","R","E","T","?","?","E","?","?","R","BOSS","M","M","$","?","?","E","?","M","T","R","M","?","R","E","R","BOSS","M","?","?","$","?","R","E","R","T","R","E","?","M","M","R","BOSS"],"build_version":"2019-01-23","purchased_purges":1,"victory":true,"max_hp_per_floor":[80,80,80,80,80,80,80,80,80,80,80,80,80,80,80,80,80,80,80,80,80,80,80,80,80,80,80,80,80,80,80,80,80,80,80,80,80,80,82,82,84,84,84,84,86,86,88,90,90,90],"card_choices":[{"not_picked":["Intimidate","Heavy Blade"],"picked":"Perfected Strike","floor":1},{"not_picked":["Anger","Searing Blow","Havoc"],"picked":"SKIP","floor":3},{"not_picked":["Carnage","Shrug It Off"],"picked":"Combust","floor":6},{"not_picked":["Rage","Sever Soul"],"picked":"Thunderclap","floor":8},{"not_picked":["Burning Pact","Infernal Blade"],"picked":"Pommel Strike","floor":12},{"not_picked":["Heavy Blade","Sentinel"],"picked":"Shockwave","floor":13},{"not_picked":["Brutality","Double Tap"],"picked":"Reaper","floor":16},{"not_picked":["Pummel","Clash+1","Body Slam+1"],"picked":"SKIP","floor":18},{"not_picked":["Anger","Spot Weakness"],"picked":"Twin Strike","floor":19},{"not_picked":["Blood for Blood","Sword Boomerang+1"],"picked":"Twin Strike","floor":23},{"not_picked":["Warcry","Rampage+1"],"picked":"Inflame","floor":24},{"not_picked":["Twin Strike","Infernal Blade"],"picked":"Inflame","floor":25},{"not_picked":["Uppercut","True Grit"],"picked":"Shrug It Off+1","floor":28},{"not_picked":["Anger","Searing Blow","Shockwave"],"picked":"SKIP","floor":31},{"not_picked":["Fiend Fire","Feed"],"picked":"Demon Form","floor":33},{"not_picked":["Spot Weakness","Hemokinesis+1","Iron Wave+1"],"picked":"SKIP","floor":35},{"not_picked":["Discovery","Jack Of All Trades"],"picked":"Enlightenment","floor":36},{"not_picked":["Wild Strike","Heavy Blade","Armaments+1"],"picked":"Singing Bowl","floor":39},{"not_picked":["True Grit+1","Clash","Seeing Red"],"picked":"Singing Bowl","floor":41},{"not_picked":["Rampage","Exhume","Clothesline+1"],"picked":"Singing Bowl","floor":45},{"not_picked":["Shrug It Off","Pummel","Bloodletting+1"],"picked":"Singing Bowl","floor":47},{"not_picked":["Sword Boomerang+1","Combust+1","Corruption+1"],"picked":"Singing Bowl","floor":48}],"player_experience":72696,"relics_obtained":[{"floor":6,"key":"Bottled Flame"},{"floor":8,"key":"Bag of Marbles"},{"floor":9,"key":"Sundial"},{"floor":12,"key":"Oddly Smooth Stone"},{"floor":22,"key":"Smiling Mask"},{"floor":23,"key":"Matryoshka"},{"floor":24,"key":"Red Mask"},{"floor":26,"key":"MawBank"},{"floor":26,"key":"Happy Flower"},{"floor":31,"key":"Vajra"},{"floor":41,"key":"Meat on the Bone"},{"floor":43,"key":"Mercury Hourglass"},{"floor":43,"key":"Boot"},{"floor":45,"key":"Blood Vial"}],"event_choices":[{"damage_healed":0,"gold_gain":75,"player_choice":"Gather Gold","damage_taken":11,"max_hp_gain":0,"max_hp_loss":0,"event_name":"World of Goop","floor":2,"gold_loss":0},{"cards_removed":["Defend_R"],"damage_healed":0,"gold_gain":0,"player_choice":"Card Removal","damage_taken":7,"max_hp_gain":0,"max_hp_loss":0,"event_name":"Golden Wing","floor":4,"gold_loss":0},{"damage_healed":0,"gold_gain":0,"player_choice":"Grow","damage_taken":0,"max_hp_gain":0,"max_hp_loss":0,"event_name":"Living Wall","floor":5,"gold_loss":0,"cards_upgraded":["Perfected Strike"]},{"damage_healed":20,"gold_gain":0,"player_choice":"Healed and dodged fight","damage_taken":0,"max_hp_gain":0,"max_hp_loss":0,"event_name":"Mushrooms","floor":10,"gold_loss":0,"cards_obtained":["Parasite"]},{"damage_healed":0,"gold_gain":0,"player_choice":"Success","damage_taken":12,"relics_obtained":["Du-Vu Doll"],"max_hp_gain":0,"max_hp_loss":0,"event_name":"Scrap Ooze","floor":11,"gold_loss":0},{"damage_healed":0,"gold_gain":0,"player_choice":"Ignored","damage_taken":0,"max_hp_gain":0,"max_hp_loss":0,"event_name":"Ghosts","floor":21,"gold_loss":0},{"damage_healed":0,"gold_gain":0,"player_choice":"Fought Bandits","damage_taken":0,"max_hp_gain":0,"max_hp_loss":0,"event_name":"Masked Bandits","floor":24,"gold_loss":0},{"damage_healed":0,"gold_gain":0,"player_choice":"Simplicity","damage_taken":0,"max_hp_gain":0,"max_hp_loss":0,"event_name":"Back to Basics","floor":29,"gold_loss":0,"cards_upgraded":["Strike_R","Strike_R","Strike_R","Strike_R","Strike_R","Defend_R","Defend_R","Defend_R"]},{"damage_healed":0,"gold_gain":0,"player_choice":"Memory 1","damage_taken":0,"max_hp_gain":0,"max_hp_loss":0,"event_name":"SensoryStone","floor":36,"gold_loss":0},{"damage_healed":0,"gold_gain":0,"player_choice":"Paid Gold","damage_taken":0,"relics_obtained":["Frozen Egg 2"],"max_hp_gain":0,"max_hp_loss":0,"event_name":"WeMeetAgain","floor":37,"gold_loss":57},{"damage_healed":0,"gold_gain":0,"player_choice":"Ignored","damage_taken":0,"max_hp_gain":0,"max_hp_loss":0,"event_name":"Tomb of Lord Red Mask","floor":46,"gold_loss":0}],"is_beta":false,"boss_relics":[{"not_picked":["Sozu","Runic Dome"],"picked":"Cursed Key"},{"not_picked":["Snecko Eye","Orrery"],"picked":"Mark of Pain"}],"items_purged_floors":[38],"is_endless":false,"potions_floor_spawned":[6,12,16,18,28,33,35,41,45],"ascension_level":4}