{"gold_per_floor":[11,28,42,60,70,96,108,108,108,143,169,203,221,296,296,370,370,388,229,154,164,182,208,208,226,226,253,253,263,263,294,294,294],"floor_reached":33,"playtime":1837,"items_purged":["Strike_R"],"score":637,"play_id":"18efd13e-92cb-4e5a-83dd-a4326f9120c7","local_time":"20190125213349","is_ascension_mode":true,"campfire_choices":[{"data":"Seeing Red","floor":15,"key":"SMITH"},{"data":"Whirlwind","floor":24,"key":"SMITH"},{"data":"Dark Embrace","floor":32,"key":"SMITH"}],"neow_cost":"NO_GOLD","seed_source_timestamp":517188086861648,"circlet_count":0,"master_deck":["AscendersBane","Strike_R+1","Defend_R","Defend_R","Defend_R","Defend_R","Bash","Disarm","Flame Barrier","Anger+1","Clothesline","Seeing Red+1","Cleave","Whirlwind+1","Iron Wave","Infernal Blade+1","Feed","Shrug It Off+1","Flex+1","Feel No Pain","Shockwave+1","Havoc+1","Infernal Blade+1","Spot Weakness+1","Ghostly+1","Ghostly+1","Ghostly+1","Dark Embrace+1","Offering+1","Bash"],"relics":["Burning Blood","FossilizedHelix","Vajra","Anchor","Toxic Egg 2","Whetstone","Odd Mushroom","Bag of Preparation","Empty Cage","Meat on the Bone","The Courier","Letter Opener","Bottled Lightning"],"potions_floor_usage":[6,7,10,16,18,23,31,33,33],"damage_taken":[{"damage":0,"enemies":"Cultist","floor":1,"turns":4},{"damage":1,"enemies":"2 Louse","floor":2,"turns":4},{"damage":0,"enemies":"Jaw Worm","floor":3,"turns":5},{"damage":1,"enemies":"Blue Slaver","floor":4,"turns":5},{"damage":16,"enemies":"3 Louse","floor":5,"turns":3},{"damage":31,"enemies":"Lagavulin","floor":6,"turns":8},{"damage":0,"enemies":"Gremlin Gang","floor":7,"turns":3},{"damage":15,"enemies":"3 Sentries","floor":10,"turns":4},{"damage":0,"enemies":"The Mushroom Lair","floor":11,"turns":2},{"damage":13,"enemies":"Lagavulin","floor":12,"turns":7},{"damage":0,"enemies":"2 Fungi Beasts","floor":13,"turns":2},{"damage":25,"enemies":"The Guardian","floor":16,"turns":18},{"damage":0,"enemies":"Shell Parasite","floor":18,"turns":3},{"damage":0,"enemies":"Chosen","floor":21,"turns":6},{"damage":0,"enemies":"3 Cultists","floor":22,"turns":2},{"damage":5,"enemies":"Slavers","floor":23,"turns":4},{"damage":10,"enemies":"Centurion and Healer","floor":25,"turns":7},{"damage":24,"enemies":"Book of Stabbing","floor":27,"turns":7},{"damage":0,"enemies":"Snake Plant","floor":29,"turns":5},{"damage":0,"enemies":"Gremlin Leader","floor":31,"turns":3},{"damage":57,"enemies":"Automaton","floor":33,"turns":8}],"seed_played":"-1975425309624594234","potions_obtained":[{"floor":3,"key":"Regen Potion"},{"floor":4,"key":"Explosive Potion"},{"floor":6,"key":"PowerPotion"},{"floor":12,"key":"EssenceOfSteel"},{"floor":16,"key":"FearPotion"},{"floor":18,"key":"Regen Potion"},{"floor":27,"key":"SkillPotion"},{"floor":31,"key":"Explosive Potion"}],"is_trial":false,"path_per_floor":["M","M","M","M","M","E","M","T","T","E","?","E","M","?","R","B",null,"M","$","?","M","M","E","R","M","T","E","?","M","?","E","R","B"],"character_chosen":"IRONCLAD","items_purchased":["Flex+1","PowerPotion"],"campfire_rested":0,"item_purchase_floors":[19,19],"current_hp_per_floor":[74,75,75,75,65,52,58,58,58,49,55,48,54,43,43,24,62,68,68,68,74,75,78,78,77,77,59,40,40,40,40,40,0],"gold":294,"neow_bonus":"ONE_RARE_RELIC","is_prod":false,"is_daily":false,"chose_seed":false,"campfire_upgraded":3,"win_rate":0,"timestamp":1548480829,"path_taken":["M","M","M","M","M","E","M","?","T","E","?","E","M","?","R","BOSS","M","$","?","M","M","E","R","M","T","E","?","M","?","E","R","BOSS"],"build_version":"2019-01-23","purchased_purges":1,"victory":false,"max_hp_per_floor":[75,75,75,75,75,75,75,75,75,75,75,75,75,75,75,75,75,75,75,75,75,75,78,78,81,81,81,40,40,40,40,40,40],"card_choices":[{"not_picked":["Headbutt","Heavy Blade"],"picked":"Disarm","floor":1},{"not_picked":["Sword Boomerang","Thunderclap"],"picked":"Flame Barrier","floor":2},{"not_picked":["Clash","Hemokinesis"],"picked":"Anger","floor":3},{"not_picked":["Shockwave","Sentinel"],"picked":"Clothesline","floor":4},{"not_picked":["Body Slam","Anger"],"picked":"Seeing Red","floor":5},{"not_picked":["Wild Strike","Clash"],"picked":"Cleave","floor":6},{"not_picked":["Havoc","Rampage"],"picked":"Whirlwind","floor":7},{"not_picked":["Combust","Anger","Heavy Blade"],"picked":"SKIP","floor":10},{"not_picked":["Hemokinesis","Fiend Fire"],"picked":"Iron Wave","floor":11},{"not_picked":["Warcry+1","Perfected Strike"],"picked":"Infernal Blade+1","floor":12},{"not_picked":["Iron Wave","Havoc+1","Evolve"],"picked":"SKIP","floor":13},{"not_picked":["Brutality","Immolate"],"picked":"Feed","floor":16},{"not_picked":["Rupture","Thunderclap"],"picked":"Shrug It Off+1","floor":18},{"not_picked":["Anger","Wild Strike"],"picked":"Feel No Pain","floor":21},{"not_picked":["Body Slam","Clothesline"],"picked":"Shockwave+1","floor":22},{"not_picked":["Clothesline","Clash+1"],"picked":"Havoc+1","floor":23},{"not_picked":["Heavy Blade","Perfected Strike"],"picked":"Infernal Blade+1","floor":25},{"not_picked":["Havoc+1","Body Slam"],"picked":"Spot Weakness+1","floor":27},{"not_picked":["True Grit+1","Heavy Blade"],"picked":"Dark Embrace","floor":29},{"not_picked":["Feed","Flex+1","Clothesline"],"picked":"SKIP","floor":31},{"not_picked":["Feed","Flex+1","Clothesline"],"picked":"SKIP","floor":31}],"player_experience":502763,"relics_obtained":[{"floor":6,"key":"Vajra"},{"floor":8,"key":"Anchor"},{"floor":9,"key":"Toxic Egg 2"},{"floor":10,"key":"Whetstone"},{"floor":11,"key":"Odd Mushroom"},{"floor":12,"key":"Bag of Preparation"},{"floor":23,"key":"Meat on the Bone"},{"floor":26,"key":"The Courier"},{"floor":27,"key":"Letter Opener"},{"floor":31,"key":"Bottled Lightning"}],"event_choices":[{"damage_healed":0,"gold_gain":0,"player_choice":"Fought Mushrooms","damage_taken":0,"max_hp_gain":0,"max_hp_loss":0,"event_name":"Mushrooms","floor":11,"gold_loss":0},{"damage_healed":0,"gold_gain":75,"player_choice":"Gather Gold","damage_taken":11,"max_hp_gain":0,"max_hp_loss":0,"event_name":"World of Goop","floor":14,"gold_loss":0},{"cards_removed":["Strike_R"],"damage_healed":0,"gold_gain":0,"player_choice":"Gave Gold","damage_taken":0,"max_hp_gain":0,"max_hp_loss":0,"event_name":"Beggar","floor":20,"gold_loss":75},{"damage_healed":0,"gold_gain":0,"player_choice":"Became a Ghost","damage_taken":0,"max_hp_gain":0,"max_hp_loss":41,"event_name":"Ghosts","floor":28,"gold_loss":0,"cards_obtained":["Ghostly","Ghostly","Ghostly"]},{"damage_healed":0,"gold_gain":0,"player_choice":"2 cards matched","damage_taken":0,"max_hp_gain":0,"max_hp_loss":0,"event_name":"Match and Keep!","floor":30,"gold_loss":0,"cards_obtained":["Offering","Bash"]}],"is_beta":false,"boss_relics":[{"not_picked":["Lizard Tail","Calling Bell"],"picked":"Empty Cage"}],"items_purged_floors":[19],"is_endless":false,"potions_floor_spawned":[3,4,6,12,16,18,27,29,31],"killed_by":"Automaton","ascension_level":16}