{"gold_per_floor":[116,127,127,52,72,72,97,97,97,172,85,100,100,113,113,113],"floor_reached":16,"playtime":421,"items_purged":["Strike_B"],"score":185,"play_id":"b2a9d5ac-ec63-4d19-9494-5c31ae2bb97d","local_time":"20181114170420","is_ascension_mode":true,"campfire_choices":[{"data":"Streamline","floor":6,"key":"SMITH"},{"floor":8,"key":"REST"},{"floor":15,"key":"REST"}],"neow_cost":"TEN_PERCENT_HP_LOSS","seed_source_timestamp":359436092019292,"circlet_count":0,"master_deck":["AscendersBane","Strike_B","Strike_B","Strike_B","Defend_B","Defend_B","Defend_B","Defend_B","Zap","Dualcast","Mayhem+1","Deep Breath","Fusion","Sweeping Beam","Streamline+1","Sunder","Defragment+1","Rebound","Conserve Battery","Storm"],"relics":["Cracked Core","Pocketwatch","Prayer Wheel"],"potions_floor_usage":[7,12,12],"damage_taken":[{"damage":2,"enemies":"Cultist","floor":1,"turns":4},{"damage":11,"enemies":"Jaw Worm","floor":2,"turns":4},{"damage":4,"enemies":"Small Slimes","floor":5,"turns":4},{"damage":34,"enemies":"Gremlin Nob","floor":7,"turns":4},{"damage":1,"enemies":"Red Slaver","floor":12,"turns":4},{"damage":10,"enemies":"Gremlin Gang","floor":14,"turns":4},{"damage":36,"enemies":"The Guardian","floor":16,"turns":2}],"seed_played":"1044929249456837181","potions_obtained":[{"floor":1,"key":"SkillPotion"},{"floor":2,"key":"EssenceOfSteel"},{"floor":7,"key":"EssenceOfSteel"},{"floor":14,"key":"SpeedPotion"}],"is_trial":false,"path_per_floor":["M","M","?","$","M","R","E","R","T","?","$","M","?","M","R","B"],"character_chosen":"DEFECT","items_purchased":["Defragment"],"campfire_rested":2,"item_purchase_floors":[11],"current_hp_per_floor":[62,51,51,51,47,47,13,32,32,21,21,20,20,10,29,0],"gold":113,"neow_bonus":"RANDOM_COLORLESS_2","is_prod":false,"is_daily":false,"chose_seed":false,"campfire_upgraded":1,"win_rate":0,"timestamp":1542211460,"path_taken":["M","M","?","?","?","R","E","R","T","?","$","M","?","M","R","BOSS"],"build_version":"2018-11-08","purchased_purges":1,"victory":false,"max_hp_per_floor":[64,64,64,64,64,64,64,64,64,64,64,64,64,64,64,64],"card_choices":[{"not_picked":["Rebound","Scrape"],"picked":"Fusion","floor":1},{"not_picked":["Rebound","Barrage"],"picked":"Sweeping Beam","floor":2},{"not_picked":["Ball Lightning","Undo"],"picked":"Streamline","floor":5},{"not_picked":["Aggregate","Double Energy"],"picked":"Sunder","floor":7},{"not_picked":["Redo","Barrage"],"picked":"Rebound","floor":12},{"not_picked":["Streamline","Genetic Algorithm"],"picked":"Conserve Battery","floor":12},{"not_picked":["Reinforced Body","Scrape"],"picked":"Storm","floor":14},{"not_picked":["Hologram","All For One","Coolheaded"],"picked":"SKIP","floor":14}],"player_experience":661270,"relics_obtained":[{"floor":7,"key":"Pocketwatch"},{"floor":9,"key":"Prayer Wheel"}],"event_choices":[{"damage_healed":0,"gold_gain":0,"player_choice":"Upgraded","damage_taken":0,"max_hp_gain":0,"max_hp_loss":0,"event_name":"Upgrade Shrine","floor":3,"gold_loss":0,"cards_upgraded":["Mayhem"]},{"damage_healed":0,"gold_gain":75,"player_choice":"Gather Gold","damage_taken":11,"max_hp_gain":0,"max_hp_loss":0,"event_name":"World of Goop","floor":10,"gold_loss":0},{"damage_healed":0,"gold_gain":0,"player_choice":"Forge","damage_taken":0,"max_hp_gain":0,"max_hp_loss":0,"event_name":"Accursed Blacksmith","floor":13,"gold_loss":0,"cards_upgraded":["Defragment"]}],"is_beta":false,"boss_relics":[],"items_purged_floors":[4],"is_endless":false,"potions_floor_spawned":[1,2,7,14],"killed_by":"The Guardian","ascension_level":17}