{"gold_per_floor":[109,129,129,36,46,63,96,196,196,210,210,223,235,248,248,346,346,366,383,403,256,256],"floor_reached":22,"playtime":3380,"items_purged":[],"score":192,"play_id":"cc5ebbe1-d123-4efd-846a-86f81a91c172","local_time":"20190217001217","is_ascension_mode":false,"campfire_choices":[{"floor":11.0,"key":"REST"},{"floor":15,"key":"REST"}],"neow_cost":"","seed_source_timestamp":0,"circlet_count":0,"master_deck":["Strike_R","Strike_R","Strike_R","Strike_R","Strike_R","Defend_R","Defend_R","Defend_R","Defend_R","Bash","Warcry+1","Uppercut","Whirlwind","Shrug It Off","Headbutt","Reckless Charge","Hemokinesis","Cleave","Uppercut","Uppercut","Anger","Offering","Burning Pact+1","Anger","True Grit+1","Rampage","Rupture"],"special_seed":0,"relics":["Burning Blood","Potion Belt","PreservedInsect","Sozu"],"potions_floor_usage":[16],"damage_taken":[{"damage":2.0,"enemies":"2 Louse","floor":1.0,"turns":3.0},{"damage":1.0,"enemies":"Cultist","floor":2.0,"turns":4.0},{"damage":6.0,"enemies":"Jaw Worm","floor":5.0,"turns":4.0},{"damage":8.0,"enemies":"Red Slaver","floor":6.0,"turns":5.0},{"damage":65.0,"enemies":"Gremlin Nob","floor":7.0,"turns":6.0},{"damage":0.0,"enemies":"Large Slime","floor":10.0,"turns":4.0},{"damage":7.0,"enemies":"Exordium Thugs","floor":12.0,"turns":3.0},{"damage":2.0,"enemies":"Looter","floor":13.0,"turns":2.0},{"damage":14.0,"enemies":"3 Louse","floor":14.0,"turns":3.0},{"damage":53,"enemies":"The Guardian","floor":16,"turns":11},{"damage":16,"enemies":"Spheric Guardian","floor":18,"turns":4},{"damage":27,"enemies":"2 Thieves","floor":19,"turns":4},{"damage":40,"enemies":"Chosen and Byrds","floor":20,"turns":6},{"damage":20,"enemies":"Colosseum Slavers","floor":22,"turns":1}],"seed_played":"8010418578853251903","potions_obtained":[{"floor":1.0,"key":"Strength Potion"},{"floor":6.0,"key":"Swift Potion"},{"floor":10.0,"key":"Swift Potion"},{"floor":12.0,"key":"Poison Potion"}],"is_trial":false,"path_per_floor":["M","M","?","$","M","M","E","?","T","M","R","M","M","M","R","B",null,"M","M","M","$","?"],"character_chosen":"IRONCLAD","items_purchased":["Whirlwind","Shrug It Off","Rampage","Rupture"],"campfire_rested":2,"item_purchase_floors":[4,4,21,21],"current_hp_per_floor":[80,80,80,80,80,78,19,19,19,25,49,48,52,44,68,21,80,70,49,15,15,0],"gold":256,"neow_bonus":"","is_prod":false,"is_daily":false,"chose_seed":false,"campfire_upgraded":0,"win_rate":0.0,"timestamp":1550380337,"path_taken":["M","M","?","$","?","M","E","?","T","M","R","M","M","M","R","BOSS","M","M","M","$","?"],"build_version":"2019-01-23","purchased_purges":0,"victory":false,"max_hp_per_floor":[80,80,80,80,80,80,80,80,80,80,80,80,80,80,80,80,80,80,80,80,80,80],"card_choices":[{"not_picked":["Rage","Corruption"],"picked":"Warcry","floor":1.0},{"not_picked":["Thunderclap","Armaments"],"picked":"Uppercut","floor":2.0},{"not_picked":["Sword Boomerang","Twin Strike"],"picked":"Headbutt","floor":5.0},{"not_picked":["Juggernaut","Sword Boomerang"],"picked":"Reckless Charge","floor":6.0},{"not_picked":["Inflame","Sever Soul"],"picked":"Hemokinesis","floor":7.0},{"not_picked":["Searing Blow","Sword Boomerang"],"picked":"Cleave","floor":10.0},{"not_picked":["Sword Boomerang","Power Through"],"picked":"Uppercut","floor":12.0},{"not_picked":["Twin Strike","Sword Boomerang"],"picked":"Uppercut","floor":13.0},{"not_picked":["Sever Soul","Shrug It Off"],"picked":"Anger","floor":14.0},{"not_picked":["Demon Form","Barricade"],"picked":"Offering","floor":16},{"not_picked":["Clothesline","Shrug It Off"],"picked":"Burning Pact+1","floor":18},{"not_picked":["Armaments","Headbutt"],"picked":"Anger","floor":19},{"not_picked":["Sword Boomerang+1","Cleave"],"picked":"True Grit+1","floor":20}],"player_experience":0,"relics_obtained":[{"floor":7.0,"key":"Potion Belt"},{"floor":9.0,"key":"PreservedInsect"}],"event_choices":[{"damage_healed":0.0,"max_hp_gain":0.0,"max_hp_loss":0.0,"gold_gain":0.0,"event_name":"Accursed Blacksmith","player_choice":"Forge","floor":3.0,"gold_loss":0.0,"damage_taken":0.0,"cards_upgraded":["Warcry"]},{"damage_healed":0.0,"max_hp_gain":0.0,"max_hp_loss":0.0,"gold_gain":100.0,"event_name":"Golden Shrine","player_choice":"Pray","floor":8.0,"gold_loss":0.0,"damage_taken":0.0},{"damage_healed":0,"gold_gain":0,"player_choice":"Fight","damage_taken":0,"max_hp_gain":0,"max_hp_loss":0,"event_name":"Colosseum","floor":22,"gold_loss":0}],"is_beta":false,"boss_relics":[{"not_picked":["Philosopher\u0027s Stone","Mark of Pain"],"picked":"Sozu"}],"items_purged_floors":[],"is_endless":false,"potions_floor_spawned":[1,6,10,12,19],"killed_by":"Colosseum Slavers","ascension_level":0}