{"gold_per_floor":[363,378,16,16,37,80,80,124,124,124],"floor_reached":10,"playtime":625,"items_purged":[],"score":114,"play_id":"5e784b62-d884-45a4-b6bc-1e66c26e5440","local_time":"20181018204711","is_ascension_mode":true,"campfire_choices":[{"floor":7,"key":"REST"}],"neow_cost":"PERCENT_DAMAGE","seed_source_timestamp":686098026819684,"circlet_count":0,"master_deck":["Strike_R","Strike_R","Strike_R","Strike_R","Strike_R","Defend_R","Defend_R","Defend_R","Defend_R","Bash","AscendersBane","Corruption","Cleave","The Bomb","Injury","Burning Pact","Flex","Shrug It Off"],"relics":["Burning Blood","Medical Kit","Golden Idol","Blood Vial","Darkstone Periapt","Art of War"],"potions_floor_usage":[6,10,10],"damage_taken":[{"damage":3,"enemies":"Jaw Worm","floor":1,"turns":7},{"damage":5,"enemies":"Cultist","floor":2,"turns":4},{"damage":13,"enemies":"2 Louse","floor":5,"turns":3},{"damage":20,"enemies":"3 Sentries","floor":6,"turns":5},{"damage":55,"enemies":"Gremlin Nob","floor":8,"turns":5},{"damage":20,"enemies":"Exordium Thugs","floor":10,"turns":1}],"seed_played":"-6634046744826348679","potions_obtained":[{"floor":1,"key":"Energy Potion"},{"floor":2,"key":"Dexterity Potion"},{"floor":8,"key":"FearPotion"}],"is_trial":false,"path_per_floor":["M","M","$","?","M","E","R","E","T"],"character_chosen":"IRONCLAD","items_purchased":["Medical Kit","The Bomb"],"campfire_rested":1,"item_purchase_floors":[3,3],"current_hp_per_floor":[54,55,55,55,48,34,58,11,11,0],"gold":124,"neow_bonus":"TWO_FIFTY_GOLD","is_prod":false,"is_daily":false,"chose_seed":false,"campfire_upgraded":0,"win_rate":0,"timestamp":1539920831,"path_taken":["M","M","$","?","M","E","R","E","T","M"],"build_version":"2018-10-18","purchased_purges":0,"victory":false,"max_hp_per_floor":[80,80,80,80,80,80,80,80,80,80],"card_choices":[{"not_picked":["Sword Boomerang","Havoc"],"picked":"Corruption","floor":1},{"not_picked":["Warcry","Sword Boomerang"],"picked":"Cleave","floor":2},{"not_picked":["Sword Boomerang","Spot Weakness"],"picked":"Burning Pact","floor":5},{"not_picked":["True Grit","Juggernaut"],"picked":"Flex","floor":6},{"not_picked":["Pommel Strike","Rampage"],"picked":"Shrug It Off","floor":8}],"player_experience":346261,"relics_obtained":[{"floor":6,"key":"Blood Vial"},{"floor":8,"key":"Darkstone Periapt"},{"floor":9,"key":"Art of War"}],"event_choices":[{"damage_healed":0,"gold_gain":0,"player_choice":"Take Wound","damage_taken":0,"relics_obtained":["Golden Idol"],"max_hp_gain":0,"max_hp_loss":0,"event_name":"Golden Idol","floor":4,"gold_loss":0,"cards_obtained":["Injury"]}],"is_beta":false,"boss_relics":[],"items_purged_floors":[],"is_endless":false,"potions_floor_spawned":[1,2,8],"killed_by":"Exordium Thugs","ascension_level":10}