{"gold_per_floor":[12,30,46,60,70,99,99,128,128,141,241,31,31,58,58,134,134,154,154,154,170,170,170,184,184,184,210,8,19,19,39,39,113,113,132,232,232,246,0,0,19,53,131,164,44,4,36,56,56,56],"floor_reached":51,"playtime":3569,"items_purged":[],"score":1304,"play_id":"06be0f30-9cff-4c26-9740-cb828d15fa31","local_time":"20190108233948","is_ascension_mode":true,"campfire_choices":[{"floor":7,"key":"REST"},{"floor":13,"key":"REST"},{"floor":15,"key":"REST"},{"data":"Double Tap","floor":23,"key":"SMITH"},{"data":"Armaments","floor":25,"key":"SMITH"},{"data":"Offering","floor":32,"key":"SMITH"},{"floor":40,"key":"REST"},{"floor":49,"key":"REST"}],"neow_cost":"NO_GOLD","seed_source_timestamp":298569961768415,"circlet_count":0,"master_deck":["AscendersBane","Bash","Cleave","Flex","Clothesline","Whirlwind","Shockwave","Double Tap+1","Sentinel","Armaments+1","Rage","Offering+1","Impervious","Dropkick","Inflame","Whirlwind","Havoc","Headbutt","Burning Pact","Ghostly Armor","RitualDagger","Reckless Charge","Flame Barrier","Pommel Strike","Metallicize","Double Tap","True Grit+1","Panache","Feel No Pain","Anger","Corruption","Body Slam","Carnage"],"relics":["Burning Blood","WingedGreaves","Pantograph","Mummified Hand","Ancient Tea Set","Brimstone","Happy Flower","Pandora\u0027s Box","Nilry\u0027s Codex","Gambling Chip","Gremlin Horn","PreservedInsect","Empty Cage","Incense Burner","Red Mask","Paper Frog","Kunai","Bag of Marbles","Regal Pillow","Oddly Smooth Stone"],"potions_floor_usage":[10,10,16,21,27,33,33,38,50],"damage_taken":[{"damage":1,"enemies":"Cultist","floor":1,"turns":3},{"damage":14,"enemies":"Jaw Worm","floor":2,"turns":3},{"damage":9,"enemies":"2 Louse","floor":3,"turns":2},{"damage":13,"enemies":"Blue Slaver","floor":4,"turns":4},{"damage":13,"enemies":"Large Slime","floor":5,"turns":6},{"damage":25,"enemies":"3 Sentries","floor":6,"turns":6},{"damage":43,"enemies":"Lagavulin","floor":8,"turns":9},{"damage":6,"enemies":"Exordium Wildlife","floor":10,"turns":3},{"damage":44,"enemies":"Gremlin Nob","floor":14,"turns":5},{"damage":40,"enemies":"Hexaghost","floor":16,"turns":7},{"damage":3,"enemies":"Chosen","floor":18,"turns":3},{"damage":1,"enemies":"Shell Parasite","floor":21,"turns":3},{"damage":13,"enemies":"Snake Plant","floor":24,"turns":3},{"damage":13,"enemies":"Slavers","floor":27,"turns":4},{"damage":15,"enemies":"Centurion and Healer","floor":29,"turns":4},{"damage":0,"enemies":"3 Cultists","floor":31,"turns":3},{"damage":9,"enemies":"Collector","floor":33,"turns":6},{"damage":10,"enemies":"3 Darklings","floor":35,"turns":2},{"damage":56,"enemies":"Mind Bloom Boss Battle","floor":36,"turns":4},{"damage":0,"enemies":"3 Shapes","floor":38,"turns":2},{"damage":0,"enemies":"3 Darklings","floor":41,"turns":1},{"damage":7,"enemies":"Giant Head","floor":42,"turns":6},{"damage":36,"enemies":"Nemesis","floor":44,"turns":5},{"damage":8,"enemies":"Giant Head","floor":47,"turns":3},{"damage":9,"enemies":"Sphere and 2 Shapes","floor":48,"turns":3},{"damage":41,"enemies":"Donu and Deca","floor":50,"turns":5}],"seed_played":"4444588214595028777","potions_obtained":[{"floor":1,"key":"Weak Potion"},{"floor":6,"key":"Explosive Potion"},{"floor":8,"key":"BloodPotion"},{"floor":14,"key":"Swift Potion"},{"floor":16,"key":"SpeedPotion"},{"floor":18,"key":"SkillPotion"},{"floor":24,"key":"Regen Potion"},{"floor":31,"key":"LiquidBronze"},{"floor":35,"key":"Energy Potion"},{"floor":36,"key":"SkillPotion"},{"floor":38,"key":"Fire Potion"}],"is_trial":false,"path_per_floor":["M","M","M","M","M","E","R","E","T","M","?","$","R","E","R","B",null,"M","?","?","M","?","R","M","R","T","E","$","M","$","M","R","B",null,"M","?","?","M","?","R","M","E","T","E","?","$","E","M","R","B",null],"character_chosen":"IRONCLAD","items_purchased":["Brimstone","PreservedInsect","SteroidPotion","Corruption"],"campfire_rested":5,"item_purchase_floors":[12,28,28,46],"current_hp_per_floor":[77,69,66,59,52,33,57,20,20,28,28,28,52,14,38,29,67,70,64,64,69,53,53,46,46,46,48,48,39,39,45,45,67,77,73,30,30,36,36,60,66,65,65,35,35,35,33,30,69,45],"gold":56,"neow_bonus":"ONE_RARE_RELIC","is_prod":false,"is_daily":false,"chose_seed":false,"campfire_upgraded":3,"win_rate":0,"timestamp":1547019588,"path_taken":["M","M","M","M","M","E","R","E","T","?","?","$","R","E","R","BOSS","M","?","?","M","?","R","M","R","T","E","$","M","?","M","R","BOSS","M","?","?","M","?","R","M","E","T","E","?","$","E","M","R","BOSS"],"build_version":"2019-01-03v4","purchased_purges":0,"victory":true,"max_hp_per_floor":[80,80,80,80,80,80,80,80,80,80,80,80,80,80,80,80,80,80,80,80,80,80,80,80,80,80,80,80,80,80,80,80,80,80,80,80,80,80,80,80,80,80,80,80,80,80,80,80,80,80],"card_choices":[{"not_picked":["Bloodletting","Inflame"],"picked":"Cleave","floor":1},{"not_picked":["Warcry","Fire Breathing"],"picked":"Flex","floor":2},{"not_picked":["Second Wind","Heavy Blade"],"picked":"Clothesline","floor":3},{"not_picked":["Perfected Strike","Havoc"],"picked":"Whirlwind","floor":4},{"not_picked":["Cleave","Carnage"],"picked":"Shockwave","floor":5},{"not_picked":["True Grit","Clash"],"picked":"Double Tap","floor":6},{"not_picked":["Flex","Power Through"],"picked":"Sentinel","floor":8},{"not_picked":["Dropkick","Headbutt"],"picked":"Armaments","floor":10},{"not_picked":["Iron Wave","Flex"],"picked":"Rage","floor":14},{"not_picked":["Juggernaut","Berserk"],"picked":"Offering","floor":16},{"not_picked":["Clash+1","Perfected Strike"],"picked":"Ghostly Armor","floor":18},{"not_picked":["Warcry","Thunderclap"],"picked":"Flame Barrier","floor":21},{"not_picked":["Warcry","Havoc","Headbutt"],"picked":"SKIP","floor":24},{"not_picked":["Sever Soul+1","Rage","Pummel"],"picked":"SKIP","floor":27},{"not_picked":["Flex+1","Dark Embrace"],"picked":"Pommel Strike","floor":29},{"not_picked":["Clothesline","Searing Blow+1"],"picked":"Metallicize","floor":31},{"not_picked":["Brutality","Demon Form"],"picked":"Double Tap","floor":33},{"not_picked":["Uppercut","Second Wind+1"],"picked":"True Grit+1","floor":35},{"not_picked":["Mind Blast","Jack Of All Trades"],"picked":"Panache","floor":37},{"not_picked":["True Grit","Warcry+1"],"picked":"Feel No Pain","floor":38},{"not_picked":["True Grit+1","Cleave","Dropkick"],"picked":"SKIP","floor":41},{"not_picked":["Inflame","Armaments"],"picked":"Anger","floor":42},{"not_picked":["Evolve","Metallicize","Havoc"],"picked":"SKIP","floor":44},{"not_picked":["Thunderclap+1","Rampage"],"picked":"Body Slam","floor":47},{"not_picked":["Berserk","Armaments"],"picked":"Carnage","floor":48}],"player_experience":452152,"relics_obtained":[{"floor":6,"key":"Pantograph"},{"floor":8,"key":"Mummified Hand"},{"floor":9,"key":"Ancient Tea Set"},{"floor":14,"key":"Happy Flower"},{"floor":22,"key":"Nilry\u0027s Codex"},{"floor":26,"key":"Gambling Chip"},{"floor":27,"key":"Gremlin Horn"},{"floor":36,"key":"Incense Burner"},{"floor":42,"key":"Paper Frog"},{"floor":43,"key":"Kunai"},{"floor":44,"key":"Bag of Marbles"},{"floor":47,"key":"Oddly Smooth Stone"}],"event_choices":[{"damage_healed":0,"gold_gain":100,"player_choice":"Pray","damage_taken":0,"max_hp_gain":0,"max_hp_loss":0,"event_name":"Golden Shrine","floor":11,"gold_loss":0},{"damage_healed":0,"gold_gain":0,"player_choice":"Joined the Cult","damage_taken":6,"max_hp_gain":0,"max_hp_loss":0,"event_name":"Nest","floor":19,"gold_loss":0,"cards_obtained":["RitualDagger"]},{"damage_healed":0,"gold_gain":0,"player_choice":"Read","damage_taken":0,"max_hp_gain":0,"max_hp_loss":0,"event_name":"The Library","floor":20,"gold_loss":0,"cards_obtained":["Reckless Charge"]},{"damage_healed":0,"gold_gain":0,"player_choice":"Obtained Book","damage_taken":16,"max_hp_gain":0,"max_hp_loss":0,"event_name":"Cursed Tome","floor":22,"gold_loss":0},{"damage_healed":0,"gold_gain":0,"player_choice":"Fight","damage_taken":0,"max_hp_gain":0,"max_hp_loss":0,"event_name":"MindBloom","floor":36,"gold_loss":0},{"damage_healed":0,"gold_gain":0,"player_choice":"Memory 1","damage_taken":0,"max_hp_gain":0,"max_hp_loss":0,"event_name":"SensoryStone","floor":37,"gold_loss":0},{"damage_healed":0,"gold_gain":0,"player_choice":"Paid","damage_taken":0,"relics_obtained":["Red Mask"],"max_hp_gain":0,"max_hp_loss":0,"event_name":"Tomb of Lord Red Mask","floor":39,"gold_loss":246},{"damage_healed":0,"gold_gain":0,"player_choice":"Paid Gold","damage_taken":0,"relics_obtained":["Regal Pillow"],"max_hp_gain":0,"max_hp_loss":0,"event_name":"WeMeetAgain","floor":45,"gold_loss":120}],"is_beta":false,"boss_relics":[{"not_picked":["Astrolabe","Runic Dome"],"picked":"Pandora\u0027s Box"},{"not_picked":["Eternal Feather","Fusion Hammer"],"picked":"Empty Cage"}],"items_purged_floors":[],"is_endless":false,"potions_floor_spawned":[1,6,8,14,16,18,24,31,35,36,38,48],"ascension_level":13}