{"gold_per_floor":[116,116,116,116,129,129,146,25,25,25,25,57,12,22,22,96,96,109,109,109],"floor_reached":20,"playtime":633,"items_purged":["Strike_B"],"score":281,"play_id":"b9e6b5b2-7841-4a16-bcee-f10740c3e50c","local_time":"20181003131841","is_ascension_mode":true,"campfire_choices":[{"data":"White Noise","floor":6,"key":"SMITH"},{"floor":11,"key":"REST"},{"floor":15,"key":"REST"}],"neow_cost":"CURSE","seed_source_timestamp":8509315942067,"circlet_count":0,"master_deck":["Strike_B+1","Strike_B","Defend_B","Defend_B","Defend_B","Zap","Dualcast","AscendersBane","Double Energy+1","White Noise+1","Heatsinks","Steam","Hologram","Streamline","Gash","Go for the Eyes","Creative AI","Fission","Glacier"],"relics":["Cracked Core","Shuriken","Prayer Wheel","Blood Vial","Sozu"],"potions_floor_usage":[7,7,18],"damage_taken":[{"damage":5,"enemies":"Cultist","floor":1,"turns":4},{"damage":3,"enemies":"Jaw Worm","floor":5,"turns":4},{"damage":9,"enemies":"Small Slimes","floor":7,"turns":3},{"damage":31,"enemies":"3 Sentries","floor":12,"turns":6},{"damage":12,"enemies":"Gremlin Gang","floor":14,"turns":5},{"damage":24,"enemies":"Hexaghost","floor":16,"turns":9},{"damage":1,"enemies":"Spheric Guardian","floor":18,"turns":4},{"damage":69,"enemies":"Masked Bandits","floor":20,"turns":3}],"seed_played":"5806883028834813349","potions_obtained":[{"floor":1,"key":"SkillPotion"},{"floor":5,"key":"Swift Potion"},{"floor":14,"key":"SpeedPotion"}],"is_trial":false,"path_per_floor":["M","?","?","?","M","R","M","$","T","$","R","E","$","M","R","B",null,"M","$"],"character_chosen":"DEFECT","items_purchased":["Streamline","Go for the Eyes"],"campfire_rested":2,"item_purchase_floors":[8,13],"current_hp_per_floor":[63,60,53,39,36,36,27,27,27,27,48,17,17,14,35,13,57,58,58,0],"gold":109,"neow_bonus":"TRANSFORM_TWO_CARDS","is_prod":false,"is_daily":false,"chose_seed":false,"campfire_upgraded":1,"win_rate":0,"timestamp":1538565521,"path_taken":["M","?","?","?","M","R","M","$","T","$","R","E","?","?","R","BOSS","M","$","?"],"build_version":"2018-09-27","purchased_purges":1,"victory":false,"max_hp_per_floor":[75,75,72,72,72,72,72,72,72,72,72,72,72,72,72,72,72,72,72,72],"card_choices":[{"not_picked":["Steam","Rebound"],"picked":"Heatsinks","floor":1},{"not_picked":["Cold Snap","Lockon"],"picked":"Steam","floor":5},{"not_picked":["Chaos","Reprogram"],"picked":"Hologram","floor":7},{"not_picked":["Chill","Turbo"],"picked":"Gash","floor":12},{"not_picked":["Consume","Ball Lightning"],"picked":"Creative AI","floor":14},{"not_picked":["Barrage","Ball Lightning","Fusion"],"picked":"SKIP","floor":14},{"not_picked":["Creative AI","Biased Cognition"],"picked":"Fission","floor":16},{"not_picked":["Ball Lightning","Go for the Eyes"],"picked":"Glacier","floor":18},{"not_picked":["Stack","Conserve Battery","Heatsinks+1"],"picked":"SKIP","floor":18}],"player_experience":480430,"relics_obtained":[{"floor":9,"key":"Prayer Wheel"},{"floor":12,"key":"Blood Vial"}],"event_choices":[{"event_name":"Scrap Ooze","player_choice":"success","floor":2,"damage_taken":3},{"event_name":"Golden Wing","player_choice":"Card Removal","floor":3,"damage_taken":0},{"event_name":"Shining Light","player_choice":"Entered Light","floor":4,"damage_taken":0},{"event_name":"Masked Bandits","player_choice":"Fought Bandits","floor":20,"damage_taken":0}],"is_beta":false,"boss_relics":[{"not_picked":["Cursed Key","White Beast Statue"],"picked":"Sozu"}],"items_purged_floors":[8],"is_endless":false,"potions_floor_spawned":[1,5,14,18],"killed_by":"Masked Bandits","ascension_level":13}