{"gold_per_floor":[116,132,57,132,201,201,216,216,216,249,269,279,338,350,350,448,448,459,419,359,3,20,20,31,31,31,31,31,31,49,59,59,59],"floor_reached":33,"playtime":5163,"items_purged":["Strike_R"],"score":259,"play_id":"36a30476-0ffd-483c-8cde-2e30aaeef402","local_time":"20190127124347","is_ascension_mode":true,"campfire_choices":[{"data":"Shockwave","floor":6.0,"key":"SMITH"},{"data":"Feel No Pain","floor":8.0,"key":"SMITH"},{"data":"Corruption","floor":15.0,"key":"SMITH"},{"data":"Body Slam","floor":23.0,"key":"SMITH"},{"data":"Second Wind","floor":25.0,"key":"SMITH"},{"data":"Secret Technique","floor":27,"key":"SMITH"},{"data":"Power Through","floor":32,"key":"SMITH"}],"neow_cost":"NONE","seed_source_timestamp":0,"circlet_count":0,"master_deck":["Strike_R","Strike_R","Strike_R","Strike_R","Defend_R","Defend_R","Defend_R","Defend_R","Bash","Shockwave+1","Power Through+1","Second Wind+1","Feel No Pain+1","Corruption+1","Shrug It Off","Shockwave","Seeing Red","Exhume","Infernal Blade","Secret Technique+1","Body Slam+1"],"special_seed":0,"relics":["Burning Blood","Self Forming Clay","WingedGreaves","Blood Vial","Dodecahedron","Eternal Feather","TheAbacus","Nloth\u0027s Gift"],"potions_floor_usage":[31,33,33,33],"damage_taken":[{"damage":0.0,"enemies":"Small Slimes","floor":1.0,"turns":3.0},{"damage":6.0,"enemies":"Jaw Worm","floor":2.0,"turns":4.0},{"damage":0.0,"enemies":"2 Louse","floor":7.0,"turns":3.0},{"damage":15.0,"enemies":"Lagavulin","floor":10.0,"turns":11.0},{"damage":10.0,"enemies":"Lots of Slimes","floor":11.0,"turns":7.0},{"damage":8.0,"enemies":"Exordium Wildlife","floor":12.0,"turns":8.0},{"damage":3.0,"enemies":"Gremlin Nob","floor":13.0,"turns":6.0},{"damage":3.0,"enemies":"Red Slaver","floor":14.0,"turns":6.0},{"damage":37.0,"enemies":"Slime Boss","floor":16.0,"turns":20.0},{"damage":5.0,"enemies":"Shell Parasite","floor":18.0,"turns":9.0},{"damage":8.0,"enemies":"2 Thieves","floor":20.0,"turns":4.0},{"damage":4.0,"enemies":"3 Cultists","floor":22.0,"turns":7.0},{"damage":7.0,"enemies":"Cultist and Chosen","floor":24.0,"turns":7.0},{"damage":26,"enemies":"Snake Plant","floor":30,"turns":5},{"damage":5,"enemies":"3 Cultists","floor":31,"turns":6},{"damage":112,"enemies":"Champ","floor":33,"turns":17}],"seed_played":"7426377834079238904","potions_obtained":[{"floor":11.0,"key":"Poison Potion"},{"floor":12.0,"key":"Block Potion"},{"floor":14.0,"key":"LiquidBronze"},{"floor":19.0,"key":"Weak Potion"},{"floor":19.0,"key":"Regen Potion"},{"floor":19.0,"key":"Regen Potion"},{"floor":30,"key":"PowerPotion"},{"floor":31,"key":"Poison Potion"}],"is_trial":false,"path_per_floor":["?","T","?","?","M","?","M"],"character_chosen":"IRONCLAD","items_purchased":["TheAbacus","Secret Technique"],"campfire_rested":0,"item_purchase_floors":[21,21],"current_hp_per_floor":[80,80,80,69,69,69,75,75,75,66,64,64,69,74,74,45,80,80,80,78,78,80,80,79,80,80,80,80,80,60,68,80,0],"gold":59,"neow_bonus":"THREE_CARDS","is_prod":false,"is_daily":false,"chose_seed":false,"campfire_upgraded":7,"win_rate":0,"timestamp":1548564227,"path_taken":["M","M","$","?","?","R","M","R","T","E","M","M","?","M","R","BOSS","M","?","M","$","?","R","M","R","T","R","?","$","?","M","R","BOSS"],"build_version":"2019-01-23","purchased_purges":1,"victory":false,"max_hp_per_floor":[80,80,80,80,80,80,80,80,80,80,80,80,80,80,80,80,80,80,80,80,80,80,80,80,80,80,80,80,80,80,80,80,80],"card_choices":[{"not_picked":["Dropkick","Sword Boomerang"],"picked":"Shockwave","floor":0.0},{"not_picked":["Pommel Strike","Cleave"],"picked":"Power Through","floor":1.0},{"not_picked":["Sword Boomerang","Perfected Strike"],"picked":"Second Wind","floor":2.0},{"not_picked":["Body Slam","Armaments"],"picked":"Feel No Pain","floor":7.0},{"not_picked":["Reckless Charge","Warcry"],"picked":"Corruption","floor":10.0},{"not_picked":["Headbutt","Iron Wave"],"picked":"Shrug It Off","floor":11.0},{"not_picked":["Havoc","Demon Form"],"picked":"Shockwave","floor":12.0},{"not_picked":["Clothesline","Uppercut"],"picked":"Seeing Red","floor":14.0},{"not_picked":["Feed","Reaper"],"picked":"Exhume","floor":16.0},{"not_picked":["Cleave+1","True Grit"],"picked":"Infernal Blade","floor":18.0},{"not_picked":["Anger","Shockwave","Cleave"],"picked":"SKIP","floor":20.0},{"not_picked":["Dual Wield","Clothesline"],"picked":"Body Slam","floor":22.0},{"not_picked":["Evolve","Warcry","Twin Strike"],"picked":"SKIP","floor":24.0},{"not_picked":["Second Wind","Twin Strike","Armaments"],"picked":"SKIP","floor":30},{"not_picked":["Uppercut","Headbutt+1","Reckless Charge"],"picked":"SKIP","floor":31}],"player_experience":28082,"relics_obtained":[{"floor":5.0,"key":"Self Forming Clay"},{"floor":9.0,"key":"WingedGreaves"},{"floor":10.0,"key":"Blood Vial"},{"floor":26.0,"key":"Kunai"}],"event_choices":[{"damage_healed":0.0,"max_hp_gain":0.0,"max_hp_loss":0.0,"gold_gain":75.0,"event_name":"World of Goop","player_choice":"Gather Gold","floor":4.0,"gold_loss":0.0,"damage_taken":11.0},{"damage_healed":0.0,"max_hp_gain":0.0,"max_hp_loss":0.0,"gold_gain":0.0,"event_name":"Dead Adventurer","player_choice":"Searched \u00273\u0027 times","floor":13.0,"gold_loss":0.0,"damage_taken":0.0,"relics_obtained":["Dodecahedron"]},{"damage_healed":0.0,"max_hp_gain":0.0,"max_hp_loss":0.0,"gold_gain":0.0,"event_name":"The Woman in Blue","player_choice":"Bought 3 Potions","floor":19.0,"gold_loss":0.0,"damage_taken":0.0},{"damage_healed":0,"gold_gain":0,"player_choice":"Traded Relic","damage_taken":0,"relics_obtained":["Nloth\u0027s Gift"],"max_hp_gain":0,"max_hp_loss":0,"event_name":"N\u0027loth","floor":28,"relics_lost":["Kunai"],"gold_loss":0}],"is_beta":false,"boss_relics":[{"not_picked":["Tiny House","Orrery"],"picked":"Eternal Feather"}],"items_purged_floors":[3],"is_endless":false,"potions_floor_spawned":[11,12,14,30,31],"killed_by":"Champ","ascension_level":1}