{"gold_per_floor":[111,121,138,127,144,173,173,173,218,24,44,44,74,85,85,85],"floor_reached":16,"playtime":795,"items_purged":[],"score":190,"play_id":"69204352-271e-4187-9730-133624fb67df","local_time":"20190129144255","is_ascension_mode":true,"campfire_choices":[{"data":"Searing Blow","floor":7,"key":"SMITH"},{"data":"Searing Blow+1","floor":12,"key":"SMITH"},{"data":"Searing Blow+2","floor":15,"key":"SMITH"}],"neow_cost":"NONE","seed_source_timestamp":5416978278335,"circlet_count":0,"master_deck":["Strike_R","Strike_R","Strike_R","Strike_R","Strike_R","Defend_R","Defend_R","Defend_R","Defend_R","Bash","Shockwave","Searing Blow+3"],"relics":["Burning Blood","NeowsBlessing","Singing Bowl","Shuriken","Centennial Puzzle","Lee\u0027s Waffle","Blood Vial"],"potions_floor_usage":[5,6,6,16,16,16],"damage_taken":[{"damage":0,"enemies":"Cultist","floor":1,"turns":1},{"damage":0,"enemies":"2 Louse","floor":2,"turns":1},{"damage":0,"enemies":"Jaw Worm","floor":3,"turns":1},{"damage":8,"enemies":"Exordium Thugs","floor":4,"turns":4},{"damage":11,"enemies":"2 Fungi Beasts","floor":5,"turns":5},{"damage":32,"enemies":"Lagavulin","floor":6,"turns":9},{"damage":10,"enemies":"Red Slaver","floor":11,"turns":5},{"damage":24,"enemies":"Gremlin Nob","floor":13,"turns":4},{"damage":16,"enemies":"Large Slime","floor":14,"turns":9},{"damage":71,"enemies":"Hexaghost","floor":16,"turns":11}],"seed_played":"-2799439302326485197","potions_obtained":[{"floor":2,"key":"SteroidPotion"},{"floor":3,"key":"SpeedPotion"},{"floor":4,"key":"Block Potion"},{"floor":6,"key":"Swift Potion"},{"floor":13,"key":"EssenceOfSteel"},{"floor":14,"key":"EssenceOfSteel"}],"is_trial":false,"path_per_floor":["M","?"],"character_chosen":"IRONCLAD","items_purchased":["Lee\u0027s Waffle"],"campfire_rested":0,"item_purchase_floors":[10],"current_hp_per_floor":[78,80,80,78,73,49,49,42,42,89,87,87,71,65,65,0],"gold":85,"neow_bonus":"THREE_ENEMY_KILL","is_prod":false,"is_daily":false,"chose_seed":false,"campfire_upgraded":3,"win_rate":0,"timestamp":1548744175,"path_taken":["M","M","M","?","M","E","R","?","T","$","M","R","E","M","R","BOSS"],"build_version":"2019-01-23","purchased_purges":0,"victory":false,"max_hp_per_floor":[80,80,80,80,80,82,82,82,82,89,91,91,93,95,95,95],"card_choices":[{"not_picked":["Perfected Strike","Clothesline"],"picked":"Shockwave","floor":1},{"not_picked":["Body Slam","Wild Strike"],"picked":"Searing Blow","floor":2},{"not_picked":["Sword Boomerang","Searing Blow","Blood for Blood"],"picked":"SKIP","floor":3},{"not_picked":["Anger","Entrench","Thunderclap"],"picked":"SKIP","floor":4},{"not_picked":["Clothesline","Sword Boomerang","Anger"],"picked":"SKIP","floor":5},{"not_picked":["Second Wind","Fiend Fire","Disarm"],"picked":"Singing Bowl","floor":6},{"not_picked":["Flex","Dropkick","Clash"],"picked":"Singing Bowl","floor":11},{"not_picked":["Anger","Seeing Red","Carnage"],"picked":"Singing Bowl","floor":13},{"not_picked":["Feel No Pain","Metallicize","Heavy Blade"],"picked":"Singing Bowl","floor":14}],"player_experience":118622,"relics_obtained":[{"floor":6,"key":"Singing Bowl"},{"floor":9,"key":"Centennial Puzzle"},{"floor":13,"key":"Blood Vial"}],"event_choices":[{"damage_healed":0,"gold_gain":0,"player_choice":"Success","damage_taken":7,"relics_obtained":["Shuriken"],"max_hp_gain":0,"max_hp_loss":0,"event_name":"Scrap Ooze","floor":8,"gold_loss":0}],"is_beta":false,"boss_relics":[],"items_purged_floors":[],"is_endless":false,"potions_floor_spawned":[2,3,4,6,13,14],"killed_by":"Hexaghost","ascension_level":9}