{"gold_per_floor":[116,116,139,139,155,155,199,214,241,259,259,337,69,93,93,93],"floor_reached":16,"playtime":602,"items_purged":["Strike_R"],"score":189,"play_id":"31697812-a47a-4a04-b3aa-a60d6c687163","local_time":"20181205152527","is_ascension_mode":true,"campfire_choices":[{"data":"Mayhem","floor":6,"key":"SMITH"},{"floor":11,"key":"REST"},{"data":"Metamorphosis","floor":15,"key":"SMITH"}],"neow_cost":"PERCENT_DAMAGE","seed_source_timestamp":357838814199391,"circlet_count":0,"master_deck":["AscendersBane","Strike_R","Strike_R","Strike_R","Defend_R","Defend_R","Defend_R","Defend_R","Bash","Purity","Mayhem+1","Shrug It Off","Battle Trance","Spot Weakness","Flame Barrier","Heavy Blade","Sword Boomerang","Metamorphosis+1","True Grit"],"relics":["Burning Blood","Golden Idol","Ancient Tea Set","Regal Pillow","Ornamental Fan"],"potions_floor_usage":[8,10],"damage_taken":[{"damage":14,"enemies":"Jaw Worm","floor":1,"turns":4},{"damage":0,"enemies":"2 Louse","floor":3,"turns":4},{"damage":6,"enemies":"Cultist","floor":5,"turns":4},{"damage":36,"enemies":"3 Sentries","floor":7,"turns":13},{"damage":6,"enemies":"Exordium Thugs","floor":8,"turns":4},{"damage":17,"enemies":"Lots of Slimes","floor":10,"turns":5},{"damage":14,"enemies":"Exordium Wildlife","floor":14,"turns":4},{"damage":38,"enemies":"Slime Boss","floor":16,"turns":6}],"seed_played":"4367390648945824367","potions_obtained":[{"floor":1,"key":"GamblersBrew"},{"floor":5,"key":"FearPotion"},{"floor":7,"key":"Explosive Potion"},{"floor":14,"key":"Dexterity Potion"}],"is_trial":false,"path_per_floor":["M","?","M","?","M","R","E","M","T","M","R","T","$","M","R","B"],"character_chosen":"IRONCLAD","items_purchased":["Metamorphosis"],"campfire_rested":1,"item_purchase_floors":[13],"current_hp_per_floor":[42,42,48,48,48,48,18,18,18,7,42,42,42,34,34,0],"gold":93,"neow_bonus":"RANDOM_COLORLESS_2","is_prod":false,"is_daily":false,"chose_seed":false,"campfire_upgraded":2,"win_rate":0,"timestamp":1544019927,"path_taken":["M","?","M","?","?","R","E","M","T","M","R","?","$","?","R","BOSS"],"build_version":"2018-11-15","purchased_purges":1,"victory":false,"max_hp_per_floor":[75,68,68,68,68,68,68,68,68,68,68,68,68,68,68,68],"card_choices":[{"not_picked":["Pommel Strike","Searing Blow"],"picked":"Shrug It Off","floor":1},{"not_picked":["Shrug It Off","Fire Breathing"],"picked":"Battle Trance","floor":3},{"not_picked":["Infernal Blade","Havoc"],"picked":"Flame Barrier","floor":5},{"not_picked":["Warcry","Spot Weakness"],"picked":"Heavy Blade","floor":7},{"not_picked":["Clash","Feel No Pain"],"picked":"Sword Boomerang","floor":8},{"not_picked":["Havoc","Armaments","Heavy Blade"],"picked":"SKIP","floor":10},{"not_picked":["Rupture","Iron Wave"],"picked":"True Grit","floor":14}],"player_experience":714956,"relics_obtained":[{"floor":7,"key":"Ancient Tea Set"},{"floor":9,"key":"Regal Pillow"},{"floor":12,"key":"Ornamental Fan"}],"event_choices":[{"damage_healed":0,"gold_gain":0,"player_choice":"Lose Max HP","damage_taken":0,"relics_obtained":["Golden Idol"],"max_hp_gain":0,"max_hp_loss":7,"event_name":"Golden Idol","floor":2,"gold_loss":0},{"damage_healed":0,"gold_gain":0,"cards_transformed":["Strike_R"],"player_choice":"Transformed","damage_taken":0,"max_hp_gain":0,"max_hp_loss":0,"event_name":"Transmorgrifier","floor":4,"gold_loss":0,"cards_obtained":["Spot Weakness"]}],"is_beta":false,"boss_relics":[],"items_purged_floors":[13],"is_endless":false,"potions_floor_spawned":[1,5,7,14],"killed_by":"Slime Boss","ascension_level":17}