{"gold_per_floor":[110,120,195,213,213,213,225,225,280,310,20,20,35,50,50,127,127,140,140,140],"floor_reached":20,"playtime":884,"items_purged":[],"score":370,"play_id":"641117b8-3bc0-4ff6-aaf1-fb25eb56526e","local_time":"20181225212536","is_ascension_mode":true,"campfire_choices":[{"floor":6.0,"key":"REST"},{"data":"Demon Form","floor":8.0,"key":"SMITH"},{"floor":15.0,"key":"REST"}],"neow_cost":"TEN_PERCENT_HP_LOSS","seed_source_timestamp":0,"circlet_count":0,"master_deck":["AscendersBane","Bash","Demon Form+1","Heavy Blade","Heavy Blade","Clothesline","Uppercut","Seeing Red","Shrug It Off","Headbutt","Headbutt","Double Tap","Barricade","Reaper","Bludgeon","Pummel","Uppercut","Hemokinesis","Evolve","Thunderclap","Entrench","Twin Strike","Second Wind"],"special_seed":0,"relics":["Burning Blood","Orichalcum","Pen Nib","Happy Flower","HandDrill","Mango","Pandora\u0027s Box"],"potions_floor_usage":[],"damage_taken":[{"damage":1.0,"enemies":"Cultist","floor":1.0,"turns":4.0},{"damage":10.0,"enemies":"Small Slimes","floor":2.0,"turns":4.0},{"damage":13.0,"enemies":"Jaw Worm","floor":4.0,"turns":4.0},{"damage":12.0,"enemies":"Gremlin Gang","floor":7.0,"turns":6.0},{"damage":32.0,"enemies":"3 Sentries","floor":10.0,"turns":6.0},{"damage":3.0,"enemies":"2 Fungi Beasts","floor":13.0,"turns":3.0},{"damage":4.0,"enemies":"Looter","floor":14.0,"turns":3.0},{"damage":0.0,"enemies":"Slime Boss","floor":16.0,"turns":5.0},{"damage":2,"enemies":"Chosen","floor":18,"turns":3},{"damage":15,"enemies":"Colosseum Slavers","floor":20,"turns":4},{"damage":113,"enemies":"Colosseum Nobs","floor":20,"turns":6}],"seed_played":"-6285995571460011194","potions_obtained":[{"floor":2.0,"key":"FearPotion"},{"floor":13.0,"key":"Swift Potion"}],"is_trial":false,"path_per_floor":["M","M","?","M","?","R","M","R","T","E","$","?","M","M","R","B",null,"M","?","?"],"character_chosen":"IRONCLAD","items_purchased":["HandDrill","Shrug It Off","Strength Potion"],"campfire_rested":2,"item_purchase_floors":[11,11,11],"current_hp_per_floor":[72,68,57,50,32,53,47,47,47,21,21,35,38,40,65,71,82,86,86,0],"gold":140,"neow_bonus":"THREE_RARE_CARDS","is_prod":false,"is_daily":false,"chose_seed":false,"campfire_upgraded":1,"win_rate":0,"timestamp":1545801936,"path_taken":["M","M","?","M","?","R","M","R","T","E","$","?","?","M","R","BOSS","M","?","?"],"build_version":"2018-12-20","purchased_purges":0,"victory":false,"max_hp_per_floor":[72,72,72,72,72,72,72,72,72,72,72,86,86,86,86,86,86,86,86,86],"card_choices":[{"not_picked":["Impervious","Juggernaut"],"picked":"Demon Form","floor":0.0},{"not_picked":["Clash","Searing Blow"],"picked":"Heavy Blade","floor":1.0},{"not_picked":["Hemokinesis","Iron Wave"],"picked":"Heavy Blade","floor":2.0},{"not_picked":["True Grit","Perfected Strike"],"picked":"Clothesline","floor":4.0},{"not_picked":["Iron Wave","Pummel"],"picked":"Uppercut","floor":7.0},{"not_picked":["Impervious","Uppercut"],"picked":"Seeing Red","floor":10.0},{"not_picked":["Carnage","Iron Wave"],"picked":"Headbutt","floor":13.0},{"not_picked":["Feel No Pain","Clash"],"picked":"Headbutt","floor":14.0},{"not_picked":["Brutality","Feed"],"picked":"Double Tap","floor":16.0},{"not_picked":["Corruption","Entrench"],"picked":"Twin Strike","floor":18}],"player_experience":440667,"relics_obtained":[{"floor":9.0,"key":"Pen Nib"},{"floor":10.0,"key":"Happy Flower"}],"event_choices":[{"damage_healed":0.0,"max_hp_gain":0.0,"max_hp_loss":0.0,"gold_gain":75.0,"event_name":"World of Goop","player_choice":"Gather Gold","floor":3.0,"gold_loss":0.0,"damage_taken":11.0},{"damage_healed":0.0,"max_hp_gain":0.0,"max_hp_loss":0.0,"gold_gain":0.0,"event_name":"Scrap Ooze","player_choice":"Success","floor":5.0,"gold_loss":0.0,"damage_taken":18.0,"relics_obtained":["Orichalcum"]},{"damage_healed":0.0,"max_hp_gain":0.0,"max_hp_loss":0.0,"gold_gain":0.0,"event_name":"WeMeetAgain","player_choice":"Gave Potion","floor":12.0,"gold_loss":0.0,"damage_taken":0.0,"relics_obtained":["Mango"]},{"damage_healed":0,"gold_gain":0,"player_choice":"Read","damage_taken":0,"max_hp_gain":0,"max_hp_loss":0,"event_name":"The Library","floor":19,"gold_loss":0,"cards_obtained":["Second Wind"]},{"damage_healed":0,"gold_gain":0,"player_choice":"Fight","damage_taken":0,"max_hp_gain":0,"max_hp_loss":0,"event_name":"Colosseum","floor":20,"gold_loss":0},{"damage_healed":0,"gold_gain":0,"player_choice":"Fought Nobs","damage_taken":0,"max_hp_gain":0,"max_hp_loss":0,"event_name":"Colosseum","floor":20,"gold_loss":0}],"is_beta":false,"boss_relics":[{"not_picked":["Cursed Key","Runic Pyramid"],"picked":"Pandora\u0027s Box"}],"items_purged_floors":[],"is_endless":false,"potions_floor_spawned":[2,13,20],"killed_by":"Colosseum Nobs","ascension_level":13}