{"gold_per_floor":[109,119,44,58,75,75,89,89,89,89,20,37,66,66,66,162,162,179,193,210,210,210],"floor_reached":22,"playtime":2725,"items_purged":["Strike_B"],"score":178,"play_id":"d3a7f0ef-f2d2-4606-9de6-e969bea8e370","local_time":"20190227131258","is_ascension_mode":false,"campfire_choices":[{"data":"Streamline","floor":6.0,"key":"SMITH"},{"data":"Coolheaded","floor":10.0,"key":"SMITH"},{"floor":15.0,"key":"REST"}],"neow_cost":"NONE","seed_source_timestamp":0,"circlet_count":0,"master_deck":["Strike_B","Strike_B","Strike_B","Defend_B","Defend_B","Defend_B+1","Defend_B","Zap+1","Dualcast","Streamline+1","Melter","Coolheaded+1","Streamline","Ball Lightning","Double Energy+1","Doom and Gloom","Stack","Machine Learning","Tempest","Genetic Algorithm","Leap"],"special_seed":0,"relics":["Cracked Core","War Paint","Letter Opener","Odd Mushroom","Eternal Feather"],"potions_floor_usage":[],"damage_taken":[{"damage":1.0,"enemies":"Cultist","floor":1.0,"turns":3.0},{"damage":1.0,"enemies":"Jaw Worm","floor":2.0,"turns":3.0},{"damage":1.0,"enemies":"2 Louse","floor":4.0,"turns":2.0},{"damage":6.0,"enemies":"Lots of Slimes","floor":5.0,"turns":3.0},{"damage":0.0,"enemies":"3 Louse","floor":7.0,"turns":3.0},{"damage":0.0,"enemies":"Large Slime","floor":12.0,"turns":4.0},{"damage":14.0,"enemies":"The Mushroom Lair","floor":13.0,"turns":2.0},{"damage":42.0,"enemies":"Hexaghost","floor":16.0,"turns":8.0},{"damage":28.0,"enemies":"3 Byrds","floor":18.0,"turns":4.0},{"damage":0.0,"enemies":"Spheric Guardian","floor":19.0,"turns":2.0},{"damage":20,"enemies":"Centurion and Healer","floor":20,"turns":4},{"damage":11,"enemies":"Snecko","floor":22,"turns":3}],"seed_played":"6948699591109852063","potions_obtained":[{"floor":4.0,"key":"Weak Potion"},{"floor":5.0,"key":"Explosive Potion"},{"floor":12.0,"key":"EssenceOfSteel"},{"floor":13.0,"key":"AttackPotion"}],"is_trial":false,"path_per_floor":["M","M","$","M","M","R","M","$","T","R","$","M","?","?","R","B",null,"M","M","M","?","M"],"character_chosen":"DEFECT","items_purchased":["Double Energy"],"campfire_rested":1,"item_purchase_floors":[11],"current_hp_per_floor":[74,73,73,72,66,66,66,66,66,66,66,66,52,52,74,32,75,47,47,27,11,0],"gold":210,"neow_bonus":"RANDOM_COMMON_RELIC","is_prod":false,"is_daily":false,"chose_seed":false,"campfire_upgraded":2,"win_rate":0.0,"timestamp":1551291178,"path_taken":["M","M","$","M","M","R","?","?","T","R","$","?","?","?","R","BOSS","M","?","M","?","M"],"build_version":"2019-01-23","purchased_purges":1,"victory":false,"max_hp_per_floor":[75,75,75,75,75,75,75,75,75,75,75,75,75,75,75,75,75,75,75,75,75,75],"card_choices":[{"not_picked":["Leap","Darkness"],"picked":"Streamline","floor":1.0},{"not_picked":["Heatsinks","Gash"],"picked":"Melter","floor":2.0},{"not_picked":["Turbo","Rebound"],"picked":"Coolheaded","floor":4.0},{"not_picked":["Barrage","White Noise"],"picked":"Streamline","floor":5.0},{"not_picked":["Rebound","Consume"],"picked":"Ball Lightning","floor":7.0},{"not_picked":["Ball Lightning","Skim"],"picked":"Doom and Gloom","floor":12.0},{"not_picked":["Turbo","Rebound"],"picked":"Stack","floor":13.0},{"not_picked":["Hyperbeam","Amplify"],"picked":"Machine Learning","floor":16.0},{"not_picked":["Blizzard","Hello World"],"picked":"Tempest","floor":18.0},{"not_picked":["Barrage+1","Stack"],"picked":"Genetic Algorithm","floor":19.0},{"not_picked":["Defragment","Barrage"],"picked":"Leap","floor":20}],"player_experience":184795,"relics_obtained":[{"floor":9.0,"key":"Letter Opener"},{"floor":13.0,"key":"Odd Mushroom"}],"event_choices":[{"damage_healed":0.0,"max_hp_gain":0.0,"max_hp_loss":0.0,"gold_gain":0.0,"event_name":"Mushrooms","player_choice":"Fought Mushrooms","floor":13.0,"gold_loss":0.0,"damage_taken":0.0},{"damage_healed":0.0,"max_hp_gain":0.0,"max_hp_loss":0.0,"gold_gain":0.0,"event_name":"Accursed Blacksmith","player_choice":"Forge","floor":14.0,"gold_loss":0.0,"damage_taken":0.0,"cards_upgraded":["Double Energy"]},{"damage_healed":0,"gold_gain":0,"player_choice":"Obtained Book","damage_taken":16,"max_hp_gain":0,"max_hp_loss":0,"event_name":"Cursed Tome","floor":21,"gold_loss":0}],"is_beta":false,"boss_relics":[{"not_picked":["Velvet Choker","Runic Dome"],"picked":"Eternal Feather"}],"items_purged_floors":[3],"is_endless":false,"potions_floor_spawned":[4,5,12,13],"killed_by":"Snecko","ascension_level":0}