{"gold_per_floor":[114,131,149,424,439,439,469,53,53,140,152,179,210,283,295,409,471,498,510,522,35,35,49,62,62,138,153,153,153,153,168,168,168],"floor_reached":33,"playtime":3234,"items_purged":[],"score":259,"play_id":"3e6aed58-2801-43d7-b047-eb37344af22c","local_time":"20190222020116","is_ascension_mode":true,"campfire_choices":[{"data":"Shrug It Off","floor":6.0,"key":"SMITH"},{"floor":11.0,"key":"REST"},{"data":"Double Tap","floor":15.0,"key":"SMITH"},{"data":"1","floor":28,"key":"LIFT"},{"floor":30,"key":"REST"},{"floor":32,"key":"REST"}],"neow_cost":"NONE","seed_source_timestamp":0,"circlet_count":0,"master_deck":["Strike_R+1","Strike_R+1","Strike_R+1","Strike_R+1","Strike_R+1","Defend_R+1","Defend_R+1","Defend_R+1","Defend_R+1","Bash+1","Shrug It Off+1","Armaments+1","Body Slam","Iron Wave","Regret","Iron Wave","Ghostly Armor","Double Tap+1","Inflame","Reckless Charge","Dual Wield","Infernal Blade","Headbutt","Demon Form","Dropkick","Offering","RitualDagger","Warcry","Carnage","Thunderclap","Whirlwind","Uppercut","Flex"],"special_seed":0,"relics":["Burning Blood","Vajra","War Paint","MawBank","Question Card","Tiny House","Girya","Mummified Hand","PreservedInsect","MutagenicStrength","Gremlin Horn","Matryoshka"],"potions_floor_usage":[27,33,33],"damage_taken":[{"damage":0.0,"enemies":"Small Slimes","floor":1.0,"turns":3.0},{"damage":2.0,"enemies":"Cultist","floor":2.0,"turns":4.0},{"damage":2.0,"enemies":"2 Louse","floor":3.0,"turns":3.0},{"damage":10.0,"enemies":"Blue Slaver","floor":5.0,"turns":4.0},{"damage":27.0,"enemies":"Gremlin Nob","floor":7.0,"turns":6.0},{"damage":3.0,"enemies":"Large Slime","floor":12.0,"turns":3.0},{"damage":1.0,"enemies":"3 Louse","floor":13.0,"turns":3.0},{"damage":19.0,"enemies":"3 Sentries","floor":14.0,"turns":7.0},{"damage":61.0,"enemies":"Hexaghost","floor":16.0,"turns":11.0},{"damage":16,"enemies":"Shell Parasite","floor":18,"turns":6},{"damage":22,"enemies":"3 Byrds","floor":23,"turns":5},{"damage":32,"enemies":"Centurion and Healer","floor":24,"turns":6},{"damage":0,"enemies":"3 Cultists","floor":27,"turns":4},{"damage":15,"enemies":"Chosen and Byrds","floor":31,"turns":5},{"damage":81,"enemies":"Collector","floor":33,"turns":9}],"seed_played":"-5846056109767943894","potions_obtained":[{"floor":5.0,"key":"SkillPotion"},{"floor":7.0,"key":"SpeedPotion"},{"floor":12.0,"key":"Strength Potion"},{"floor":13.0,"key":"Swift Potion"},{"floor":16.0,"key":"Fire Potion"}],"is_trial":false,"path_per_floor":["M","M","M","?","M","R","E","$","T","?","R","M","M","?","R","B",null,"M","?","?","$","?","M","M","?","T","M","R","T","R","M","R","B"],"character_chosen":"IRONCLAD","items_purchased":["Double Tap","War Paint","Inflame","Reckless Charge","Mummified Hand","PreservedInsect","Warcry","Carnage"],"campfire_rested":3,"item_purchase_floors":[8,8,8,8,21,21,21,21],"current_hp_per_floor":[80,80,80,80,76,76,55,55,55,44,68,71,76,63,63,8,85,75,75,69,69,69,53,27,27,27,33,33,33,58,49,74,0],"gold":168,"neow_bonus":"THREE_CARDS","is_prod":false,"is_daily":false,"chose_seed":false,"campfire_upgraded":2,"win_rate":0,"timestamp":1550772076,"path_taken":["M","M","M","?","M","R","E","?","T","?","R","?","M","?","R","BOSS","M","?","?","$","?","M","?","?","T","M","R","?","R","M","R","BOSS"],"build_version":"2019-01-23","purchased_purges":0,"victory":false,"max_hp_per_floor":[80,80,80,80,80,80,80,80,80,80,80,80,80,80,80,80,85,85,85,85,85,85,85,85,85,85,85,85,85,85,85,85,85],"card_choices":[{"not_picked":["Clothesline","Thunderclap"],"picked":"Shrug It Off","floor":0.0},{"not_picked":["Cleave","Dual Wield"],"picked":"Armaments","floor":1.0},{"not_picked":["Entrench","Rupture"],"picked":"Body Slam","floor":2.0},{"not_picked":["Body Slam","Clothesline"],"picked":"Iron Wave","floor":3.0},{"not_picked":["Armaments","True Grit"],"picked":"Iron Wave","floor":5.0},{"not_picked":["Shrug It Off","Dark Embrace"],"picked":"Ghostly Armor","floor":7.0},{"not_picked":["Power Through","True Grit"],"picked":"Dual Wield","floor":12.0},{"not_picked":["Clothesline","Body Slam"],"picked":"Infernal Blade","floor":13.0},{"not_picked":["Combust","Ghostly Armor","Thunderclap"],"picked":"Headbutt","floor":14.0},{"not_picked":["Fiend Fire","Dark Embrace","Immolate"],"picked":"Demon Form","floor":16.0},{"not_picked":["Sword Boomerang","Perfected Strike","Heavy Blade"],"picked":"Dropkick","floor":17},{"not_picked":["Pommel Strike+1","Pummel","Armaments+1"],"picked":"Offering","floor":18},{"not_picked":["Shrug It Off","Sever Soul","Clash+1"],"picked":"Thunderclap","floor":23},{"not_picked":["Infernal Blade","Perfected Strike","Clash"],"picked":"Whirlwind","floor":24},{"not_picked":["Heavy Blade","Warcry","Hemokinesis"],"picked":"Uppercut","floor":27},{"not_picked":["Feel No Pain","Spot Weakness","Thunderclap"],"picked":"Flex","floor":31}],"player_experience":32661,"relics_obtained":[{"floor":7.0,"key":"Vajra"},{"floor":9.0,"key":"MawBank"},{"floor":26,"key":"Gremlin Horn"},{"floor":29,"key":"Matryoshka"}],"event_choices":[{"damage_healed":0.0,"max_hp_gain":0.0,"max_hp_loss":0.0,"gold_gain":275.0,"event_name":"Golden Shrine","player_choice":"Desecrate","floor":4.0,"gold_loss":0.0,"damage_taken":0.0,"cards_obtained":["Regret"]},{"damage_healed":0.0,"max_hp_gain":0.0,"max_hp_loss":0.0,"gold_gain":75.0,"event_name":"World of Goop","player_choice":"Gather Gold","floor":10.0,"gold_loss":0.0,"damage_taken":11.0},{"damage_healed":0.0,"max_hp_gain":0.0,"max_hp_loss":0.0,"gold_gain":0.0,"event_name":"Dead Adventurer","player_choice":"Searched \u00272\u0027 times","floor":14.0,"gold_loss":0.0,"damage_taken":0.0,"relics_obtained":["Question Card"]},{"damage_healed":0,"gold_gain":0,"player_choice":"Opened","damage_taken":0,"relics_obtained":["Girya"],"max_hp_gain":0,"max_hp_loss":0,"event_name":"The Mausoleum","floor":19,"gold_loss":0},{"damage_healed":0,"gold_gain":0,"player_choice":"Joined the Cult","damage_taken":6,"max_hp_gain":0,"max_hp_loss":0,"event_name":"Nest","floor":20,"gold_loss":0,"cards_obtained":["RitualDagger"]},{"damage_healed":0,"gold_gain":0,"player_choice":"Inject Mutagens","damage_taken":0,"relics_obtained":["MutagenicStrength"],"max_hp_gain":0,"max_hp_loss":0,"event_name":"Drug Dealer","floor":22,"gold_loss":0},{"damage_healed":0,"gold_gain":0,"player_choice":"Simplicity","damage_taken":0,"max_hp_gain":0,"max_hp_loss":0,"event_name":"Back to Basics","floor":25,"gold_loss":0,"cards_upgraded":["Strike_R","Strike_R","Strike_R","Strike_R","Strike_R","Defend_R","Defend_R","Defend_R"]}],"is_beta":false,"boss_relics":[{"not_picked":["Coffee Dripper","Black Blood"],"picked":"Tiny House"}],"items_purged_floors":[],"is_endless":false,"potions_floor_spawned":[5,7,12,13,16,24],"killed_by":"Collector","ascension_level":1}