{"gold_per_floor":[109,34,34,48,148,148,173,184,211,237,251,251,269,258,258,355,355,368,388,405,422,440,440,455,515,515,515,41,74,74,108,108,208,208,224,61,61,81,81,81,97,130,130,143,143,153,153,168,168,168],"floor_reached":51,"playtime":3895,"items_purged":["Defend_G"],"score":1103,"play_id":"32ca505a-477d-4eea-b280-3c17f3b47208","local_time":"20190226172738","is_ascension_mode":true,"campfire_choices":[{"data":"Footwork","floor":6,"key":"SMITH"},{"floor":12,"key":"REST"},{"data":"Terror","floor":15,"key":"SMITH"},{"data":"A Thousand Cuts","floor":23,"key":"SMITH"},{"floor":27,"key":"REST"},{"data":"Footwork","floor":30,"key":"SMITH"},{"floor":32,"key":"REST"},{"data":"Concentrate","floor":40,"key":"SMITH"},{"data":"Caltrops","floor":45,"key":"SMITH"},{"floor":47,"key":"REST"},{"floor":49,"key":"REST"}],"neow_cost":"NONE","seed_source_timestamp":872958486884990,"circlet_count":0,"master_deck":["Defend_G+1","Defend_G+1","Defend_G","Defend_G","Strike_G","Strike_G","Strike_G","Strike_G","Survivor","Neutralize+1","Dagger Throw","Footwork+1","Blur","Backflip","Terror+1","Footwork+1","A Thousand Cuts+1","Sucker Punch+1","PiercingWail+1","Backflip","Prepared","Well Laid Plans","Footwork","Dodge and Roll","Footwork","Footwork","Caltrops+1","Tools of the Trade","Dodge and Roll+1","Concentrate+1","Noxious Fumes","Escape Plan","Dagger Throw+1","Underhanded Strike"],"relics":["Ring of the Serpent","Strawberry","Centennial Puzzle","The Courier","Philosopher\u0027s Stone","Tiny Chest","Snake Skull","Matryoshka","Oddly Smooth Stone","Gremlin Horn","ClockworkSouvenir","Lantern","War Paint","Shovel"],"potions_floor_usage":[7,10,20,24,25,25,31,34,38,50,50,50],"damage_taken":[{"damage":0,"enemies":"Small Slimes","floor":1,"turns":4},{"damage":0,"enemies":"2 Louse","floor":4,"turns":3},{"damage":23,"enemies":"Lagavulin","floor":7,"turns":8},{"damage":0,"enemies":"Cultist","floor":8,"turns":4},{"damage":29,"enemies":"Gremlin Nob","floor":10,"turns":6},{"damage":0,"enemies":"Large Slime","floor":11,"turns":8},{"damage":0,"enemies":"Looter","floor":13,"turns":4},{"damage":2,"enemies":"Exordium Thugs","floor":14,"turns":7},{"damage":4,"enemies":"The Guardian","floor":16,"turns":17},{"damage":0,"enemies":"Shell Parasite","floor":18,"turns":9},{"damage":8,"enemies":"Spheric Guardian","floor":19,"turns":6},{"damage":11,"enemies":"Snecko","floor":20,"turns":9},{"damage":0,"enemies":"Centurion and Healer","floor":21,"turns":11},{"damage":2,"enemies":"Chosen and Byrds","floor":22,"turns":8},{"damage":0,"enemies":"Cultist and Chosen","floor":24,"turns":8},{"damage":21,"enemies":"Gremlin Leader","floor":25,"turns":8},{"damage":12,"enemies":"Book of Stabbing","floor":29,"turns":10},{"damage":16,"enemies":"Slavers","floor":31,"turns":7},{"damage":2,"enemies":"Collector","floor":33,"turns":13},{"damage":0,"enemies":"3 Shapes","floor":35,"turns":6},{"damage":10,"enemies":"3 Darklings","floor":38,"turns":7},{"damage":0,"enemies":"Spire Growth","floor":41,"turns":9},{"damage":0,"enemies":"Giant Head","floor":42,"turns":12},{"damage":30,"enemies":"Writhing Mass","floor":44,"turns":9},{"damage":21,"enemies":"Sphere and 2 Shapes","floor":46,"turns":7},{"damage":10,"enemies":"Maw","floor":48,"turns":8},{"damage":39,"enemies":"Donu and Deca","floor":50,"turns":10}],"seed_played":"5520726853818810965","potions_obtained":[{"floor":1,"key":"Fire Potion"},{"floor":8,"key":"PowerPotion"},{"floor":14,"key":"Block Potion"},{"floor":16,"key":"Poison Potion"},{"floor":19,"key":"Energy Potion"},{"floor":21,"key":"AttackPotion"},{"floor":22,"key":"AttackPotion"},{"floor":24,"key":"LiquidBronze"},{"floor":33,"key":"Fruit Juice"},{"floor":35,"key":"AttackPotion"},{"floor":41,"key":"Fire Potion"},{"floor":44,"key":"PowerPotion"},{"floor":48,"key":"EssenceOfSteel"}],"is_trial":false,"path_per_floor":["M","$","?","M","?","R","E","M","T","E","M","R","M","M","R","B",null,"M","M","M","M","M","R","M","E","T","R","$","E","R","E","R","B",null,"M","$","?","M","?","R","M","E","T","M","R","M","R","M","R","B",null],"character_chosen":"THE_SILENT","items_purchased":["Footwork","Footwork","Dodge and Roll","Footwork","Footwork","Matryoshka","ClockworkSouvenir"],"campfire_rested":5,"item_purchase_floors":[2,28,28,28,28,28,36],"current_hp_per_floor":[70,70,55,55,55,55,39,39,39,10,10,35,35,33,33,29,70,70,62,51,51,49,49,49,28,28,53,53,41,41,25,50,48,80,80,80,80,70,70,70,70,70,70,40,40,19,45,35,61,22],"gold":168,"neow_bonus":"TEN_PERCENT_HP_BONUS","is_prod":false,"is_daily":false,"chose_seed":false,"campfire_upgraded":6,"win_rate":0,"timestamp":1551198458,"path_taken":["M","$","?","M","?","R","E","M","T","E","M","R","?","M","R","BOSS","M","M","M","M","M","R","M","E","T","R","$","E","R","E","R","BOSS","M","$","?","M","?","R","M","E","T","M","R","?","R","M","R","BOSS"],"build_version":"2019-01-23","purchased_purges":1,"victory":true,"max_hp_per_floor":[77,77,77,77,77,77,84,84,84,84,84,84,84,84,84,84,84,84,84,84,84,84,84,84,84,84,84,84,84,84,84,84,84,89,89,89,89,89,89,89,89,89,89,89,89,89,89,89,89,89],"card_choices":[{"not_picked":["Expertise","Bouncing Flask"],"picked":"Dagger Throw","floor":1},{"not_picked":["Caltrops","Dagger Spray","Tactician"],"picked":"SKIP","floor":4},{"not_picked":["Acrobatics","Bane","Wraith Form v2"],"picked":"SKIP","floor":7},{"not_picked":["All Out Attack","Dagger Throw"],"picked":"Blur","floor":8},{"not_picked":["PiercingWail","Deflect"],"picked":"Backflip","floor":10},{"not_picked":["All Out Attack","Underhanded Strike","Accuracy"],"picked":"SKIP","floor":11},{"not_picked":["Predator","Deflect"],"picked":"Terror","floor":13},{"not_picked":["Crippling Poison","Caltrops"],"picked":"Footwork","floor":14},{"not_picked":["Malaise","Grand Finale"],"picked":"A Thousand Cuts","floor":16},{"not_picked":["All Out Attack","PiercingWail+1"],"picked":"Sucker Punch+1","floor":18},{"not_picked":["Predator","Endless Agony"],"picked":"PiercingWail","floor":19},{"not_picked":["Poisoned Stab","Dagger Throw"],"picked":"Backflip","floor":20},{"not_picked":["Choke+1","Underhanded Strike","Slice"],"picked":"SKIP","floor":21},{"not_picked":["Acrobatics","PiercingWail","Blade Dance"],"picked":"SKIP","floor":22},{"not_picked":["Corpse Explosion","Slice"],"picked":"Prepared","floor":24},{"not_picked":["Bane","Outmaneuver+1"],"picked":"Well Laid Plans","floor":25},{"not_picked":["Endless Agony","Outmaneuver+1","Eviscerate+1"],"picked":"SKIP","floor":29},{"not_picked":["Setup","Storm of Steel"],"picked":"Caltrops","floor":31},{"not_picked":["Die Die Die","Corpse Explosion"],"picked":"Tools of the Trade","floor":33},{"not_picked":["Prepared","Outmaneuver"],"picked":"Dodge and Roll+1","floor":35},{"not_picked":["Bouncing Flask","Dagger Throw+1"],"picked":"Concentrate","floor":38},{"not_picked":["Finisher+1","Dagger Throw+1"],"picked":"Noxious Fumes","floor":41},{"not_picked":["Acrobatics","Sucker Punch","Leg Sweep"],"picked":"SKIP","floor":42},{"not_picked":["Leg Sweep","Skewer+1"],"picked":"Escape Plan","floor":44},{"not_picked":["Blur+1","Blade Dance"],"picked":"Dagger Throw+1","floor":46},{"not_picked":["Slice+1","Venomology"],"picked":"Underhanded Strike","floor":48}],"player_experience":468333,"relics_obtained":[{"floor":7,"key":"Strawberry"},{"floor":9,"key":"Centennial Puzzle"},{"floor":10,"key":"The Courier"},{"floor":25,"key":"Tiny Chest"},{"floor":26,"key":"Snake Skull"},{"floor":29,"key":"Oddly Smooth Stone"},{"floor":31,"key":"Gremlin Horn"},{"floor":42,"key":"Lantern"},{"floor":43,"key":"War Paint"},{"floor":43,"key":"Shovel"}],"event_choices":[{"damage_healed":0,"gold_gain":0,"player_choice":"Entered Light","damage_taken":15,"max_hp_gain":0,"max_hp_loss":0,"event_name":"Shining Light","floor":3,"gold_loss":0,"cards_upgraded":["Defend_G","Neutralize"]},{"damage_healed":0,"gold_gain":100,"player_choice":"Pray","damage_taken":0,"max_hp_gain":0,"max_hp_loss":0,"event_name":"Golden Shrine","floor":5,"gold_loss":0},{"cards_removed":["Strike_G"],"damage_healed":0,"gold_gain":0,"player_choice":"Removed Attack","damage_taken":0,"max_hp_gain":0,"max_hp_loss":0,"event_name":"Falling","floor":37,"gold_loss":0},{"damage_healed":0,"gold_gain":0,"player_choice":"Ignored","damage_taken":0,"max_hp_gain":0,"max_hp_loss":0,"event_name":"SecretPortal","floor":39,"gold_loss":0}],"is_beta":false,"boss_relics":[{"not_picked":["Calling Bell","White Beast Statue"],"picked":"Philosopher\u0027s Stone"},{"not_picked":["Fusion Hammer","Snecko Eye"],"picked":"Ring of the Serpent"}],"items_purged_floors":[28],"is_endless":false,"potions_floor_spawned":[1,8,14,16,19,21,22,24,33,35,41,44,48],"ascension_level":9}