{"gold_per_floor":[10,27,40,40,60,60,92,92,122,122,150,150,165,178,178,178],"floor_reached":16,"playtime":1009,"items_purged":[],"score":207,"play_id":"5ce389ba-29f2-4613-b110-5be1d627afc1","local_time":"20190131184303","is_ascension_mode":true,"campfire_choices":[{"data":"Armaments","floor":6.0,"key":"SMITH"},{"data":"Battle Trance","floor":12.0,"key":"SMITH"},{"data":"Sword Boomerang","floor":15.0,"key":"SMITH"}],"neow_cost":"NO_GOLD","seed_source_timestamp":7978510557813,"circlet_count":0,"master_deck":["AscendersBane","Strike_R","Strike_R","Defend_R","Defend_R","Defend_R","Defend_R","Bash","Spot Weakness","Sword Boomerang+1","Armaments+1","Shockwave","Battle Trance+1"],"special_seed":0,"relics":["Burning Blood","Matryoshka","Mummified Hand","Letter Opener","Potion Belt","Tiny Chest","Kunai"],"potions_floor_usage":[16,16],"damage_taken":[{"damage":4.0,"enemies":"Small Slimes","floor":1.0,"turns":5.0},{"damage":4.0,"enemies":"Jaw Worm","floor":2.0,"turns":4.0},{"damage":0.0,"enemies":"2 Louse","floor":3.0,"turns":2.0},{"damage":32.0,"enemies":"Exordium Wildlife","floor":5.0,"turns":6.0},{"damage":17.0,"enemies":"3 Sentries","floor":7.0,"turns":11.0},{"damage":4.0,"enemies":"Lagavulin","floor":11.0,"turns":7.0},{"damage":4.0,"enemies":"2 Fungi Beasts","floor":13.0,"turns":3.0},{"damage":5.0,"enemies":"Blue Slaver","floor":14.0,"turns":3.0},{"damage":40,"enemies":"Slime Boss","floor":16,"turns":11}],"seed_played":"7244054200011127098","potions_obtained":[{"floor":3.0,"key":"Energy Potion"},{"floor":5.0,"key":"Block Potion"},{"floor":13.0,"key":"Dexterity Potion"},{"floor":14.0,"key":"Dexterity Potion"}],"is_trial":false,"path_per_floor":["?","T","?","M"],"character_chosen":"IRONCLAD","items_purchased":[],"campfire_rested":0,"item_purchase_floors":[],"current_hp_per_floor":[70,72,75,75,49,49,38,38,38,31,33,33,35,36,36,0],"gold":178,"neow_bonus":"REMOVE_TWO","is_prod":false,"is_daily":false,"chose_seed":false,"campfire_upgraded":3,"win_rate":0,"timestamp":1548931383,"path_taken":["M","M","M","?","M","R","E","?","T","?","E","R","?","M","R","BOSS"],"build_version":"2019-01-23","purchased_purges":0,"victory":false,"max_hp_per_floor":[75,75,75,75,75,75,75,75,75,75,75,75,75,75,75,75],"card_choices":[{"not_picked":["Iron Wave","Pummel"],"picked":"Spot Weakness","floor":1.0},{"not_picked":["Heavy Blade","Clash"],"picked":"Sword Boomerang","floor":2.0},{"not_picked":["Uppercut","Pommel Strike","Seeing Red"],"picked":"SKIP","floor":3.0},{"not_picked":["Bloodletting","Second Wind"],"picked":"Armaments","floor":5.0},{"not_picked":["Carnage","Bludgeon"],"picked":"Shockwave","floor":7.0},{"not_picked":["Warcry","Feel No Pain"],"picked":"Battle Trance","floor":11.0},{"not_picked":["Heavy Blade","Metallicize","Twin Strike"],"picked":"SKIP","floor":13.0},{"not_picked":["Carnage","Heavy Blade","Havoc"],"picked":"SKIP","floor":14.0}],"player_experience":191129,"relics_obtained":[{"floor":7.0,"key":"Matryoshka"},{"floor":8.0,"key":"Mummified Hand"},{"floor":8.0,"key":"Letter Opener"},{"floor":9.0,"key":"Potion Belt"},{"floor":9.0,"key":"Tiny Chest"},{"floor":11.0,"key":"Kunai"}],"event_choices":[{"damage_healed":0.0,"max_hp_gain":0.0,"max_hp_loss":0.0,"gold_gain":0.0,"event_name":"The Cleric","player_choice":"Leave","floor":4.0,"gold_loss":0.0,"damage_taken":0.0},{"cards_removed":["Strike_R"],"damage_healed":0.0,"max_hp_gain":0.0,"max_hp_loss":0.0,"gold_gain":0.0,"event_name":"Golden Wing","player_choice":"Card Removal","floor":10.0,"gold_loss":0.0,"damage_taken":7.0}],"is_beta":false,"boss_relics":[],"items_purged_floors":[],"is_endless":false,"potions_floor_spawned":[3,5,13,14],"killed_by":"Slime Boss","ascension_level":17}