{"gold_per_floor":[114,39,53,53,65,65,90,15,15,34,69,69,97,114,114,193,193,213,12,12,12,12,27,27],"floor_reached":24,"playtime":1455,"items_purged":["Strike_R","Strike_R"],"score":385,"play_id":"7fa50009-3f6c-4834-8c06-42eaea457e19","local_time":"20190222205032","is_ascension_mode":true,"campfire_choices":[{"data":"Shrug It Off","floor":6,"key":"SMITH"},{"data":"Rampage","floor":12,"key":"SMITH"},{"floor":15,"key":"REST"}],"neow_cost":"NONE","seed_source_timestamp":471476779789097,"circlet_count":0,"master_deck":["AscendersBane","Defend_R","Defend_R","Defend_R","Defend_R","Bash","Pommel Strike","Metallicize","Shrug It Off+1","Rampage+1","Blood for Blood","Cleave","Bloodletting+1","Body Slam","Inflame","Disarm+1","Exhume+1","Combust","Good Instincts+1","Reaper","Spot Weakness+1"],"relics":["Burning Blood","Pear","Toxic Egg 2","Prayer Wheel","Ornamental Fan","Eternal Feather"],"potions_floor_usage":[11,13,16,18,23],"damage_taken":[{"damage":5,"enemies":"Cultist","floor":1,"turns":4},{"damage":1,"enemies":"Small Slimes","floor":3,"turns":5},{"damage":3,"enemies":"Jaw Worm","floor":5,"turns":5},{"damage":21,"enemies":"3 Sentries","floor":7,"turns":10},{"damage":15,"enemies":"Exordium Wildlife","floor":10,"turns":5},{"damage":17,"enemies":"Lagavulin","floor":11,"turns":6},{"damage":26,"enemies":"Gremlin Nob","floor":13,"turns":4},{"damage":5,"enemies":"Exordium Thugs","floor":14,"turns":4},{"damage":25,"enemies":"Hexaghost","floor":16,"turns":9},{"damage":20,"enemies":"Shell Parasite","floor":18,"turns":7},{"damage":35,"enemies":"2 Thieves","floor":23,"turns":5},{"damage":72,"enemies":"Slavers","floor":24,"turns":4}],"seed_played":"2517543984434811937","potions_obtained":[{"floor":5,"key":"SteroidPotion"},{"floor":10,"key":"SteroidPotion"},{"floor":11,"key":"SpeedPotion"},{"floor":14,"key":"Block Potion"},{"floor":18,"key":"Poison Potion"}],"is_trial":false,"path_per_floor":["M","?","M","?","M","R","E","$","T","M","E","R","E","M","R","B",null,"M","$","?","$","?","M","E"],"character_chosen":"IRONCLAD","items_purchased":["Good Instincts+1"],"campfire_rested":1,"item_purchase_floors":[19],"current_hp_per_floor":[69,69,74,79,80,80,75,75,75,66,55,55,35,36,63,44,79,65,65,65,65,65,54,0],"gold":27,"neow_bonus":"TRANSFORM_CARD","is_prod":false,"is_daily":false,"chose_seed":false,"campfire_upgraded":2,"win_rate":0,"timestamp":1550897432,"path_taken":["M","?","M","?","M","R","E","?","T","M","E","R","E","M","R","BOSS","M","$","?","?","?","M","E"],"build_version":"2019-01-23","purchased_purges":2,"victory":false,"max_hp_per_floor":[75,75,75,80,80,80,90,90,90,90,90,90,90,90,90,90,90,90,90,90,90,90,90,90],"card_choices":[{"not_picked":["Warcry","Perfected Strike"],"picked":"Metallicize","floor":1},{"not_picked":["Intimidate","Cleave"],"picked":"Shrug It Off","floor":3},{"not_picked":["Shockwave","True Grit"],"picked":"Rampage","floor":5},{"not_picked":["Power Through","Warcry"],"picked":"Blood for Blood","floor":7},{"not_picked":["Twin Strike","Clash"],"picked":"Cleave","floor":10},{"not_picked":["Warcry+1","Pummel"],"picked":"Bloodletting+1","floor":11},{"not_picked":["Perfected Strike","Barricade"],"picked":"Body Slam","floor":13},{"not_picked":["Rage+1","Bloodletting+1"],"picked":"Inflame","floor":14},{"not_picked":["Havoc+1","Iron Wave"],"picked":"Disarm+1","floor":14},{"not_picked":["Feed","Berserk"],"picked":"Exhume+1","floor":16},{"not_picked":["Wild Strike","Flex+1"],"picked":"Combust","floor":18},{"not_picked":["Carnage","Clash","Pommel Strike"],"picked":"SKIP","floor":18},{"not_picked":["Iron Wave+1","Carnage"],"picked":"Spot Weakness+1","floor":23},{"not_picked":["Sword Boomerang","Clash","Perfected Strike"],"picked":"SKIP","floor":23}],"player_experience":544106,"relics_obtained":[{"floor":7,"key":"Pear"},{"floor":9,"key":"Toxic Egg 2"},{"floor":11,"key":"Prayer Wheel"},{"floor":13,"key":"Ornamental Fan"}],"event_choices":[{"cards_removed":["Strike_R"],"damage_healed":0,"gold_gain":0,"player_choice":"Card Removal","damage_taken":0,"max_hp_gain":0,"max_hp_loss":0,"event_name":"The Cleric","floor":2,"gold_loss":75},{"damage_healed":0,"gold_gain":0,"player_choice":"Donut","damage_taken":0,"max_hp_gain":5,"max_hp_loss":0,"event_name":"Big Fish","floor":4,"gold_loss":0},{"damage_healed":0,"gold_gain":0,"player_choice":"1 cards matched","damage_taken":0,"max_hp_gain":0,"max_hp_loss":0,"event_name":"Match and Keep!","floor":20,"gold_loss":0,"cards_obtained":["Reaper"]},{"cards_removed":["Strike_R"],"damage_healed":0,"gold_gain":0,"player_choice":"Purged","damage_taken":0,"max_hp_gain":0,"max_hp_loss":0,"event_name":"Purifier","floor":22,"gold_loss":0}],"is_beta":false,"boss_relics":[{"not_picked":["Runic Pyramid","Busted Crown"],"picked":"Eternal Feather"}],"items_purged_floors":[8,19],"is_endless":false,"potions_floor_spawned":[5,10,11,14,18],"killed_by":"Slavers","ascension_level":16}