{"gold_per_floor":[115,115,190,209,209,229,229,243,243,243,255,284,299,299,299,299],"floor_reached":16,"playtime":485,"items_purged":[],"score":168,"play_id":"7f4a1d2e-2020-4a26-a8a9-f8544ac95146","local_time":"20181003132655","is_ascension_mode":true,"campfire_choices":[{"data":"Auto Shields","floor":7,"key":"SMITH"},{"data":"Zap","floor":10,"key":"SMITH"},{"data":"Dualcast","floor":15,"key":"SMITH"}],"neow_cost":"NONE","seed_source_timestamp":9151995751767,"circlet_count":0,"master_deck":["Strike_B","Strike_B","Strike_B","Defend_B","Defend_B","Defend_B","Defend_B","Zap+1","Dualcast+1","AscendersBane","Coolheaded","Ball Lightning","Auto Shields+1","Self Repair","Conserve Battery","Steam","White Noise","White Noise","Seek"],"relics":["Velvet Choker","Happy Flower","Prayer Wheel","Bottled Tornado"],"potions_floor_usage":[],"damage_taken":[{"damage":8,"enemies":"Jaw Worm","floor":1,"turns":4},{"damage":0,"enemies":"Cultist","floor":4,"turns":5},{"damage":0,"enemies":"2 Louse","floor":6,"turns":3},{"damage":0,"enemies":"Blue Slaver","floor":8,"turns":4},{"damage":4,"enemies":"Exordium Thugs","floor":11,"turns":4},{"damage":10,"enemies":"Lagavulin","floor":12,"turns":9},{"damage":9,"enemies":"3 Louse","floor":13,"turns":4},{"damage":38,"enemies":"Slime Boss","floor":16,"turns":7}],"seed_played":"3787312721475383588","potions_obtained":[{"floor":1,"key":"SpeedPotion"},{"floor":6,"key":"SpeedPotion"}],"is_trial":false,"path_per_floor":["M","?","?","M","T","M","R","M","T","R","M","E","M","?","R"],"character_chosen":"DEFECT","items_purchased":[],"campfire_rested":0,"item_purchase_floors":[],"current_hp_per_floor":[60,60,49,49,49,49,49,49,49,49,52,49,47,72,72,34],"gold":299,"neow_bonus":"BOSS_RELIC","is_prod":false,"is_daily":false,"chose_seed":false,"campfire_upgraded":3,"win_rate":0,"timestamp":1538566015,"path_taken":["M","?","?","M","?","M","R","?","T","R","M","E","M","?","R","BOSS"],"build_version":"2018-09-27","purchased_purges":0,"victory":false,"max_hp_per_floor":[75,75,75,75,75,75,75,75,75,75,75,75,75,75,75,75],"card_choices":[{"not_picked":["Steam Power","Lockon"],"picked":"Coolheaded","floor":1},{"not_picked":["Go for the Eyes","Leap"],"picked":"Ball Lightning","floor":4},{"not_picked":["Hologram","Stack"],"picked":"Auto Shields","floor":6},{"not_picked":["Doom and Gloom","BootSequence"],"picked":"Self Repair","floor":8},{"not_picked":["BootSequence","Static Discharge"],"picked":"Conserve Battery","floor":11},{"not_picked":["Sweeping Beam","Storm"],"picked":"Steam","floor":11},{"not_picked":["Aggregate","Cold Snap"],"picked":"White Noise","floor":12},{"not_picked":["Thunder Strike","Steam"],"picked":"White Noise","floor":13},{"not_picked":["Stack","Redo"],"picked":"Seek","floor":13}],"player_experience":481063,"relics_obtained":[{"floor":5,"key":"Happy Flower"},{"floor":9,"key":"Prayer Wheel"},{"floor":12,"key":"Bottled Tornado"}],"event_choices":[{"event_name":"Living Wall","player_choice":"Forget","floor":2,"damage_taken":0},{"event_name":"World of Goop","player_choice":"Gather Gold","floor":3,"damage_taken":0},{"event_name":"Big Fish","player_choice":"Banana","floor":14,"damage_taken":0}],"is_beta":false,"boss_relics":[],"items_purged_floors":[],"is_endless":false,"potions_floor_spawned":[1,6,12],"killed_by":"Slime Boss","ascension_level":13}