{"gold_per_floor":[113,113,113,63,163,194,194,219,242,242,274,48,48,48,48,152,152,167,179,179,53,65,65,98,98,166,166,265,290,300,182,182,182],"floor_reached":33,"playtime":1239,"items_purged":["Strike_B","Strike_B"],"score":472,"play_id":"55b0c116-668a-42b2-a78c-87ccedb2b369","local_time":"20180929172852","is_ascension_mode":true,"campfire_choices":[{"floor":7,"key":"REST"},{"floor":10,"key":"REST"},{"data":"Streamline","floor":13,"key":"SMITH"},{"data":"Dualcast","floor":15,"key":"SMITH"},{"floor":23,"key":"REST"},{"floor":25,"key":"REST"},{"floor":27,"key":"REST"},{"floor":32,"key":"REST"}],"neow_cost":"NONE","seed_source_timestamp":282742792170161,"circlet_count":0,"master_deck":["Strike_B","Defend_B","Defend_B","Defend_B","Defend_B","Zap+1","Dualcast+1","AscendersBane","Streamline+1","Rebound","Leap","Conserve Battery","Melter","Electrodynamics","Defragment+1","Loop+1","Fusion+1","Coolheaded","Lockon","Coolheaded","Echo Form+1"],"relics":["Cracked Core","Dream Catcher","Anchor","Centennial Puzzle","The Courier","Regal Pillow","Blood Vial","ClockworkSouvenir","CultistMask","Inserter","Frozen Egg 2","Darkstone Periapt","Singing Bowl","Letter Opener"],"potions_floor_usage":[8,16,18,19,33],"damage_taken":[{"damage":3,"enemies":"Jaw Worm","floor":1,"turns":4},{"damage":33,"enemies":"Lagavulin","floor":6,"turns":8},{"damage":20,"enemies":"Gremlin Nob","floor":8,"turns":4},{"damage":10,"enemies":"Lagavulin","floor":11,"turns":5},{"damage":12,"enemies":"Slime Boss","floor":16,"turns":6},{"damage":16,"enemies":"2 Thieves","floor":18,"turns":3},{"damage":13,"enemies":"Shell Parasite","floor":19,"turns":4},{"damage":21,"enemies":"3 Cultists","floor":22,"turns":4},{"damage":55,"enemies":"Gremlin Leader","floor":24,"turns":5},{"damage":41,"enemies":"Slavers","floor":29,"turns":3},{"damage":29,"enemies":"Centurion and Healer","floor":30,"turns":3},{"damage":66,"enemies":"Automaton","floor":33,"turns":6}],"seed_played":"-3699424704308750659","potions_obtained":[{"floor":6,"key":"Regen Potion"},{"floor":11,"key":"Strength Potion"},{"floor":16,"key":"AttackPotion"},{"floor":18,"key":"SkillPotion"},{"floor":30,"key":"Block Potion"}],"is_trial":false,"path_per_floor":["M","?","?","?","?","E","R","E","T","R","E","$","R","?","R","B",null,"M","M","T","$","M","R","E","R","T","R","?","E","M","$","R"],"character_chosen":"DEFECT","items_purchased":["ClockworkSouvenir","Defragment+1","Loop+1","Coolheaded"],"campfire_rested":6,"item_purchase_floors":[12,21,21,31],"current_hp_per_floor":[65,65,65,65,65,32,54,46,46,75,65,65,65,65,65,55,70,56,45,45,45,26,63,10,47,47,75,75,34,9,9,47,0],"gold":182,"neow_bonus":"RANDOM_COMMON_RELIC","is_prod":false,"is_daily":false,"chose_seed":false,"campfire_upgraded":2,"win_rate":0,"timestamp":1538234932,"path_taken":["M","?","?","?","?","E","R","E","T","R","E","$","R","?","R","BOSS","M","?","?","$","M","R","E","R","T","R","?","E","?","?","R","BOSS"],"build_version":"2018-09-27","purchased_purges":2,"victory":false,"max_hp_per_floor":[75,75,75,75,75,75,75,75,75,75,75,75,75,75,75,75,75,75,75,75,75,75,75,75,75,75,75,75,75,77,77,77,77],"card_choices":[{"not_picked":["Turbo","BootSequence"],"picked":"Coolheaded","floor":1},{"not_picked":["Force Field","Conserve Battery"],"picked":"Streamline","floor":6},{"not_picked":["Stack","Aggregate"],"picked":"Rebound","floor":7},{"not_picked":["Self Repair","Coolheaded"],"picked":"Leap","floor":8},{"not_picked":["Barrage","Glacier"],"picked":"Conserve Battery","floor":10},{"not_picked":["Sweeping Beam","Coolheaded"],"picked":"Melter","floor":11},{"not_picked":["Seek","Buffer"],"picked":"Electrodynamics","floor":16},{"not_picked":["Gash","Force Field","Doom and Gloom+1"],"picked":"SKIP","floor":18},{"not_picked":["Force Field","Aggregate","Tempest"],"picked":"SKIP","floor":19},{"not_picked":["Steam","Blizzard","BootSequence+1"],"picked":"SKIP","floor":22},{"not_picked":["Redo","Darkness","Hologram"],"picked":"SKIP","floor":24},{"not_picked":["Capacitor+1","Ball Lightning"],"picked":"Fusion+1","floor":25},{"not_picked":["Multi-Cast","Go for the Eyes+1"],"picked":"Coolheaded","floor":27},{"not_picked":["Go for the Eyes","Multi-Cast"],"picked":"Lockon","floor":29},{"not_picked":["Hologram+1","Stack+1","Sweeping Beam+1"],"picked":"Singing Bowl","floor":30},{"not_picked":["Gash","Stack"],"picked":"Echo Form+1","floor":32}],"player_experience":464877,"relics_obtained":[{"floor":6,"key":"Centennial Puzzle"},{"floor":8,"key":"The Courier"},{"floor":9,"key":"Regal Pillow"},{"floor":11,"key":"Blood Vial"},{"floor":20,"key":"Frozen Egg 2"},{"floor":24,"key":"Darkstone Periapt"},{"floor":26,"key":"Singing Bowl"},{"floor":29,"key":"Letter Opener"}],"event_choices":[{"event_name":"WeMeetAgain","player_choice":"Card","floor":2,"damage_taken":0},{"event_name":"Accursed Blacksmith","player_choice":"Forge","floor":3,"damage_taken":0},{"event_name":"The Cleric","player_choice":"Card Removal","floor":4,"damage_taken":0},{"event_name":"Wheel of Change","player_choice":"Gold","floor":5,"damage_taken":0},{"event_name":"FaceTrader","player_choice":"Trade","floor":14,"damage_taken":0},{"event_name":"Nest","player_choice":"Stole From Cult","floor":28,"damage_taken":0}],"is_beta":false,"boss_relics":[{"not_picked":["Nuclear Battery","Calling Bell"],"picked":"Inserter"}],"items_purged_floors":[12,31],"is_endless":false,"potions_floor_spawned":[6,11,16,18,30],"killed_by":"Automaton","ascension_level":12}