{"gold_per_floor":[216,233,233,247,265,265,295,295,348,379,397,426,446,472,484,597,609,637,649,673,347,364,364,390,390,417,427,442,442,352,366,366,470,470,485,502,522,379,395,395,395,406,459,1,15,26,26,43,43,43],"floor_reached":50,"playtime":3841,"items_purged":["Defend_R"],"score":589,"play_id":"d48e37e4-42bf-4e5f-9635-909f45575569","local_time":"20190127214820","is_ascension_mode":true,"campfire_choices":[{"data":"Perfected Strike","floor":6,"key":"SMITH"},{"data":"Ghostly Armor","floor":8,"key":"SMITH"},{"floor":15,"key":"REST"},{"data":"Battle Trance","floor":23,"key":"SMITH"},{"data":"Metallicize","floor":25,"key":"SMITH"},{"data":"Perfected Strike","floor":29,"key":"SMITH"},{"data":"Seeing Red","floor":32,"key":"SMITH"},{"floor":40,"key":"REST"},{"data":"Shockwave","floor":49,"key":"SMITH"}],"neow_cost":"NONE","seed_source_timestamp":17878004431040,"circlet_count":0,"master_deck":["Strike_R","Strike_R","Strike_R","Strike_R","Strike_R","Defend_R","Defend_R","Bash+1","Perfected Strike+1","Sword Boomerang+1","Ghostly Armor+1","Shrug It Off","Cleave","Battle Trance+1","Seeing Red+1","Perfected Strike+1","Metallicize+1","Twin Strike+1","True Grit+1","Shockwave+1","Cleave+1"],"relics":["Burning Blood","Anchor","Vajra","Darkstone Periapt","Meat on the Bone","MawBank","Busted Crown","Dodecahedron","Bottled Tornado","Bag of Marbles","Eternal Feather","Sundial","Juzu Bracelet","Strawberry","Self Forming Clay"],"potions_floor_usage":[14,16,24,33,33,33,46,50,50,50],"damage_taken":[{"damage":7,"enemies":"Jaw Worm","floor":1,"turns":8},{"damage":1,"enemies":"Cultist","floor":2,"turns":4},{"damage":0,"enemies":"2 Louse","floor":4,"turns":3},{"damage":8,"enemies":"Red Slaver","floor":5,"turns":4},{"damage":19,"enemies":"3 Sentries","floor":10,"turns":8},{"damage":13,"enemies":"Exordium Thugs","floor":11,"turns":4},{"damage":18,"enemies":"Lagavulin","floor":12,"turns":6},{"damage":0,"enemies":"3 Louse","floor":13,"turns":4},{"damage":8,"enemies":"Gremlin Nob","floor":14,"turns":3},{"damage":46,"enemies":"Slime Boss","floor":16,"turns":14},{"damage":10,"enemies":"3 Byrds","floor":18,"turns":5},{"damage":9,"enemies":"Shell Parasite","floor":20,"turns":4},{"damage":9,"enemies":"Shelled Parasite and Fungi","floor":22,"turns":5},{"damage":27,"enemies":"Gremlin Leader","floor":24,"turns":5},{"damage":0,"enemies":"Snecko","floor":27,"turns":3},{"damage":0,"enemies":"Snake Plant","floor":28,"turns":2},{"damage":5,"enemies":"Sentry and Sphere","floor":31,"turns":4},{"damage":90,"enemies":"Collector","floor":33,"turns":12},{"damage":24,"enemies":"3 Shapes","floor":35,"turns":2},{"damage":41,"enemies":"3 Darklings","floor":36,"turns":5},{"damage":30,"enemies":"Jaw Worm Horde","floor":37,"turns":4},{"damage":22,"enemies":"Sphere and 2 Shapes","floor":39,"turns":4},{"damage":10,"enemies":"Transient","floor":42,"turns":5},{"damage":15,"enemies":"Spire Growth","floor":45,"turns":4},{"damage":52,"enemies":"Writhing Mass","floor":46,"turns":6},{"damage":20,"enemies":"Jaw Worm Horde","floor":48,"turns":3},{"damage":97,"enemies":"Awakened One","floor":50,"turns":19}],"seed_played":"7852949705796450332","potions_obtained":[{"floor":4,"key":"AttackPotion"},{"floor":5,"key":"LiquidBronze"},{"floor":10,"key":"Strength Potion"},{"floor":11,"key":"BloodPotion"},{"floor":14,"key":"Energy Potion"},{"floor":20,"key":"PowerPotion"},{"floor":27,"key":"Regen Potion"},{"floor":39,"key":"BloodPotion"},{"floor":45,"key":"Energy Potion"},{"floor":46,"key":"SkillPotion"}],"is_trial":false,"path_per_floor":["?","M","?","?","M","$","?","M","M","?","M","?","$","?"],"character_chosen":"IRONCLAD","items_purchased":["Dodecahedron","Perfected Strike","Strawberry","Self Forming Clay","Energy Potion"],"campfire_rested":2,"item_purchase_floors":[21,21,44,44,44],"current_hp_per_floor":[79,80,80,80,78,78,78,78,78,65,58,46,52,50,74,46,80,76,90,87,87,84,84,63,63,63,69,75,75,75,76,76,27,90,72,49,37,37,33,72,72,68,68,75,66,41,97,83,95,0],"gold":43,"neow_bonus":"HUNDRED_GOLD","is_prod":false,"is_daily":false,"chose_seed":false,"campfire_upgraded":7,"win_rate":0,"timestamp":1548596900,"path_taken":["M","M","?","M","?","R","?","R","T","E","M","E","M","E","R","BOSS","M","?","?","?","M","R","E","R","T","M","M","R","?","?","R","BOSS","M","?","M","?","?","R","?","M","T","?","M","M","?","M","R","BOSS"],"build_version":"2019-01-23","purchased_purges":1,"victory":false,"max_hp_per_floor":[80,80,80,80,80,80,80,80,80,80,80,80,80,80,80,80,80,80,90,90,90,90,90,90,90,90,90,90,90,90,90,90,90,90,90,90,90,90,90,90,90,90,90,97,97,97,97,97,97,97],"card_choices":[{"not_picked":["Havoc","Warcry"],"picked":"Perfected Strike","floor":1},{"not_picked":["Havoc","Bloodletting"],"picked":"Sword Boomerang","floor":2},{"not_picked":["Twin Strike","Fire Breathing"],"picked":"Ghostly Armor","floor":4},{"not_picked":["Headbutt","Ghostly Armor"],"picked":"Shrug It Off","floor":5},{"not_picked":["Entrench","Flame Barrier"],"picked":"Cleave","floor":10},{"not_picked":["Uppercut","Pommel Strike","Wild Strike"],"picked":"SKIP","floor":11},{"not_picked":["Searing Blow","Clothesline","Clash"],"picked":"SKIP","floor":12},{"not_picked":["Armaments","Brutality"],"picked":"Battle Trance","floor":13},{"not_picked":["Wild Strike","Heavy Blade"],"picked":"Seeing Red","floor":14},{"not_picked":["Fiend Fire","Reaper"],"picked":"Juggernaut","floor":16},{"not_picked":["Thunderclap"],"picked":"SKIP","floor":18},{"not_picked":["Havoc"],"picked":"SKIP","floor":20},{"not_picked":[],"picked":"Metallicize","floor":22},{"not_picked":[],"picked":"Twin Strike+1","floor":24},{"not_picked":["Dark Embrace"],"picked":"SKIP","floor":27},{"not_picked":["Thunderclap"],"picked":"SKIP","floor":28},{"not_picked":["Second Wind"],"picked":"SKIP","floor":31},{"not_picked":[],"picked":"True Grit+1","floor":35},{"not_picked":["Blood for Blood+1"],"picked":"SKIP","floor":36},{"not_picked":["Warcry"],"picked":"SKIP","floor":37},{"not_picked":[],"picked":"Shockwave","floor":39},{"not_picked":["Heavy Blade"],"picked":"SKIP","floor":42},{"not_picked":["Shrug It Off"],"picked":"SKIP","floor":45},{"not_picked":[],"picked":"Cleave+1","floor":46},{"not_picked":["Rage"],"picked":"SKIP","floor":48}],"player_experience":60268,"relics_obtained":[{"floor":9,"key":"Vajra"},{"floor":10,"key":"Darkstone Periapt"},{"floor":12,"key":"Meat on the Bone"},{"floor":14,"key":"MawBank"},{"floor":24,"key":"Bottled Tornado"},{"floor":26,"key":"Bag of Marbles"},{"floor":43,"key":"Juzu Bracelet"}],"event_choices":[{"damage_healed":0,"gold_gain":0,"player_choice":"Upgraded","damage_taken":0,"max_hp_gain":0,"max_hp_loss":0,"event_name":"Upgrade Shrine","floor":3,"gold_loss":0,"cards_upgraded":["Sword Boomerang"]},{"damage_healed":0,"gold_gain":30,"player_choice":"Searched \u00273\u0027 times","damage_taken":0,"relics_obtained":["Anchor"],"max_hp_gain":0,"max_hp_loss":0,"event_name":"Dead Adventurer","floor":7,"gold_loss":0},{"cards_removed":["Juggernaut"],"damage_healed":4,"gold_gain":0,"player_choice":"Offered Rare","damage_taken":0,"max_hp_gain":10,"max_hp_loss":0,"event_name":"Bonfire Elementals","floor":19,"gold_loss":0},{"cards_removed":["Defend_R"],"damage_healed":0,"gold_gain":0,"player_choice":"Upgrade and Remove","damage_taken":0,"max_hp_gain":0,"max_hp_loss":0,"event_name":"Designer","floor":30,"gold_loss":90,"cards_upgraded":["Bash"]},{"damage_healed":0,"gold_gain":0,"player_choice":"Paid Gold","damage_taken":0,"relics_obtained":["Sundial"],"max_hp_gain":0,"max_hp_loss":0,"event_name":"WeMeetAgain","floor":38,"gold_loss":143},{"damage_healed":0,"gold_gain":0,"player_choice":"Ignored","damage_taken":0,"max_hp_gain":0,"max_hp_loss":0,"event_name":"Tomb of Lord Red Mask","floor":41,"gold_loss":0},{"damage_healed":56,"gold_gain":0,"player_choice":"Full Heal","damage_taken":0,"max_hp_gain":0,"max_hp_loss":0,"event_name":"Wheel of Change","floor":47,"gold_loss":0}],"is_beta":false,"boss_relics":[{"not_picked":["Snecko Eye","Fusion Hammer"],"picked":"Busted Crown"},{"not_picked":["Sozu","Coffee Dripper"],"picked":"Eternal Feather"}],"items_purged_floors":[21],"is_endless":false,"potions_floor_spawned":[4,5,10,11,14,20,27,31,39,45,46],"killed_by":"Awakened One","ascension_level":3}