{"gold_per_floor":[119,132,132,142,159,191,229,254,313,345,369,405,437,463,475,587,649,672,609,621,558,237,237,313,313,313,333,333,347,347,14,14,118,118,138,154,154,154,173,93,93,107,131,131,163,163,178,191,191,191,191,191,43,70,70],"floor_reached":56,"playtime":3301,"items_purged":["Strike_G"],"score":1181,"play_id":"d42cc771-d837-4e5f-ba4a-1c3e42e53f87","local_time":"20190226024811","is_ascension_mode":false,"campfire_choices":[{"floor":15,"key":"REST"},{"floor":23,"key":"RECALL"},{"floor":28,"key":"REST"},{"floor":30,"key":"REST"},{"data":"Burst","floor":32,"key":"SMITH"},{"floor":41,"key":"REST"},{"floor":46,"key":"REST"},{"floor":49,"key":"REST"},{"data":"Catalyst","floor":52,"key":"SMITH"}],"neow_cost":"NONE","seed_source_timestamp":725694824341866,"circlet_count":0,"master_deck":["Defend_G","Defend_G+1","Defend_G+1","Defend_G","Defend_G","Strike_G","Strike_G","Survivor","Neutralize","Prepared","Deadly Poison","Escape Plan","PiercingWail","Dodge and Roll","Cloak And Dagger","PiercingWail+1","Burst+1","Catalyst","Malaise","PiercingWail","Footwork","Noxious Fumes","Catalyst+1","Poisoned Stab+1","Escape Plan","Noxious Fumes","Catalyst","Footwork","Deadly Poison+1","Backflip+1","Adrenaline","Bouncing Flask+1"],"relics":["Ring of the Snake","MawBank","Odd Mushroom","Snake Skull","Tiny House","War Paint","Matryoshka","Blood Vial","Mercury Hourglass","Pantograph","Sozu","Blue Candle","Art of War","Torii","Du-Vu Doll"],"potions_floor_usage":[16,18,18,18,29,33,33],"damage_taken":[{"damage":1,"enemies":"Cultist","floor":1,"turns":4},{"damage":0,"enemies":"2 Louse","floor":2,"turns":5},{"damage":1,"enemies":"Jaw Worm","floor":4,"turns":6},{"damage":5,"enemies":"Exordium Wildlife","floor":5,"turns":5},{"damage":26,"enemies":"Lagavulin","floor":6,"turns":8},{"damage":16,"enemies":"The Mushroom Lair","floor":7,"turns":8},{"damage":3,"enemies":"3 Louse","floor":8,"turns":5},{"damage":0,"enemies":"2 Fungi Beasts","floor":10,"turns":4},{"damage":1,"enemies":"Blue Slaver","floor":11,"turns":5},{"damage":0,"enemies":"3 Louse","floor":13,"turns":5},{"damage":3,"enemies":"Exordium Thugs","floor":14,"turns":8},{"damage":20,"enemies":"The Guardian","floor":16,"turns":12},{"damage":36,"enemies":"Chosen","floor":18,"turns":13},{"damage":6,"enemies":"2 Thieves","floor":21,"turns":5},{"damage":9,"enemies":"Snake Plant","floor":27,"turns":8},{"damage":33,"enemies":"3 Cultists","floor":29,"turns":8},{"damage":3,"enemies":"Champ","floor":33,"turns":9},{"damage":0,"enemies":"3 Darklings","floor":35,"turns":6},{"damage":0,"enemies":"3 Shapes","floor":36,"turns":6},{"damage":32,"enemies":"Jaw Worm Horde","floor":39,"turns":6},{"damage":5,"enemies":"Maw","floor":42,"turns":7},{"damage":34,"enemies":"Nemesis","floor":45,"turns":7},{"damage":32,"enemies":"4 Shapes","floor":47,"turns":5},{"damage":0,"enemies":"Spire Growth","floor":48,"turns":3},{"damage":52,"enemies":"Awakened One","floor":50,"turns":12},{"damage":8,"enemies":"Shield and Spear","floor":54,"turns":7},{"damage":68,"enemies":"The Heart","floor":55,"turns":7}],"seed_played":"5609969543891147839","potions_obtained":[{"floor":6,"key":"Dexterity Potion"},{"floor":7,"key":"GhostInAJar"},{"floor":8,"key":"Weak Potion"},{"floor":13,"key":"GamblersBrew"},{"floor":16,"key":"Fire Potion"},{"floor":18,"key":"FearPotion"},{"floor":25,"key":"Dexterity Potion"},{"floor":25,"key":"Ancient Potion"},{"floor":29,"key":"PowerPotion"}],"is_trial":false,"path_per_floor":["M","M","?","M","M","E","?","M","T","M","M","T","M","M","R","B",null,"M","?","?","M","$","R","T","?","T","M","R","M","R","$","R","B",null,"M","M","?","?","M","$","R","M","T","?","E","R","M","M","R","B",null,"R","$","E","B",null],"character_chosen":"THE_SILENT","items_purchased":["Noxious Fumes","Catalyst","War Paint","Noxious Fumes","Pantograph","Footwork","Adrenaline"],"campfire_rested":6,"item_purchase_floors":[22,22,22,31,31,40,53],"current_hp_per_floor":[76,76,69,68,63,37,21,18,18,18,17,17,17,14,37,17,82,46,46,46,40,40,40,40,40,40,33,57,26,50,50,50,74,82,82,82,78,78,46,46,69,66,66,66,34,57,27,29,52,26,78,78,78,70,10],"gold":70,"neow_bonus":"TEN_PERCENT_HP_BONUS","is_prod":false,"is_daily":false,"chose_seed":false,"campfire_upgraded":2,"win_rate":0,"timestamp":1551167291,"path_taken":["M","M","?","M","M","E","?","?","T","M","M","?","M","M","R","BOSS","M","?","?","M","$","R","?","?","T","M","R","?","R","?","R","BOSS","M","M","?","?","M","$","R","M","T","?","E","R","M","M","R","BOSS","R","$","E","BOSS"],"build_version":"2019-01-23","purchased_purges":1,"victory":true,"max_hp_per_floor":[77,77,77,77,77,77,77,77,77,77,77,77,77,77,77,77,82,82,82,82,82,82,82,82,82,82,82,82,82,82,82,82,82,82,82,82,78,78,78,78,78,78,78,78,78,78,78,78,78,78,78,78,78,78,78],"card_choices":[{"not_picked":["Blade Dance","Finisher"],"picked":"Prepared","floor":1},{"not_picked":["Blade Dance","Setup","Sucker Punch"],"picked":"SKIP","floor":2},{"not_picked":["Finisher","Blade Dance"],"picked":"Deadly Poison","floor":4},{"not_picked":["Cloak And Dagger","Backflip"],"picked":"Escape Plan","floor":5},{"not_picked":["Distraction","Quick Slash"],"picked":"PiercingWail","floor":6},{"not_picked":["Acrobatics","Dagger Throw"],"picked":"Dodge and Roll","floor":7},{"not_picked":["Finisher","Slice","Predator"],"picked":"SKIP","floor":8},{"not_picked":["Dagger Throw","Dodge and Roll"],"picked":"Cloak And Dagger","floor":10},{"not_picked":["Riddle With Holes","Backstab"],"picked":"PiercingWail","floor":11},{"not_picked":["PiercingWail","Flechettes"],"picked":"Burst","floor":13},{"not_picked":["Flying Knee","Crippling Poison"],"picked":"Catalyst","floor":14},{"not_picked":["Doppelganger","Phantasmal Killer"],"picked":"Malaise","floor":16},{"not_picked":["Dash","Cloak And Dagger"],"picked":"PiercingWail","floor":17},{"not_picked":["Eviscerate","Outmaneuver+1","Slice"],"picked":"SKIP","floor":18},{"not_picked":["Dagger Throw","Masterful Stab","Terror"],"picked":"SKIP","floor":21},{"not_picked":["Outmaneuver+1","Dagger Throw"],"picked":"Poisoned Stab+1","floor":27},{"not_picked":["Blade Dance","Acrobatics"],"picked":"Escape Plan","floor":29},{"not_picked":["Dagger Throw","Reflex+1","Blade Dance"],"picked":"SKIP","floor":35},{"not_picked":["Bane+1","Dagger Spray"],"picked":"Catalyst","floor":36},{"not_picked":["Quick Slash","Poisoned Stab","Blade Dance+1"],"picked":"SKIP","floor":39},{"not_picked":["Backflip+1","Riddle With Holes"],"picked":"Deadly Poison+1","floor":42},{"not_picked":["Blade Dance+1","Bane","Blur"],"picked":"SKIP","floor":45},{"not_picked":["Sucker Punch+1","Prepared"],"picked":"Backflip+1","floor":47},{"not_picked":["All Out Attack+1","Skewer","Flying Knee"],"picked":"SKIP","floor":48},{"not_picked":["Quick Slash","Blade Dance"],"picked":"Bouncing Flask+1","floor":54}],"player_experience":188706,"relics_obtained":[{"floor":6,"key":"MawBank"},{"floor":7,"key":"Odd Mushroom"},{"floor":9,"key":"Snake Skull"},{"floor":24,"key":"Matryoshka"},{"floor":26,"key":"Blood Vial"},{"floor":26,"key":"Mercury Hourglass"},{"floor":43,"key":"Blue Candle"},{"floor":43,"key":"Art of War"},{"floor":45,"key":"Torii"},{"floor":54,"key":"Du-Vu Doll"}],"event_choices":[{"cards_removed":["Strike_G"],"damage_healed":0,"gold_gain":0,"player_choice":"Card Removal","damage_taken":7,"max_hp_gain":0,"max_hp_loss":0,"event_name":"Golden Wing","floor":3,"gold_loss":0},{"damage_healed":0,"gold_gain":0,"player_choice":"Fought Mushrooms","damage_taken":0,"max_hp_gain":0,"max_hp_loss":0,"event_name":"Mushrooms","floor":7,"gold_loss":0},{"cards_removed":["Strike_G"],"damage_healed":0,"gold_gain":0,"player_choice":"Gave Gold","damage_taken":0,"max_hp_gain":0,"max_hp_loss":0,"event_name":"Beggar","floor":19,"gold_loss":75},{"damage_healed":0,"gold_gain":0,"player_choice":"Read","damage_taken":0,"max_hp_gain":0,"max_hp_loss":0,"event_name":"The Library","floor":20,"gold_loss":0,"cards_obtained":["Footwork"]},{"damage_healed":0,"gold_gain":0,"player_choice":"Got Potions","damage_taken":0,"max_hp_gain":0,"max_hp_loss":0,"event_name":"Lab","floor":25,"gold_loss":0},{"damage_healed":0,"gold_gain":0,"player_choice":"Max HP","damage_taken":0,"max_hp_gain":0,"max_hp_loss":4,"event_name":"Winding Halls","floor":37,"gold_loss":0},{"damage_healed":0,"gold_gain":0,"player_choice":"Ignored","damage_taken":0,"max_hp_gain":0,"max_hp_loss":0,"event_name":"Tomb of Lord Red Mask","floor":38,"gold_loss":0},{"damage_healed":0,"gold_gain":0,"player_choice":"Ignored","damage_taken":0,"max_hp_gain":0,"max_hp_loss":0,"event_name":"Mysterious Sphere","floor":44,"gold_loss":0}],"is_beta":false,"boss_relics":[{"not_picked":["Black Star","WristBlade"],"picked":"Tiny House"},{"not_picked":["Velvet Choker","White Beast Statue"],"picked":"Sozu"}],"items_purged_floors":[22],"is_endless":false,"potions_floor_spawned":[6,7,8,13,16,18,29,39,42,47,48,54],"ascension_level":0}