{"gold_per_floor":[119,134,84,84,104,104,115,115,115,130,161,175,175,201,201,305,305,305,305,290,290,215,215,240,240,320,320,18,43,6,32,32,133,133,151,251,263,0,13,42,42,62,135,149,149,169,169,201,201,201],"floor_reached":51,"playtime":3314,"items_purged":[],"score":1268,"play_id":"70365cc0-3850-4be9-9bed-6b0aae29fadb","local_time":"20190227195151","is_ascension_mode":true,"campfire_choices":[{"data":"Spot Weakness","floor":6,"key":"SMITH"},{"data":"Bash","floor":8,"key":"SMITH"},{"data":"Intimidate","floor":13,"key":"SMITH"},{"data":"Barricade","floor":15,"key":"SMITH"},{"data":"Impervious","floor":23,"key":"SMITH"},{"floor":25,"key":"REST"},{"floor":27,"key":"REST"},{"floor":32,"key":"REST"},{"data":"Limit Break","floor":41,"key":"SMITH"},{"data":"Metallicize","floor":45,"key":"SMITH"},{"floor":47,"key":"REST"},{"floor":49,"key":"REST"}],"neow_cost":"NONE","seed_source_timestamp":968596583364548,"circlet_count":0,"master_deck":["Strike_R","Strike_R","Strike_R","Defend_R","Bash+1","Shrug It Off","Flame Barrier+1","Spot Weakness+1","Battle Trance","Intimidate+1","Barricade+1","Impervious+1","Pommel Strike+1","Metallicize+1","Twin Strike","Limit Break+1","Uppercut+1","Shrug It Off","Dropkick+1","Pommel Strike+1","Offering+1"],"relics":["Burning Blood","Singing Bowl","Matryoshka","Lantern","Empty Cage","Darkstone Periapt","Ancient Tea Set","The Courier","Incense Burner","Du-Vu Doll","Bottled Tornado","Black Star","Mango","Red Mask","Pen Nib","Letter Opener","Pear","Dodecahedron","Omamori","Toxic Egg 2"],"potions_floor_usage":[10,11,14,18,24,24,24,24,24,31,50],"damage_taken":[{"damage":1,"enemies":"Cultist","floor":1,"turns":4},{"damage":7,"enemies":"Jaw Worm","floor":2,"turns":3},{"damage":3,"enemies":"2 Louse","floor":5,"turns":3},{"damage":15,"enemies":"Red Slaver","floor":7,"turns":6},{"damage":10,"enemies":"Gremlin Gang","floor":10,"turns":4},{"damage":28,"enemies":"3 Sentries","floor":11,"turns":9},{"damage":11,"enemies":"Exordium Thugs","floor":12,"turns":7},{"damage":16,"enemies":"Gremlin Nob","floor":14,"turns":3},{"damage":4,"enemies":"Hexaghost","floor":16,"turns":9},{"damage":32,"enemies":"Chosen","floor":18,"turns":10},{"damage":0,"enemies":"2 Thieves","floor":20,"turns":4},{"damage":42,"enemies":"Slavers","floor":24,"turns":12},{"damage":50,"enemies":"Gremlin Leader","floor":29,"turns":12},{"damage":11,"enemies":"Book of Stabbing","floor":31,"turns":7},{"damage":42,"enemies":"Champ","floor":33,"turns":18},{"damage":8,"enemies":"3 Shapes","floor":35,"turns":10},{"damage":5,"enemies":"Mind Bloom Boss Battle","floor":36,"turns":10},{"damage":10,"enemies":"Orb Walker","floor":37,"turns":5},{"damage":21,"enemies":"3 Darklings","floor":39,"turns":21},{"damage":0,"enemies":"Nemesis","floor":40,"turns":9},{"damage":0,"enemies":"4 Shapes","floor":42,"turns":8},{"damage":46,"enemies":"Transient","floor":44,"turns":5},{"damage":1,"enemies":"3 Darklings","floor":46,"turns":8},{"damage":5,"enemies":"Giant Head","floor":48,"turns":8},{"damage":0,"enemies":"Time Eater","floor":50,"turns":7}],"seed_played":"1689937727393062090","potions_obtained":[{"floor":0,"key":"AttackPotion"},{"floor":0,"key":"EntropicBrew"},{"floor":0,"key":"Poison Potion"},{"floor":11,"key":"GamblersBrew"},{"floor":12,"key":"SmokeBomb"},{"floor":14,"key":"Dexterity Potion"},{"floor":29,"key":"EssenceOfSteel"},{"floor":39,"key":"Ancient Potion"},{"floor":40,"key":"BloodPotion"},{"floor":44,"key":"SkillPotion"},{"floor":46,"key":"Block Potion"}],"is_trial":false,"path_per_floor":["M","M","?","?","M","R","M","R","T","M","E","M","R","E","R","B",null,"M","?","M","?","?","R","E","R","T","R","$","E","$","E","R","B",null,"M","?","M","?","M","E","R","M","T","M","R","M","R","E","R","B",null],"character_chosen":"IRONCLAD","items_purchased":["Incense Burner","Metallicize","Twin Strike"],"campfire_rested":5,"item_purchase_floors":[28,28,30],"current_hp_per_floor":[77,76,76,76,79,79,70,70,70,66,44,41,41,31,31,33,70,44,44,52,52,52,52,16,41,41,66,66,24,24,19,44,8,67,65,80,78,78,63,69,69,77,87,49,49,56,91,92,118,118],"gold":201,"neow_bonus":"THREE_SMALL_POTIONS","is_prod":false,"is_daily":false,"chose_seed":false,"campfire_upgraded":7,"win_rate":0,"timestamp":1551293511,"path_taken":["M","?","?","?","M","R","?","R","T","?","E","M","R","E","R","BOSS","M","?","M","?","?","R","E","R","T","R","$","E","?","E","R","BOSS","M","?","M","?","M","E","R","M","T","M","R","M","R","E","R","BOSS"],"build_version":"2019-01-23","purchased_purges":0,"victory":true,"max_hp_per_floor":[80,80,80,80,80,80,80,80,80,80,80,82,82,82,82,82,82,82,82,84,84,84,84,84,84,84,84,84,86,86,86,86,86,86,86,100,102,102,102,102,102,104,114,116,116,118,118,118,118,118],"card_choices":[{"not_picked":["Perfected Strike","Clash"],"picked":"Shrug It Off","floor":1},{"not_picked":["Twin Strike","True Grit"],"picked":"Flame Barrier","floor":2},{"not_picked":["Reckless Charge","Shrug It Off"],"picked":"Spot Weakness","floor":5},{"not_picked":["Clash","Corruption","Perfected Strike"],"picked":"SKIP","floor":7},{"not_picked":["Warcry","Havoc"],"picked":"Battle Trance","floor":10},{"not_picked":["Fire Breathing","Flex"],"picked":"Intimidate","floor":11},{"not_picked":["Seeing Red","Headbutt","Clash"],"picked":"Singing Bowl","floor":12},{"not_picked":["Headbutt","Warcry"],"picked":"Barricade","floor":14},{"not_picked":["Berserk","Offering"],"picked":"Impervious","floor":16},{"not_picked":["Clash+1","Pommel Strike","Reckless Charge"],"picked":"Singing Bowl","floor":20},{"not_picked":["Double Tap","Perfected Strike"],"picked":"Pommel Strike+1","floor":24},{"not_picked":["Pummel","Pommel Strike","Fiend Fire"],"picked":"Singing Bowl","floor":29},{"not_picked":["Perfected Strike","Havoc","True Grit"],"picked":"SKIP","floor":31},{"not_picked":["Bludgeon","Double Tap"],"picked":"Limit Break","floor":33},{"not_picked":["Ghostly Armor","Pummel+1"],"picked":"Uppercut+1","floor":35},{"not_picked":["Flame Barrier+1","Fire Breathing+1"],"picked":"Shrug It Off","floor":36},{"not_picked":["Clash+1","Thunderclap","Dual Wield+1"],"picked":"Singing Bowl","floor":37},{"not_picked":["Headbutt+1","Havoc+1"],"picked":"Dropkick+1","floor":39},{"not_picked":["Uppercut+1","Sword Boomerang"],"picked":"Pommel Strike+1","floor":40},{"not_picked":["Limit Break","Havoc+1","Fire Breathing"],"picked":"Singing Bowl","floor":42},{"not_picked":["Intimidate+1","Searing Blow","Hemokinesis+1"],"picked":"Singing Bowl","floor":44},{"not_picked":["Perfected Strike","Rupture","Reckless Charge+1"],"picked":"Singing Bowl","floor":46},{"not_picked":["Dual Wield+1","Feel No Pain+1"],"picked":"Offering","floor":48}],"player_experience":479126,"relics_obtained":[{"floor":9,"key":"Singing Bowl"},{"floor":11,"key":"Matryoshka"},{"floor":14,"key":"Lantern"},{"floor":24,"key":"Darkstone Periapt"},{"floor":26,"key":"Ancient Tea Set"},{"floor":26,"key":"The Courier"},{"floor":29,"key":"Du-Vu Doll"},{"floor":31,"key":"Bottled Tornado"},{"floor":36,"key":"Mango"},{"floor":40,"key":"Pen Nib"},{"floor":40,"key":"Letter Opener"},{"floor":43,"key":"Pear"},{"floor":43,"key":"Dodecahedron"},{"floor":48,"key":"Omamori"},{"floor":48,"key":"Toxic Egg 2"}],"event_choices":[{"cards_removed":["Defend_R"],"damage_healed":0,"gold_gain":0,"player_choice":"Card Removal","damage_taken":0,"max_hp_gain":0,"max_hp_loss":0,"event_name":"The Cleric","floor":3,"gold_loss":50},{"damage_healed":0,"gold_gain":0,"player_choice":"Upgraded","damage_taken":0,"max_hp_gain":0,"max_hp_loss":0,"event_name":"Upgrade Shrine","floor":4,"gold_loss":0,"cards_upgraded":["Flame Barrier"]},{"cards_removed":["Strike_R"],"damage_healed":0,"gold_gain":0,"player_choice":"Elegance","damage_taken":0,"max_hp_gain":0,"max_hp_loss":0,"event_name":"Back to Basics","floor":19,"gold_loss":0},{"damage_healed":0,"gold_gain":0,"player_choice":"Ignored","damage_taken":0,"max_hp_gain":0,"max_hp_loss":0,"event_name":"Ghosts","floor":21,"gold_loss":0},{"cards_removed":["Defend_R"],"damage_healed":0,"gold_gain":0,"player_choice":"Gave Gold","damage_taken":0,"max_hp_gain":0,"max_hp_loss":0,"event_name":"Beggar","floor":22,"gold_loss":75},{"damage_healed":0,"gold_gain":0,"player_choice":"Fight","damage_taken":0,"max_hp_gain":0,"max_hp_loss":0,"event_name":"MindBloom","floor":36,"gold_loss":0},{"damage_healed":0,"gold_gain":0,"player_choice":"Paid","damage_taken":0,"relics_obtained":["Red Mask"],"max_hp_gain":0,"max_hp_loss":0,"event_name":"Tomb of Lord Red Mask","floor":38,"gold_loss":263}],"is_beta":false,"boss_relics":[{"not_picked":["Philosopher\u0027s Stone","Black Blood"],"picked":"Empty Cage"},{"not_picked":["Fusion Hammer","Runic Dome"],"picked":"Black Star"}],"items_purged_floors":[],"is_endless":false,"potions_floor_spawned":[7,11,12,14,18,29,39,40,44,46,48],"ascension_level":9}