{"gold_per_floor":[17,17,17,33,50,65,79,79,79,79,79],"floor_reached":11,"playtime":828,"items_purged":[],"score":75,"play_id":"9030ace2-85d3-403e-a0f1-b173bf7e803b","local_time":"20190127201153","is_ascension_mode":true,"campfire_choices":[{"data":"Searing Blow","floor":8,"key":"SMITH"},{"data":"Searing Blow+1","floor":10,"key":"SMITH"}],"neow_cost":"NO_GOLD","seed_source_timestamp":15119197390477,"circlet_count":0,"master_deck":["Strike_R","Strike_R","Strike_R","Defend_R","Defend_R","Defend_R","Defend_R","Bash","Searing Blow+2","Sword Boomerang","Decay"],"relics":["Burning Blood","Ornamental Fan"],"potions_floor_usage":[11,11,11],"damage_taken":[{"damage":7,"enemies":"Small Slimes","floor":1,"turns":3},{"damage":8,"enemies":"2 Louse","floor":4,"turns":3},{"damage":3,"enemies":"Cultist","floor":5,"turns":3},{"damage":9,"enemies":"2 Fungi Beasts","floor":6,"turns":3},{"damage":35,"enemies":"Exordium Thugs","floor":7,"turns":4},{"damage":56,"enemies":"3 Sentries","floor":11,"turns":6}],"seed_played":"-4387759328566105615","potions_obtained":[{"floor":1,"key":"Weak Potion"},{"floor":5,"key":"Swift Potion"},{"floor":7,"key":"Dexterity Potion"}],"is_trial":false,"path_per_floor":["?","?","M"],"character_chosen":"IRONCLAD","items_purchased":[],"campfire_rested":0,"item_purchase_floors":[],"current_hp_per_floor":[79,79,79,77,80,77,48,48,48,48,0],"gold":79,"neow_bonus":"TRANSFORM_TWO_CARDS","is_prod":false,"is_daily":false,"chose_seed":false,"campfire_upgraded":2,"win_rate":0,"timestamp":1548591113,"path_taken":["M","?","?","M","?","M","M","R","T","R","E"],"build_version":"2019-01-23","purchased_purges":0,"victory":false,"max_hp_per_floor":[80,80,80,80,80,80,80,80,80,80,80],"card_choices":[{"not_picked":["Sever Soul","Infernal Blade","Thunderclap"],"picked":"SKIP","floor":1},{"not_picked":["Blood for Blood","Clash","Armaments"],"picked":"SKIP","floor":4},{"not_picked":["Havoc","Headbutt","Power Through"],"picked":"SKIP","floor":5},{"not_picked":["Twin Strike","Limit Break","Disarm"],"picked":"SKIP","floor":6},{"not_picked":["Sentinel","Body Slam","Dropkick"],"picked":"SKIP","floor":7}],"player_experience":57599,"relics_obtained":[{"floor":9,"key":"Ornamental Fan"}],"event_choices":[{"damage_healed":0,"gold_gain":0,"player_choice":"Leave","damage_taken":0,"max_hp_gain":0,"max_hp_loss":0,"event_name":"The Cleric","floor":2,"gold_loss":0},{"damage_healed":0,"gold_gain":0,"player_choice":"Cursed","damage_taken":0,"max_hp_gain":0,"max_hp_loss":0,"event_name":"Wheel of Change","floor":3,"gold_loss":0,"cards_obtained":["Decay"]}],"is_beta":false,"boss_relics":[],"items_purged_floors":[],"is_endless":false,"potions_floor_spawned":[1,5,7],"killed_by":"3 Sentries","ascension_level":3}