{"gold_per_floor":[114,32,49,69,88,116,126,157,157,157,175,175,188,206,206,302,302,323,2,18,38,137,137,151,151,205,205,205],"floor_reached":28,"playtime":1726,"items_purged":[],"score":386,"play_id":"dcf2a5a0-62c7-406c-9fdd-4a62cd948fc4","local_time":"20190107223214","is_ascension_mode":true,"campfire_choices":[{"floor":12,"key":"REST"},{"data":"Evolve","floor":15,"key":"SMITH"},{"floor":23,"key":"REST"},{"data":"1","floor":25,"key":"LIFT"},{"data":"2","floor":27,"key":"LIFT"}],"neow_cost":"TEN_PERCENT_HP_LOSS","seed_source_timestamp":209969045403495,"circlet_count":0,"master_deck":["AscendersBane","Strike_R","Strike_R","Strike_R","Strike_R","Strike_R","Defend_R","Defend_R","Defend_R","Defend_R","Bash","Bludgeon","Warcry","Finesse","Cleave","Wild Strike","Wild Strike","Headbutt","Second Wind","Fiend Fire","Injury","Evolve+1","Battle Trance","Offering","Dual Wield","Sentinel","Feel No Pain"],"relics":["Burning Blood","Charon\u0027s Ashes","Ornamental Fan","Bottled Lightning","Golden Idol","Lizard Tail","Girya","Happy Flower"],"potions_floor_usage":[5,7,8,20,20],"damage_taken":[{"damage":1,"enemies":"Cultist","floor":1,"turns":3},{"damage":5,"enemies":"Small Slimes","floor":3,"turns":3},{"damage":2,"enemies":"2 Louse","floor":4,"turns":2},{"damage":4,"enemies":"2 Fungi Beasts","floor":5,"turns":3},{"damage":16,"enemies":"Gremlin Nob","floor":6,"turns":3},{"damage":6,"enemies":"Lots of Slimes","floor":7,"turns":2},{"damage":33,"enemies":"Lagavulin","floor":8,"turns":5},{"damage":10,"enemies":"Exordium Wildlife","floor":11,"turns":4},{"damage":0,"enemies":"3 Louse","floor":13,"turns":2},{"damage":0,"enemies":"Gremlin Gang","floor":14,"turns":4},{"damage":23,"enemies":"Slime Boss","floor":16,"turns":7},{"damage":11,"enemies":"Chosen","floor":18,"turns":3},{"damage":53,"enemies":"Shell Parasite","floor":20,"turns":5},{"damage":35,"enemies":"Centurion and Healer","floor":21,"turns":4},{"damage":6,"enemies":"Chosen and Byrds","floor":24,"turns":4},{"damage":46,"enemies":"Gremlin Leader","floor":28,"turns":4}],"seed_played":"-5259195742140338120","potions_obtained":[{"floor":4,"key":"Fire Potion"},{"floor":5,"key":"EssenceOfSteel"},{"floor":7,"key":"GamblersBrew"},{"floor":14,"key":"Poison Potion"},{"floor":18,"key":"Strength Potion"}],"is_trial":false,"path_per_floor":["M","$","M","M","M","E","M","E","T","?","M","R","M","M","R","B",null,"M","$","M","M","?","R","M","R","T","R","E"],"character_chosen":"IRONCLAD","items_purchased":["Finesse","Sentinel","Girya"],"campfire_rested":2,"item_purchase_floors":[2,19,19],"current_hp_per_floor":[72,72,72,72,72,62,62,35,35,35,31,52,58,64,64,47,66,61,61,14,25,25,46,46,46,46,46,0],"gold":205,"neow_bonus":"THREE_RARE_CARDS","is_prod":false,"is_daily":false,"chose_seed":false,"campfire_upgraded":1,"win_rate":0,"timestamp":1546929134,"path_taken":["M","?","?","M","M","E","M","E","T","?","M","R","M","M","R","BOSS","M","$","M","M","?","R","M","R","T","R","E"],"build_version":"2019-01-03v4","purchased_purges":0,"victory":false,"max_hp_per_floor":[72,72,72,72,72,72,72,72,72,72,72,72,72,72,72,72,72,72,72,72,72,72,72,72,72,72,72,72],"card_choices":[{"not_picked":["Double Tap","Reaper"],"picked":"Bludgeon","floor":0},{"not_picked":["Armaments","Havoc"],"picked":"Warcry","floor":1},{"not_picked":["Second Wind","Warcry"],"picked":"Cleave","floor":3},{"not_picked":["Thunderclap","True Grit"],"picked":"Wild Strike","floor":4},{"not_picked":["Uppercut","True Grit"],"picked":"Wild Strike","floor":5},{"not_picked":["Power Through","Carnage"],"picked":"Headbutt","floor":6},{"not_picked":["Disarm","Perfected Strike"],"picked":"Second Wind","floor":7},{"not_picked":["Pommel Strike","Uppercut"],"picked":"Fiend Fire","floor":8},{"not_picked":["Wild Strike","Headbutt","Body Slam"],"picked":"SKIP","floor":11},{"not_picked":["Twin Strike","Clothesline"],"picked":"Evolve","floor":13},{"not_picked":["Heavy Blade","Fiend Fire"],"picked":"Battle Trance","floor":14},{"not_picked":["Demon Form","Juggernaut"],"picked":"Offering","floor":16},{"not_picked":["Clothesline","Headbutt"],"picked":"Dual Wield","floor":18},{"not_picked":["Iron Wave","Cleave+1","Perfected Strike"],"picked":"SKIP","floor":20},{"not_picked":["Havoc","Headbutt+1","Clothesline"],"picked":"SKIP","floor":21},{"not_picked":["Metallicize","Carnage"],"picked":"Feel No Pain","floor":24}],"player_experience":448501,"relics_obtained":[{"floor":6,"key":"Charon\u0027s Ashes"},{"floor":8,"key":"Ornamental Fan"},{"floor":9,"key":"Bottled Lightning"},{"floor":26,"key":"Happy Flower"}],"event_choices":[{"damage_healed":0,"gold_gain":0,"player_choice":"Take Wound","damage_taken":0,"relics_obtained":["Golden Idol"],"max_hp_gain":0,"max_hp_loss":0,"event_name":"Golden Idol","floor":10,"gold_loss":0,"cards_obtained":["Injury"]},{"damage_healed":0,"gold_gain":99,"player_choice":"Stole From Cult","damage_taken":0,"max_hp_gain":0,"max_hp_loss":0,"event_name":"Nest","floor":22,"gold_loss":0}],"is_beta":false,"boss_relics":[{"not_picked":["Calling Bell","Velvet Choker"],"picked":"Lizard Tail"}],"items_purged_floors":[],"is_endless":false,"potions_floor_spawned":[4,5,7,14,18],"killed_by":"Gremlin Leader","ascension_level":13}