{"gold_per_floor":[113,130,130,149,161,188,188,16,41,59,90,105,105,51,51,130,180,192,5,24,34,48,48,48],"floor_reached":24,"playtime":1559,"items_purged":[],"score":403,"play_id":"69678e8b-12ad-47ba-acd7-21cde1a135c2","local_time":"20190130220825","is_ascension_mode":true,"campfire_choices":[{"data":"Armaments","floor":7,"key":"SMITH"},{"data":"Bash","floor":13,"key":"SMITH"},{"floor":15,"key":"REST"},{"floor":23,"key":"REST"}],"neow_cost":"NONE","seed_source_timestamp":166308759739575,"circlet_count":0,"master_deck":["AscendersBane","Strike_R","Strike_R","Strike_R","Strike_R","Strike_R","Defend_R","Defend_R","Defend_R","Defend_R","Bash+1","Shrug It Off","Rage","Body Slam","Anger","Headbutt+1","Cleave","Thunderclap","Armaments+1","Shrug It Off","Finesse","Reaper","Fire Breathing","Iron Wave","Entrench","Bludgeon","Havoc","Havoc+1","Corruption","Shrug It Off","Seeing Red","Shrug It Off","Pommel Strike"],"relics":["Orrery","Boot","Dream Catcher","Happy Flower","Tiny House"],"potions_floor_usage":[6,6,10,11,16,16,18,18,20,22,22],"damage_taken":[{"damage":0,"enemies":"Cultist","floor":1,"turns":3},{"damage":1,"enemies":"Small Slimes","floor":2,"turns":3},{"damage":6,"enemies":"2 Louse","floor":4,"turns":3},{"damage":14,"enemies":"Gremlin Gang","floor":5,"turns":5},{"damage":17,"enemies":"3 Sentries","floor":6,"turns":6},{"damage":1,"enemies":"2 Fungi Beasts","floor":10,"turns":3},{"damage":15,"enemies":"Lagavulin","floor":11,"turns":9},{"damage":11,"enemies":"Blue Slaver","floor":12,"turns":4},{"damage":13,"enemies":"Slime Boss","floor":16,"turns":10},{"damage":1,"enemies":"Chosen","floor":18,"turns":4},{"damage":7,"enemies":"3 Byrds","floor":20,"turns":5},{"damage":36,"enemies":"Snake Plant","floor":21,"turns":5},{"damage":40,"enemies":"3 Cultists","floor":22,"turns":6},{"damage":46,"enemies":"Cultist and Chosen","floor":24,"turns":8}],"seed_played":"-6419816731449974008","potions_obtained":[{"floor":1,"key":"Regen Potion"},{"floor":3,"key":"Weak Potion"},{"floor":4,"key":"Swift Potion"},{"floor":10,"key":"Block Potion"},{"floor":12,"key":"Block Potion"},{"floor":16,"key":"Explosive Potion"},{"floor":17,"key":"GamblersBrew"},{"floor":20,"key":"Swift Potion"}],"is_trial":false,"path_per_floor":["M","M","?","M","M","E","R","$","T","M","E","M","R","$","R","B",null,"M","$","M","M","M","R","M"],"character_chosen":"IRONCLAD","items_purchased":["Finesse","BloodPotion","Fire Potion","Corruption","SkillPotion","Energy Potion"],"campfire_rested":2,"item_purchase_floors":[8,8,14,19,19,19],"current_hp_per_floor":[68,67,67,61,47,45,45,45,45,51,36,30,30,30,52,54,75,79,79,73,42,17,41,0],"gold":48,"neow_bonus":"BOSS_RELIC","is_prod":false,"is_daily":false,"chose_seed":false,"campfire_upgraded":2,"win_rate":0,"timestamp":1548914905,"path_taken":["M","?","?","?","M","E","R","$","T","M","E","M","R","$","R","BOSS","M","$","M","M","M","R","M"],"build_version":"2019-01-23","purchased_purges":0,"victory":false,"max_hp_per_floor":[75,75,75,75,75,75,75,75,75,75,75,75,75,75,75,75,80,80,80,80,80,80,80,80],"card_choices":[{"not_picked":["Heavy Blade","Armaments"],"picked":"Shrug It Off","floor":0},{"not_picked":["Clothesline","Clash"],"picked":"Rage","floor":0},{"not_picked":["Second Wind","Thunderclap"],"picked":"Body Slam","floor":0},{"not_picked":["Exhume","Twin Strike"],"picked":"Anger","floor":0},{"not_picked":["Blood for Blood","Dropkick"],"picked":"Headbutt","floor":0},{"not_picked":["Body Slam","Flex"],"picked":"Cleave","floor":1},{"not_picked":["Headbutt","Heavy Blade"],"picked":"Thunderclap","floor":2},{"not_picked":["Sentinel","Pummel","Iron Wave"],"picked":"SKIP","floor":4},{"not_picked":["Reckless Charge","Spot Weakness"],"picked":"Armaments","floor":5},{"not_picked":["Headbutt","Iron Wave"],"picked":"Shrug It Off","floor":6},{"not_picked":["Armaments","Clothesline"],"picked":"Reaper","floor":10},{"not_picked":["Exhume","Anger"],"picked":"Fire Breathing","floor":11},{"not_picked":["Twin Strike","True Grit","Iron Wave"],"picked":"SKIP","floor":12},{"not_picked":["Twin Strike","True Grit"],"picked":"Iron Wave","floor":12},{"not_picked":["Clothesline","Pommel Strike"],"picked":"Entrench","floor":15},{"not_picked":["Offering","Dark Embrace"],"picked":"Bludgeon","floor":16},{"not_picked":["Feel No Pain","Rupture"],"picked":"Havoc","floor":17},{"not_picked":["Twin Strike","Perfected Strike"],"picked":"Havoc+1","floor":18},{"not_picked":["Thunderclap","Pommel Strike+1"],"picked":"Shrug It Off","floor":20},{"not_picked":["Rupture","Heavy Blade"],"picked":"Seeing Red","floor":21},{"not_picked":["Clothesline","Anger"],"picked":"Shrug It Off","floor":22},{"not_picked":["Burning Pact","Inflame"],"picked":"Pommel Strike","floor":23}],"player_experience":509096,"relics_obtained":[{"floor":6,"key":"Boot"},{"floor":9,"key":"Dream Catcher"},{"floor":11,"key":"Happy Flower"}],"event_choices":[{"damage_healed":0,"gold_gain":0,"player_choice":"Got Potions","damage_taken":0,"max_hp_gain":0,"max_hp_loss":0,"event_name":"Lab","floor":3,"gold_loss":0}],"is_beta":false,"boss_relics":[{"not_picked":["Calling Bell","Runic Cube"],"picked":"Tiny House"}],"items_purged_floors":[],"is_endless":false,"potions_floor_spawned":[1,4,5,10,12,16,20,21],"killed_by":"Cultist and Chosen","ascension_level":16}