{"gold_per_floor":[20,33,33,33,47,47,47,47,74,86,127,139,186,217,229,341,353,379,421,433,445,472,484,496,164,164,164],"floor_reached":27,"playtime":957,"items_purged":["Strike_G"],"score":347,"play_id":"b43e7b95-df4d-43b5-a39b-988696c3693d","local_time":"20181118183734","is_ascension_mode":true,"campfire_choices":[{"data":"Footwork","floor":6,"key":"SMITH"},{"data":"Distraction","floor":8,"key":"SMITH"},{"data":"Storm of Steel","floor":10,"key":"SMITH"},{"data":"Terror","floor":15,"key":"SMITH"},{"floor":23,"key":"REST"}],"neow_cost":"NO_GOLD","seed_source_timestamp":193696423346497,"circlet_count":0,"master_deck":["AscendersBane","Defend_G","Defend_G","Defend_G","Defend_G","Strike_G","Strike_G","Survivor","Neutralize","Unload","Storm of Steel+1","Flying Knee","Distraction+1","Footwork+1","Blur","Terror+1","A Thousand Cuts","Dodge and Roll","Dodge and Roll","Footwork+1","Leg Sweep","Infinite Blades","Magnetism"],"relics":["Ring of the Snake","Tough Bandages","MawBank","Boot","Dream Catcher","Sozu","Red Mask","Frozen Egg 2"],"potions_floor_usage":[18,18],"damage_taken":[{"damage":0,"enemies":"Cultist","floor":1,"turns":4},{"damage":0,"enemies":"Small Slimes","floor":2,"turns":3},{"damage":0,"enemies":"2 Louse","floor":5,"turns":2},{"damage":12,"enemies":"3 Sentries","floor":11,"turns":10},{"damage":3,"enemies":"Lagavulin","floor":13,"turns":6},{"damage":0,"enemies":"2 Fungi Beasts","floor":14,"turns":2},{"damage":15,"enemies":"The Guardian","floor":16,"turns":13},{"damage":2,"enemies":"Spheric Guardian","floor":18,"turns":3},{"damage":27,"enemies":"Masked Bandits","floor":19,"turns":6},{"damage":0,"enemies":"Shell Parasite","floor":22,"turns":3},{"damage":41,"enemies":"Cultist and Chosen","floor":27,"turns":5}],"seed_played":"-1286944743457245729","potions_obtained":[{"floor":5,"key":"GamblersBrew"},{"floor":11,"key":"AttackPotion"},{"floor":14,"key":"Fire Potion"}],"is_trial":false,"path_per_floor":["M","M","?","$","M","R","?","R","T","R","E","$","E","M","R","B",null,"M","?","?","?","M","R","?","$","T","M"],"character_chosen":"THE_SILENT","items_purchased":["Infinite Blades","Magnetism"],"campfire_rested":1,"item_purchase_floors":[25,25],"current_hp_per_floor":[63,63,60,60,60,60,60,60,60,60,48,48,45,45,45,30,60,58,31,15,15,15,36,36,36,36,0],"gold":164,"neow_bonus":"TRANSFORM_TWO_CARDS","is_prod":false,"is_daily":false,"chose_seed":false,"campfire_upgraded":4,"win_rate":0,"timestamp":1542562654,"path_taken":["M","?","?","$","M","R","?","R","T","R","E","$","E","M","R","BOSS","M","?","?","?","?","R","?","$","T","M"],"build_version":"2018-11-15","purchased_purges":1,"victory":false,"max_hp_per_floor":[70,70,70,70,70,70,70,70,70,70,70,70,70,70,70,70,70,70,70,70,70,70,70,70,70,70,70],"card_choices":[{"not_picked":["Bane","Crippling Poison"],"picked":"Flying Knee","floor":1},{"not_picked":["Choke","Prepared"],"picked":"Distraction","floor":2},{"not_picked":["Deflect","Predator"],"picked":"Footwork","floor":5},{"not_picked":["Crippling Poison","Wraith Form v2"],"picked":"Blur","floor":11},{"not_picked":["Reflex","Finisher","Deadly Poison"],"picked":"SKIP","floor":13},{"not_picked":["Riddle With Holes","Caltrops"],"picked":"Terror","floor":14},{"not_picked":["Venomology","Bullet Time"],"picked":"A Thousand Cuts","floor":16},{"not_picked":["Outmaneuver","Bouncing Flask"],"picked":"Dodge and Roll","floor":18},{"not_picked":["Dagger Throw","Footwork"],"picked":"Dodge and Roll","floor":19},{"not_picked":["PiercingWail","Setup","Dodge and Roll"],"picked":"SKIP","floor":22},{"not_picked":["Endless Agony","Dagger Spray"],"picked":"Leg Sweep","floor":23}],"player_experience":667722,"relics_obtained":[{"floor":9,"key":"MawBank"},{"floor":11,"key":"Boot"},{"floor":13,"key":"Dream Catcher"},{"floor":19,"key":"Red Mask"},{"floor":26,"key":"Frozen Egg 2"}],"event_choices":[{"damage_healed":0,"gold_gain":0,"player_choice":"Success","damage_taken":3,"relics_obtained":["Tough Bandages"],"max_hp_gain":0,"max_hp_loss":0,"event_name":"Scrap Ooze","floor":3,"gold_loss":0},{"damage_healed":0,"gold_gain":0,"player_choice":"Leave","damage_taken":0,"max_hp_gain":0,"max_hp_loss":0,"event_name":"The Cleric","floor":7,"gold_loss":0},{"damage_healed":0,"gold_gain":0,"player_choice":"Fought Bandits","damage_taken":0,"max_hp_gain":0,"max_hp_loss":0,"event_name":"Masked Bandits","floor":19,"gold_loss":0},{"damage_healed":0,"gold_gain":0,"player_choice":"Obtained Book","damage_taken":16,"max_hp_gain":0,"max_hp_loss":0,"event_name":"Cursed Tome","floor":20,"gold_loss":0},{"damage_healed":0,"gold_gain":0,"player_choice":"Copied","damage_taken":0,"max_hp_gain":0,"max_hp_loss":0,"event_name":"Duplicator","floor":21,"gold_loss":0,"cards_obtained":["Footwork"]},{"cards_removed":["Strike_G"],"damage_healed":0,"gold_gain":0,"player_choice":"Card Removal","damage_taken":0,"max_hp_gain":0,"max_hp_loss":0,"event_name":"Wheel of Change","floor":24,"gold_loss":0}],"is_beta":false,"boss_relics":[{"not_picked":["Calling Bell","Orrery"],"picked":"Sozu"}],"items_purged_floors":[25],"is_endless":false,"potions_floor_spawned":[5,11,14,19,22],"killed_by":"Cultist and Chosen","ascension_level":12}