{"gold_per_floor":[360,24,24,41,60,60,90,90,90,90,118,140,181,193,205,312,324,354,383,395,69,69,96,96,106,133,133,144,144,176,193,193,296,296,316,326,326,344,344,344,344,373,396,396,496,526,544,73,73,73],"floor_reached":51,"playtime":3952,"items_purged":["Strike_G","Strike_G"],"score":1108,"play_id":"39618d16-96fe-4e97-89b7-c5e75ce404bb","local_time":"20190225205924","is_ascension_mode":true,"campfire_choices":[{"data":"Neutralize","floor":6,"key":"SMITH"},{"floor":8,"key":"REST"},{"floor":10,"key":"REST"},{"data":"Blade Dance","floor":15,"key":"SMITH"},{"data":"Venomology","floor":24,"key":"SMITH"},{"data":"Terror","floor":29,"key":"SMITH"},{"data":"Cloak And Dagger","floor":32,"key":"SMITH"},{"data":"Apotheosis","floor":41,"key":"SMITH"},{"floor":49,"key":"REST"}],"neow_cost":"PERCENT_DAMAGE","seed_source_timestamp":799202783553999,"circlet_count":0,"master_deck":["Defend_G","Defend_G","Defend_G","Defend_G","Strike_G","Strike_G","Strike_G","Survivor","Neutralize+1","Poisoned Stab","Acrobatics","Catalyst","Crippling Poison","Escape Plan","Blade Dance+1","Venomology+1","Cloak And Dagger+1","After Image","Terror+1","After Image","Cloak And Dagger+1","Backstab+1","Caltrops+1","A Thousand Cuts","PiercingWail+1","Apotheosis+1","Deflect+1","Cloak And Dagger","Cloak And Dagger+1","Backstab+1","Blade Dance","Cloak And Dagger","Caltrops"],"relics":["Ring of the Snake","Membership Card","Kunai","Thread and Needle","Matryoshka","MawBank","Odd Mushroom","Runic Pyramid","Letter Opener","Boot","Bottled Flame","Bronze Scales","Potion Belt","Singing Bowl","Blood Vial","Vajra","WristBlade","PreservedInsect","Centennial Puzzle","Turnip","Lantern","Nunchaku","FossilizedHelix"],"potions_floor_usage":[11,11,18,19,23,28,30,33,35,38,40,40,40,42,46,46,50,50,50],"damage_taken":[{"damage":0,"enemies":"Jaw Worm","floor":1,"turns":4},{"damage":0,"enemies":"Cultist","floor":4,"turns":3},{"damage":0,"enemies":"Small Slimes","floor":5,"turns":3},{"damage":38,"enemies":"Lagavulin","floor":7,"turns":10},{"damage":27,"enemies":"Gremlin Nob","floor":11,"turns":5},{"damage":1,"enemies":"3 Louse","floor":12,"turns":3},{"damage":4,"enemies":"The Mushroom Lair","floor":13,"turns":5},{"damage":15,"enemies":"The Guardian","floor":16,"turns":20},{"damage":0,"enemies":"Chosen","floor":18,"turns":7},{"damage":2,"enemies":"Spheric Guardian","floor":19,"turns":10},{"damage":23,"enemies":"Slavers","floor":23,"turns":9},{"damage":0,"enemies":"Snecko","floor":25,"turns":5},{"damage":8,"enemies":"Shelled Parasite and Fungi","floor":28,"turns":8},{"damage":0,"enemies":"Book of Stabbing","floor":30,"turns":5},{"damage":0,"enemies":"Snake Plant","floor":31,"turns":3},{"damage":12,"enemies":"Collector","floor":33,"turns":11},{"damage":10,"enemies":"3 Darklings","floor":35,"turns":8},{"damage":0,"enemies":"3 Shapes","floor":36,"turns":5},{"damage":0,"enemies":"Jaw Worm Horde","floor":38,"turns":5},{"damage":7,"enemies":"Giant Head","floor":40,"turns":7},{"damage":18,"enemies":"Nemesis","floor":42,"turns":8},{"damage":0,"enemies":"Mind Bloom Boss Battle","floor":45,"turns":7},{"damage":15,"enemies":"Giant Head","floor":46,"turns":8},{"damage":1,"enemies":"Maw","floor":47,"turns":7},{"damage":27,"enemies":"Time Eater","floor":50,"turns":9}],"seed_played":"370517538098679098","potions_obtained":[{"floor":1,"key":"SpeedPotion"},{"floor":3,"key":"Regen Potion"},{"floor":3,"key":"SmokeBomb"},{"floor":3,"key":"GamblersBrew"},{"floor":11,"key":"EssenceOfSteel"},{"floor":12,"key":"Energy Potion"},{"floor":25,"key":"Ancient Potion"},{"floor":30,"key":"SkillPotion"},{"floor":38,"key":"GamblersBrew"},{"floor":46,"key":"Swift Potion"}],"is_trial":false,"path_per_floor":["M","$","?","M","M","R","E","R","T","R","E","M","?","$","R","B",null,"M","M","?","$","?","E","R","M","T","T","M","R","E","M","R","B",null,"M","M","?","M","?","E","R","E","T","?","?","E","M","$","R","B",null],"character_chosen":"THE_SILENT","items_purchased":["Membership Card","Kunai","After Image","Terror","Letter Opener","Boot","Nunchaku","FossilizedHelix","Blade Dance","Cloak And Dagger","Caltrops","LiquidBronze"],"campfire_rested":3,"item_purchase_floors":[2,2,21,21,21,21,48,48,48,48,48,48],"current_hp_per_floor":[45,45,45,45,45,45,7,28,28,49,37,36,32,32,32,17,57,57,55,55,55,55,32,32,32,32,32,41,41,43,47,47,37,63,55,59,59,63,63,58,58,42,42,42,44,46,47,47,69,44],"gold":73,"neow_bonus":"TWO_FIFTY_GOLD","is_prod":false,"is_daily":false,"chose_seed":false,"campfire_upgraded":6,"win_rate":0,"timestamp":1551124764,"path_taken":["M","$","?","?","M","R","E","R","T","R","E","M","?","$","R","BOSS","M","M","?","$","?","E","R","?","T","?","M","R","E","M","R","BOSS","M","M","?","M","?","E","R","E","T","?","?","E","M","$","R","BOSS"],"build_version":"2019-01-23","purchased_purges":2,"victory":true,"max_hp_per_floor":[70,70,70,70,70,70,70,70,70,70,70,70,70,70,70,70,70,70,70,70,70,70,70,70,70,70,70,70,70,70,72,72,72,72,72,74,74,76,76,76,76,76,76,76,76,76,76,76,76,76],"card_choices":[{"not_picked":["Sucker Punch","Endless Agony"],"picked":"Poisoned Stab","floor":1},{"not_picked":["Slice","Underhanded Strike","Masterful Stab"],"picked":"SKIP","floor":4},{"not_picked":["Flying Knee","Distraction"],"picked":"Acrobatics","floor":5},{"not_picked":["Crippling Poison","Outmaneuver"],"picked":"Catalyst","floor":7},{"not_picked":["Accuracy","Corpse Explosion"],"picked":"Crippling Poison","floor":11},{"not_picked":["Dodge and Roll","Accuracy"],"picked":"Escape Plan","floor":12},{"not_picked":["Outmaneuver","Bane"],"picked":"Blade Dance","floor":13},{"not_picked":["Grand Finale","Wraith Form v2"],"picked":"Venomology","floor":16},{"not_picked":["Poisoned Stab","Sucker Punch"],"picked":"Cloak And Dagger","floor":18},{"not_picked":["Slice","Quick Slash","Acrobatics"],"picked":"SKIP","floor":19},{"not_picked":["Predator+1","Finisher","Venomology"],"picked":"SKIP","floor":23},{"not_picked":["Flying Knee","Dodge and Roll"],"picked":"Cloak And Dagger+1","floor":25},{"not_picked":["Deadly Poison","Deflect"],"picked":"Backstab+1","floor":28},{"not_picked":["Slice","Acrobatics"],"picked":"Caltrops+1","floor":30},{"not_picked":["Poisoned Stab+1","Flechettes","Dagger Throw"],"picked":"Singing Bowl","floor":31},{"not_picked":["Envenom","Unload"],"picked":"A Thousand Cuts","floor":33},{"not_picked":["Calculated Gamble","Terror"],"picked":"PiercingWail+1","floor":35},{"not_picked":["Expertise+1","Distraction","Leg Sweep"],"picked":"Singing Bowl","floor":36},{"not_picked":["Riddle With Holes","Slice","Dagger Spray"],"picked":"Singing Bowl","floor":38},{"not_picked":["Jack Of All Trades","PanicButton"],"picked":"Apotheosis","floor":39},{"not_picked":["Flechettes","Envenom"],"picked":"Deflect+1","floor":42},{"not_picked":["Outmaneuver+1","Bane"],"picked":"Cloak And Dagger","floor":45},{"not_picked":["Poisoned Stab","Predator+1"],"picked":"Cloak And Dagger+1","floor":46},{"not_picked":["Slice+1","Choke"],"picked":"Backstab+1","floor":47}],"player_experience":456440,"relics_obtained":[{"floor":7,"key":"Thread and Needle"},{"floor":9,"key":"Matryoshka"},{"floor":11,"key":"MawBank"},{"floor":13,"key":"Odd Mushroom"},{"floor":23,"key":"Bottled Flame"},{"floor":26,"key":"Bronze Scales"},{"floor":26,"key":"Potion Belt"},{"floor":27,"key":"Singing Bowl"},{"floor":27,"key":"Blood Vial"},{"floor":30,"key":"Vajra"},{"floor":42,"key":"PreservedInsect"},{"floor":43,"key":"Centennial Puzzle"},{"floor":45,"key":"Turnip"},{"floor":46,"key":"Lantern"}],"event_choices":[{"damage_healed":0,"gold_gain":0,"player_choice":"Got Potions","damage_taken":0,"max_hp_gain":0,"max_hp_loss":0,"event_name":"Lab","floor":3,"gold_loss":0},{"damage_healed":0,"gold_gain":0,"player_choice":"Fought Mushrooms","damage_taken":0,"max_hp_gain":0,"max_hp_loss":0,"event_name":"Mushrooms","floor":13,"gold_loss":0},{"damage_healed":0,"gold_gain":0,"player_choice":"Ignored","damage_taken":0,"max_hp_gain":0,"max_hp_loss":0,"event_name":"Ghosts","floor":20,"gold_loss":0},{"damage_healed":0,"gold_gain":0,"player_choice":"Copied","damage_taken":0,"max_hp_gain":0,"max_hp_loss":0,"event_name":"Duplicator","floor":22,"gold_loss":0,"cards_obtained":["After Image"]},{"damage_healed":0,"gold_gain":0,"player_choice":"Ignored","damage_taken":0,"max_hp_gain":0,"max_hp_loss":0,"event_name":"Tomb of Lord Red Mask","floor":37,"gold_loss":0},{"damage_healed":0,"gold_gain":0,"player_choice":"Memory 1","damage_taken":0,"max_hp_gain":0,"max_hp_loss":0,"event_name":"SensoryStone","floor":39,"gold_loss":0},{"cards_removed":["Defend_G"],"damage_healed":0,"gold_gain":0,"player_choice":"Removed Skill","damage_taken":0,"max_hp_gain":0,"max_hp_loss":0,"event_name":"Falling","floor":44,"gold_loss":0},{"damage_healed":0,"gold_gain":0,"player_choice":"Fight","damage_taken":0,"max_hp_gain":0,"max_hp_loss":0,"event_name":"MindBloom","floor":45,"gold_loss":0}],"is_beta":false,"boss_relics":[{"not_picked":["Pandora\u0027s Box","Velvet Choker"],"picked":"Runic Pyramid"},{"not_picked":["Tiny House","Astrolabe"],"picked":"WristBlade"}],"items_purged_floors":[21,48],"is_endless":false,"potions_floor_spawned":[1,7,11,12,16,25,30,31,35,38,46,47],"ascension_level":8}