{"gold_per_floor":[110,110,126,201,351,380,15,15,15,15,42,42,73,85,85,162,162,136,36,36,49,59,59,85,96,96,108,108,108,140,156,156,229,229,249,249,12,32,32,32,46,46,72,72,91,107,107,107,107,107],"floor_reached":51,"playtime":1886,"items_purged":["Doubt","Strike_G"],"score":1470,"play_id":"8d14ce95-1f19-45a1-98b7-bd1af645ce6b","local_time":"20190129014010","is_ascension_mode":true,"campfire_choices":[{"data":"Neutralize","floor":10.0,"key":"SMITH"},{"data":"Dodge and Roll","floor":15.0,"key":"SMITH"},{"data":"Malaise","floor":23.0,"key":"SMITH"},{"data":"Caltrops","floor":29.0,"key":"SMITH"},{"data":"Footwork","floor":32.0,"key":"SMITH"},{"data":"Catalyst","floor":40.0,"key":"SMITH"},{"data":"Noxious Fumes","floor":42.0,"key":"SMITH"},{"data":"Footwork","floor":44.0,"key":"SMITH"},{"floor":47.0,"key":"REST"},{"data":"Blur","floor":49,"key":"SMITH"}],"neow_cost":"NONE","seed_source_timestamp":122116195971721,"circlet_count":0,"master_deck":["AscendersBane","Defend_G","Defend_G","Defend_G","Defend_G","Defend_G","Strike_G","Strike_G","Strike_G","Survivor","Neutralize+1","Sucker Punch+1","Heel Hook+1","Quick Slash+1","Die Die Die+1","Deflect","Dodge and Roll+1","Malaise+1","All Out Attack+1","Caltrops+1","Dash+1","Backstab+1","Dagger Spray+1","Footwork+1","Noxious Fumes+1","Good Instincts","Footwork+1","Catalyst+1","Blur+1"],"special_seed":0,"relics":["Ring of the Snake","NeowsBlessing","Molten Egg 2","Darkstone Periapt","Gremlin Horn","Pantograph","Singing Bowl","Pocketwatch","Philosopher\u0027s Stone","Ornamental Fan","Ninja Scroll","Ancient Tea Set","Sozu","Snake Skull","Bronze Scales"],"potions_floor_usage":[],"damage_taken":[{"damage":0.0,"enemies":"Jaw Worm","floor":1.0,"turns":1.0},{"damage":0.0,"enemies":"Cultist","floor":3.0,"turns":1.0},{"damage":0.0,"enemies":"Lagavulin","floor":6.0,"turns":1.0},{"damage":24.0,"enemies":"Gremlin Nob","floor":11.0,"turns":4.0},{"damage":19.0,"enemies":"3 Sentries","floor":13.0,"turns":5.0},{"damage":0.0,"enemies":"Small Slimes","floor":14.0,"turns":1.0},{"damage":5.0,"enemies":"The Guardian","floor":16.0,"turns":17.0},{"damage":6.0,"enemies":"2 Thieves","floor":18.0,"turns":4.0},{"damage":11.0,"enemies":"Spheric Guardian","floor":21.0,"turns":5.0},{"damage":0.0,"enemies":"Centurion and Healer","floor":22.0,"turns":6.0},{"damage":0.0,"enemies":"Gremlin Leader","floor":24.0,"turns":8.0},{"damage":4.0,"enemies":"Cultist and Chosen","floor":25.0,"turns":5.0},{"damage":0.0,"enemies":"Sentry and Sphere","floor":27.0,"turns":5.0},{"damage":0.0,"enemies":"Slavers","floor":30.0,"turns":3.0},{"damage":5.0,"enemies":"Snecko","floor":31.0,"turns":5.0},{"damage":51.0,"enemies":"Collector","floor":33.0,"turns":12.0},{"damage":0.0,"enemies":"3 Shapes","floor":35.0,"turns":3.0},{"damage":37.0,"enemies":"3 Darklings","floor":38.0,"turns":5.0},{"damage":0.0,"enemies":"4 Shapes","floor":41.0,"turns":6.0},{"damage":18.0,"enemies":"Sphere and 2 Shapes","floor":45.0,"turns":5.0},{"damage":38.0,"enemies":"Transient","floor":46.0,"turns":6.0},{"damage":45,"enemies":"Time Eater","floor":50,"turns":14}],"seed_played":"-4677480143181457616","potions_obtained":[{"floor":6.0,"key":"Fruit Juice"},{"floor":8.0,"key":"Regen Potion"},{"floor":13.0,"key":"SteroidPotion"},{"floor":18.0,"key":"GhostInAJar"},{"floor":24.0,"key":"GhostInAJar"},{"floor":30.0,"key":"FearPotion"},{"floor":33.0,"key":"Strength Potion"}],"is_trial":false,"path_per_floor":["M","?","M","?","?","E","$","?","T","R","E","$","E","M","R","B",null,"M","$","?","M","M","R","E","M","T","M","$","R","E","M","R","B",null,"M","?","$","M","?","R","M","R","T","R","M","M","R","?","R","B",null],"character_chosen":"THE_SILENT","items_purchased":["Gremlin Horn","Quick Slash+1","Snake Skull","Footwork"],"campfire_rested":1,"item_purchase_floors":[7,7,37,37],"current_hp_per_floor":[59,59,59,48,48,48,48,48,48,48,24,24,19,19,19,39,59,53,53,53,42,42,42,44,42,42,42,42,42,42,39,39,15,64,64,64,64,27,79,79,81,81,81,81,65,27,51,51,51,31],"gold":107,"neow_bonus":"THREE_ENEMY_KILL","is_prod":false,"is_daily":false,"chose_seed":false,"campfire_upgraded":9,"win_rate":0,"timestamp":1548722410,"path_taken":["M","?","?","?","?","E","$","?","T","R","E","$","E","M","R","BOSS","M","$","?","M","M","R","E","?","T","M","$","R","E","?","R","BOSS","M","?","$","M","?","R","?","R","T","R","M","M","R","?","R","BOSS"],"build_version":"2019-01-23","purchased_purges":2,"victory":true,"max_hp_per_floor":[66,66,66,66,66,66,66,66,66,66,66,66,66,66,66,66,66,66,66,66,66,66,66,68,70,70,70,70,70,70,72,72,74,79,79,79,79,79,79,79,81,81,81,81,83,83,83,83,83,83],"card_choices":[{"not_picked":["PiercingWail","Slice"],"picked":"Flying Knee","floor":1.0},{"not_picked":["Leg Sweep","Cloak And Dagger"],"picked":"Sucker Punch+1","floor":3.0},{"not_picked":["Eviscerate+1","Doppelganger"],"picked":"Heel Hook+1","floor":6.0},{"not_picked":["Tactician","Dagger Throw+1"],"picked":"Die Die Die+1","floor":11.0},{"not_picked":["Slice+1","Cloak And Dagger"],"picked":"Deflect","floor":13.0},{"not_picked":["Prepared","Dagger Spray+1"],"picked":"Dodge and Roll","floor":14.0},{"not_picked":["Storm of Steel","Die Die Die+1"],"picked":"Malaise","floor":16.0},{"not_picked":["Outmaneuver","Dagger Spray+1"],"picked":"All Out Attack+1","floor":18.0},{"not_picked":["Distraction","Acrobatics"],"picked":"Dash+1","floor":21.0},{"not_picked":["Blade Dance","Backflip+1"],"picked":"Backstab+1","floor":22.0},{"not_picked":["Flying Knee+1","Concentrate","Catalyst"],"picked":"Singing Bowl","floor":24.0},{"not_picked":["Outmaneuver","Sucker Punch+1","Catalyst"],"picked":"Singing Bowl","floor":25.0},{"not_picked":["Underhanded Strike+1","Flying Knee+1"],"picked":"Dagger Spray+1","floor":27.0},{"not_picked":["Prepared","Burst"],"picked":"Footwork","floor":30.0},{"not_picked":["Deadly Poison","Expertise","Acrobatics"],"picked":"Singing Bowl","floor":31.0},{"not_picked":["Night Terror","Grand Finale+1","Bullet Time"],"picked":"Singing Bowl","floor":33.0},{"not_picked":["Dagger Spray+1","All Out Attack+1"],"picked":"Noxious Fumes","floor":35.0},{"not_picked":["Purity","Jack Of All Trades"],"picked":"Good Instincts","floor":36.0},{"not_picked":["PiercingWail","Bouncing Flask"],"picked":"Catalyst","floor":38.0},{"not_picked":["Cloak And Dagger","Skewer+1","Endless Agony+1"],"picked":"Singing Bowl","floor":41.0},{"not_picked":["PiercingWail","Sucker Punch+1","Riddle With Holes+1"],"picked":"Singing Bowl","floor":45.0},{"not_picked":["Outmaneuver","Leg Sweep"],"picked":"Blur","floor":46.0}],"player_experience":938403,"relics_obtained":[{"floor":6.0,"key":"Darkstone Periapt"},{"floor":9.0,"key":"Pantograph"},{"floor":11.0,"key":"Singing Bowl"},{"floor":13.0,"key":"Pocketwatch"},{"floor":24.0,"key":"Ornamental Fan"},{"floor":26.0,"key":"Ninja Scroll"},{"floor":30.0,"key":"Ancient Tea Set"},{"floor":43.0,"key":"Bronze Scales"}],"event_choices":[{"cards_removed":["Flying Knee"],"damage_healed":0.0,"max_hp_gain":0.0,"max_hp_loss":0.0,"gold_gain":0.0,"event_name":"WeMeetAgain","player_choice":"Gave Card","floor":2.0,"gold_loss":0.0,"damage_taken":0.0,"relics_obtained":["Molten Egg 2"]},{"damage_healed":0.0,"max_hp_gain":0.0,"max_hp_loss":0.0,"gold_gain":75.0,"event_name":"World of Goop","player_choice":"Gather Gold","floor":4.0,"gold_loss":0.0,"damage_taken":11.0},{"damage_healed":0.0,"max_hp_gain":0.0,"max_hp_loss":0.0,"gold_gain":150.0,"event_name":"Liars Game","player_choice":"AGREE","floor":5.0,"gold_loss":0.0,"damage_taken":0.0,"cards_obtained":["Doubt"]},{"damage_healed":0.0,"max_hp_gain":0.0,"max_hp_loss":0.0,"gold_gain":0.0,"event_name":"Lab","player_choice":"Got Potions","floor":8.0,"gold_loss":0.0,"damage_taken":0.0},{"damage_healed":0.0,"max_hp_gain":0.0,"max_hp_loss":0.0,"gold_gain":0.0,"cards_transformed":["Strike_G"],"event_name":"Transmorgrifier","player_choice":"Transformed","floor":20.0,"gold_loss":0.0,"damage_taken":0.0,"cards_obtained":["Caltrops"]},{"damage_healed":0.0,"max_hp_gain":0.0,"max_hp_loss":0.0,"gold_gain":0.0,"event_name":"SensoryStone","player_choice":"Memory 1","floor":36.0,"gold_loss":0.0,"damage_taken":0.0},{"damage_healed":52.0,"max_hp_gain":0.0,"max_hp_loss":0.0,"gold_gain":0.0,"event_name":"Wheel of Change","player_choice":"Full Heal","floor":39.0,"gold_loss":0.0,"damage_taken":0.0},{"damage_healed":0,"gold_gain":0,"player_choice":"Ignored","damage_taken":0,"max_hp_gain":0,"max_hp_loss":0,"event_name":"Mysterious Sphere","floor":48,"gold_loss":0}],"is_beta":false,"boss_relics":[{"not_picked":["Busted Crown","White Beast Statue"],"picked":"Philosopher\u0027s Stone"},{"not_picked":["HoveringKite","Black Star"],"picked":"Sozu"}],"items_purged_floors":[7,19],"is_endless":false,"potions_floor_spawned":[6,13,18,24,30,33,41,46],"ascension_level":19}