{"gold_per_floor":[16,29,29,42,42,42,68,100,138,179,191,229,2,18,18,116,116,135,135,135,151,151,151,166,166],"floor_reached":25,"playtime":1513,"items_purged":[],"score":379,"play_id":"a244bf82-db79-4d71-abea-08f6c9a61be6","local_time":"20181215153941","is_ascension_mode":true,"campfire_choices":[{"data":"Bash","floor":6,"key":"SMITH"},{"floor":11,"key":"REST"},{"floor":15,"key":"REST"},{"floor":23,"key":"REST"}],"neow_cost":"NO_GOLD","seed_source_timestamp":151450976667175,"circlet_count":0,"master_deck":["AscendersBane","Defend_R","Defend_R","Defend_R","Defend_R","Bash+1","Evolve+1","Feed","Warcry","Blood for Blood","Armaments+1","Shrug It Off","Wild Strike","Infernal Blade","Second Wind","Demon Form","Immolate","Bite","Bite","Bite","Bite","Bite","Offering","Wild Strike","Reckless Charge"],"relics":["Burning Blood","Dream Catcher","Happy Flower","Regal Pillow","Letter Opener","Eternal Feather","Nloth\u0027s Gift"],"potions_floor_usage":[10,10,16,18,25],"damage_taken":[{"damage":10,"enemies":"Jaw Worm","floor":1,"turns":5},{"damage":11,"enemies":"Cultist","floor":2,"turns":4},{"damage":9,"enemies":"Small Slimes","floor":4,"turns":5},{"damage":24,"enemies":"Gremlin Nob","floor":7,"turns":4},{"damage":19,"enemies":"Exordium Thugs","floor":8,"turns":4},{"damage":20,"enemies":"3 Sentries","floor":10,"turns":8},{"damage":40,"enemies":"Gremlin Nob","floor":12,"turns":5},{"damage":13,"enemies":"Blue Slaver","floor":14,"turns":4},{"damage":50,"enemies":"Hexaghost","floor":16,"turns":9},{"damage":35,"enemies":"2 Thieves","floor":18,"turns":5},{"damage":34,"enemies":"Shell Parasite","floor":21,"turns":6},{"damage":35,"enemies":"Centurion and Healer","floor":24,"turns":6},{"damage":77,"enemies":"Book of Stabbing","floor":25,"turns":5}],"seed_played":"-1892685449402734301","potions_obtained":[{"floor":1,"key":"SkillPotion"},{"floor":7,"key":"SteroidPotion"},{"floor":14,"key":"FearPotion"},{"floor":16,"key":"Swift Potion"},{"floor":24,"key":"Poison Potion"}],"is_trial":false,"path_per_floor":["M","M","?","M","?","R","E","M","T","E","R","E","$","M","R","B",null,"M","?","?","M","?","R","M","E"],"character_chosen":"IRONCLAD","items_purchased":["Letter Opener"],"campfire_rested":3,"item_purchase_floors":[13],"current_hp_per_floor":[84,79,79,79,79,79,61,51,51,41,72,41,41,34,81,37,91,62,62,62,47,47,79,63,0],"gold":166,"neow_bonus":"TWENTY_PERCENT_HP_BONUS","is_prod":false,"is_daily":false,"chose_seed":false,"campfire_upgraded":1,"win_rate":0,"timestamp":1544917181,"path_taken":["M","M","?","?","?","R","E","M","T","E","R","E","$","?","R","BOSS","M","?","?","?","?","R","?","E"],"build_version":"2018-12-13","purchased_purges":0,"victory":false,"max_hp_per_floor":[96,96,96,99,99,99,99,102,102,106,106,109,109,109,109,109,109,109,76,76,79,79,79,82,82],"card_choices":[{"not_picked":["Armaments","Headbutt"],"picked":"Evolve","floor":1},{"not_picked":["Wild Strike","Anger"],"picked":"Feed","floor":2},{"not_picked":["Wild Strike","Body Slam"],"picked":"Warcry","floor":4},{"not_picked":["Intimidate","Power Through"],"picked":"Blood for Blood","floor":7},{"not_picked":["Warcry","Anger"],"picked":"Armaments","floor":8},{"not_picked":["Flex","Brutality"],"picked":"Shrug It Off","floor":10},{"not_picked":["Entrench","Headbutt"],"picked":"Wild Strike","floor":11},{"not_picked":["Body Slam","Anger"],"picked":"Infernal Blade","floor":12},{"not_picked":["Burning Pact","Cleave"],"picked":"Second Wind","floor":14},{"not_picked":["Havoc","Inflame"],"picked":"Demon Form","floor":15},{"not_picked":["Bludgeon","Juggernaut"],"picked":"Immolate","floor":16},{"not_picked":["Feel No Pain","Spot Weakness","Rupture+1"],"picked":"SKIP","floor":18},{"not_picked":["Cleave","Pommel Strike"],"picked":"Offering","floor":21},{"not_picked":["Havoc","Anger"],"picked":"Wild Strike","floor":23},{"not_picked":["Clothesline","Iron Wave+1"],"picked":"Reckless Charge","floor":24}],"player_experience":412674,"relics_obtained":[{"floor":7,"key":"MawBank"},{"floor":9,"key":"Dream Catcher"},{"floor":10,"key":"Happy Flower"},{"floor":12,"key":"Regal Pillow"}],"event_choices":[{"cards_removed":["Strike_R"],"damage_healed":0,"gold_gain":0,"player_choice":"Purged","damage_taken":0,"max_hp_gain":0,"max_hp_loss":0,"event_name":"Purifier","floor":3,"gold_loss":0},{"damage_healed":0,"gold_gain":0,"player_choice":"Upgraded","damage_taken":0,"max_hp_gain":0,"max_hp_loss":0,"event_name":"Upgrade Shrine","floor":5,"gold_loss":0,"cards_upgraded":["Evolve"]},{"damage_healed":0,"gold_gain":0,"player_choice":"Became a vampire","damage_taken":0,"max_hp_gain":0,"max_hp_loss":33,"event_name":"Vampires","floor":19,"gold_loss":0,"cards_obtained":["Bite","Bite","Bite","Bite","Bite"]},{"damage_healed":0,"gold_gain":0,"player_choice":"Traded Relic","damage_taken":0,"relics_obtained":["Nloth\u0027s Gift"],"max_hp_gain":0,"max_hp_loss":0,"event_name":"N\u0027loth","floor":20,"relics_lost":["MawBank"],"gold_loss":0},{"damage_healed":0,"gold_gain":0,"player_choice":"Forge","damage_taken":0,"max_hp_gain":0,"max_hp_loss":0,"event_name":"Accursed Blacksmith","floor":22,"gold_loss":0,"cards_upgraded":["Armaments"]}],"is_beta":false,"boss_relics":[{"not_picked":["White Beast Statue","Runic Dome"],"picked":"Eternal Feather"}],"items_purged_floors":[],"is_endless":false,"potions_floor_spawned":[1,7,14,16,24],"killed_by":"Book of Stabbing","ascension_level":12}