{"gold_per_floor":[114,114,129,143,159,159,191,191,191,208,234,249,249,307,307,307],"floor_reached":16,"playtime":1095,"items_purged":[],"score":179,"play_id":"86d6c7e6-0bbe-4d0b-bf15-1b0a219aa4d4","local_time":"20181030201644","is_ascension_mode":true,"campfire_choices":[{"data":"Searing Blow","floor":6,"key":"SMITH"},{"floor":8,"key":"REST"},{"data":"Searing Blow+1","floor":13,"key":"SMITH"},{"floor":15,"key":"REST"}],"neow_cost":"NONE","seed_source_timestamp":197131879275471,"circlet_count":0,"master_deck":["Strike_R","Strike_R","Strike_R","Strike_R","Defend_R","Defend_R","Defend_R","Defend_R","Bash","AscendersBane","Dramatic Entrance","Searing Blow+2","Burning Pact","Pommel Strike","Shrug It Off","Rage"],"relics":["Burning Blood","Bronze Scales","Blood Vial","Matryoshka","Omamori"],"potions_floor_usage":[7,7,14,14],"damage_taken":[{"damage":10,"enemies":"2 Louse","floor":1,"turns":2},{"damage":12,"enemies":"Jaw Worm","floor":3,"turns":3},{"damage":1,"enemies":"Cultist","floor":4,"turns":4},{"damage":13,"enemies":"Exordium Wildlife","floor":5,"turns":5},{"damage":20,"enemies":"Lagavulin","floor":7,"turns":3},{"damage":9,"enemies":"Looter","floor":10,"turns":3},{"damage":30,"enemies":"3 Sentries","floor":11,"turns":9},{"damage":2,"enemies":"2 Fungi Beasts","floor":12,"turns":4},{"damage":6,"enemies":"Lagavulin Event","floor":14,"turns":5},{"damage":79,"enemies":"Slime Boss","floor":16,"turns":9}],"seed_played":"1014291636257884092","potions_obtained":[{"floor":4,"key":"AttackPotion"},{"floor":5,"key":"Poison Potion"},{"floor":11,"key":"Weak Potion"},{"floor":12,"key":"Poison Potion"}],"is_trial":false,"path_per_floor":["M","?","M","M","M","R","E","R","T","M","E","M","R","?","R"],"character_chosen":"IRONCLAD","items_purchased":[],"campfire_rested":2,"item_purchase_floors":[],"current_hp_per_floor":[68,61,55,60,53,53,39,63,63,62,40,46,46,48,72,0],"gold":307,"neow_bonus":"RANDOM_COLORLESS","is_prod":false,"is_daily":false,"chose_seed":false,"campfire_upgraded":2,"win_rate":0,"timestamp":1540955804,"path_taken":["M","?","M","M","M","R","E","R","T","M","E","M","R","?","R","BOSS"],"build_version":"2018-10-25v2","purchased_purges":0,"victory":false,"max_hp_per_floor":[80,80,80,80,80,80,80,80,80,80,80,80,80,80,80,80],"card_choices":[{"not_picked":["Perfected Strike","Hemokinesis"],"picked":"Searing Blow","floor":1},{"not_picked":["Body Slam","Intimidate"],"picked":"Burning Pact","floor":3},{"not_picked":["Power Through","Whirlwind"],"picked":"Pommel Strike","floor":4},{"not_picked":["Body Slam","Ghostly Armor","Havoc"],"picked":"SKIP","floor":5},{"not_picked":["Pommel Strike","Reckless Charge"],"picked":"Shrug It Off","floor":7},{"not_picked":["Reckless Charge","Armaments"],"picked":"Rage","floor":10},{"not_picked":["Inflame","Flame Barrier","Exhume"],"picked":"SKIP","floor":11},{"not_picked":["Anger","Iron Wave","Warcry"],"picked":"SKIP","floor":12}],"player_experience":384562,"relics_obtained":[{"floor":7,"key":"Bronze Scales"},{"floor":9,"key":"Blood Vial"},{"floor":11,"key":"Matryoshka"},{"floor":14,"key":"Omamori"}],"event_choices":[{"cards_removed":["Strike_R"],"damage_healed":0,"gold_gain":0,"player_choice":"Card Removal","damage_taken":7,"max_hp_gain":0,"max_hp_loss":0,"event_name":"Golden Wing","floor":2,"gold_loss":0},{"damage_healed":0,"gold_gain":0,"player_choice":"Searched \u00272\u0027 times","damage_taken":0,"max_hp_gain":0,"max_hp_loss":0,"event_name":"Dead Adventurer","floor":14,"gold_loss":0}],"is_beta":false,"boss_relics":[],"items_purged_floors":[],"is_endless":false,"potions_floor_spawned":[4,5,11,12],"killed_by":"Slime Boss","ascension_level":12}