{"gold_per_floor":[115,115,190,365,365,365,290,318,318,333,333,81,81,28,28,28],"floor_reached":16,"playtime":1159,"items_purged":["Strike_R","Strike_R"],"score":99,"play_id":"05b4cfc9-af7e-4907-9eeb-4cb070382ec4","local_time":"20190127170914","is_ascension_mode":true,"campfire_choices":[{"floor":6,"key":"REST"},{"floor":11,"key":"REST"},{"floor":15,"key":"REST"}],"neow_cost":"NONE","seed_source_timestamp":3828687593373,"circlet_count":0,"master_deck":["Strike_R","Strike_R","Strike_R","Defend_R","Defend_R","Defend_R","Defend_R","Bash","Dark Embrace","True Grit"],"relics":["Burning Blood","Thread and Needle","Self Forming Clay","Calipers","Bag of Marbles","Golden Idol"],"potions_floor_usage":[16,16],"damage_taken":[{"damage":18,"enemies":"Jaw Worm","floor":1,"turns":6},{"damage":57,"enemies":"3 Sentries","floor":8,"turns":16},{"damage":4,"enemies":"2 Louse","floor":10,"turns":3},{"damage":81,"enemies":"Slime Boss","floor":16,"turns":11}],"seed_played":"-1308036662255359324","potions_obtained":[{"floor":8,"key":"LiquidBronze"},{"floor":10,"key":"Poison Potion"}],"is_trial":false,"path_per_floor":["?","?","?","?","$","?","$"],"character_chosen":"IRONCLAD","items_purchased":["Bag of Marbles","True Grit"],"campfire_rested":3,"item_purchase_floors":[12,14],"current_hp_per_floor":[76,69,58,58,51,77,77,26,26,28,54,54,54,54,78,0],"gold":28,"neow_bonus":"TEN_PERCENT_HP_BONUS","is_prod":false,"is_daily":false,"chose_seed":false,"campfire_upgraded":0,"win_rate":0,"timestamp":1548580154,"path_taken":["M","?","?","?","?","R","$","E","T","M","R","?","?","?","R","BOSS"],"build_version":"2019-01-23","purchased_purges":2,"victory":false,"max_hp_per_floor":[88,88,88,88,88,88,88,88,88,88,88,88,81,81,81,81],"card_choices":[{"not_picked":["Clothesline","Wild Strike","Dual Wield"],"picked":"SKIP","floor":1},{"not_picked":["Headbutt","Sentinel"],"picked":"Dark Embrace","floor":8},{"not_picked":["Shrug It Off","Carnage","Warcry"],"picked":"SKIP","floor":10}],"player_experience":46532,"relics_obtained":[{"floor":8,"key":"Self Forming Clay"},{"floor":9,"key":"Calipers"}],"event_choices":[{"damage_healed":0,"gold_gain":0,"player_choice":"Success","damage_taken":7,"relics_obtained":["Thread and Needle"],"max_hp_gain":0,"max_hp_loss":0,"event_name":"Scrap Ooze","floor":2,"gold_loss":0},{"damage_healed":0,"gold_gain":75,"player_choice":"Gather Gold","damage_taken":11,"max_hp_gain":0,"max_hp_loss":0,"event_name":"World of Goop","floor":3,"gold_loss":0},{"damage_healed":0,"gold_gain":175,"player_choice":"AGREE","damage_taken":0,"max_hp_gain":0,"max_hp_loss":0,"event_name":"Liars Game","floor":4,"gold_loss":0,"cards_obtained":["Doubt"]},{"cards_removed":["Doubt"],"damage_healed":0,"gold_gain":0,"player_choice":"Card Removal","damage_taken":7,"max_hp_gain":0,"max_hp_loss":0,"event_name":"Golden Wing","floor":5,"gold_loss":0},{"damage_healed":0,"gold_gain":0,"player_choice":"Lose Max HP","damage_taken":0,"relics_obtained":["Golden Idol"],"max_hp_gain":0,"max_hp_loss":7,"event_name":"Golden Idol","floor":13,"gold_loss":0}],"is_beta":false,"boss_relics":[],"items_purged_floors":[7,12],"is_endless":false,"potions_floor_spawned":[8,10],"killed_by":"Slime Boss","ascension_level":1}