{"gold_per_floor":[115,115,135,153,153,153,182,200,200,200,231,248,268,296,296,400,400,413,413,444,458,458,458,489,489,489,489,489,521,521,521,521,626,626,640,365,379,379,379,379,435,454,454,469,469,523,94,316,316,316],"floor_reached":51,"playtime":4552,"items_purged":["Strike_R","Strike_R"],"score":935,"play_id":"81e5bd54-141d-4dec-b0b4-ac4c355f29fa","local_time":"20180915000520","is_ascension_mode":true,"campfire_choices":[{"data":"Headbutt","floor":6,"key":"SMITH"},{"floor":10,"key":"REST"},{"floor":15,"key":"REST"},{"floor":23,"key":"REST"},{"floor":25,"key":"REST"},{"data":"Armaments","floor":28,"key":"SMITH"},{"data":"Flame Barrier","floor":30,"key":"SMITH"},{"data":"Shrug It Off","floor":32,"key":"SMITH"},{"data":"Bludgeon","floor":40,"key":"SMITH"},{"data":"Uppercut","floor":45,"key":"SMITH"},{"data":"Immolate","floor":49,"key":"SMITH"}],"neow_cost":"PERCENT_DAMAGE","seed_source_timestamp":213320250964420,"circlet_count":0,"master_deck":["Strike_R","Strike_R","Defend_R","Defend_R","Defend_R+1","Defend_R","Bash","Clothesline","Headbutt+1","Armaments+1","Battle Trance","Dropkick","Shrug It Off+1","Immolate+1","Pommel Strike","Offering+1","Decay","Thunderclap","Necronomicurse","Uppercut+1","True Grit+1","Flame Barrier+1","Bludgeon+1","Carnage+1","Writhe","Intimidate+1"],"relics":["Burning Blood","Du-Vu Doll","Question Card","Letter Opener","Kunai","Dream Catcher","Velvet Choker","Red Mask","Necronomicon","Pantograph","Meat on the Bone","MutagenicStrength","Ice Cream","Lizard Tail","War Paint","Tiny Chest","Paper Frog","Blood Vial","Ornamental Fan"],"potions_floor_usage":[11,13,13,16,29,41,50,50,50],"damage_taken":[{"damage":7,"enemies":"Small Slimes","floor":1,"turns":4},{"damage":0,"enemies":"Cultist","floor":3,"turns":4},{"damage":2,"enemies":"Jaw Worm","floor":4,"turns":3},{"damage":44,"enemies":"Lagavulin","floor":7,"turns":7},{"damage":3,"enemies":"Blue Slaver","floor":8,"turns":5},{"damage":20,"enemies":"3 Sentries","floor":11,"turns":6},{"damage":0,"enemies":"2 Fungi Beasts","floor":12,"turns":3},{"damage":15,"enemies":"Exordium Thugs","floor":13,"turns":7},{"damage":14,"enemies":"Lagavulin","floor":14,"turns":7},{"damage":11,"enemies":"The Guardian","floor":16,"turns":13},{"damage":19,"enemies":"Shell Parasite","floor":18,"turns":6},{"damage":16,"enemies":"Masked Bandits","floor":20,"turns":3},{"damage":21,"enemies":"3 Byrds","floor":21,"turns":4},{"damage":8,"enemies":"Slavers","floor":24,"turns":3},{"damage":9,"enemies":"Book of Stabbing","floor":29,"turns":4},{"damage":22,"enemies":"Champ","floor":33,"turns":10},{"damage":11,"enemies":"3 Shapes","floor":35,"turns":3},{"damage":0,"enemies":"Orb Walker","floor":37,"turns":2},{"damage":6,"enemies":"2 Orb Walkers","floor":41,"turns":3},{"damage":0,"enemies":"Maw","floor":42,"turns":6},{"damage":8,"enemies":"Sphere and 2 Shapes","floor":44,"turns":1},{"damage":44,"enemies":"Awakened One","floor":50,"turns":11}],"seed_played":"3986686140636180147","potions_obtained":[{"floor":3,"key":"Energy Potion"},{"floor":4,"key":"Explosive Potion"},{"floor":12,"key":"SpeedPotion"},{"floor":14,"key":"EssenceOfSteel"},{"floor":24,"key":"EssenceOfSteel"},{"floor":29,"key":"GamblersBrew"},{"floor":35,"key":"Dexterity Potion"}],"is_trial":false,"path_per_floor":["M","?","M","M","?","R","E","M","T","R","E","M","M","E","R","B",null,"M","?","?","M","?","R","E","R","T","?","R","E","R","?","R","B",null,"M","$","M","?","?","R","E","M","T","M","R","T","$","?","R","B"],"character_chosen":"IRONCLAD","items_purchased":["PowerPotion","War Paint","LiquidBronze","Ornamental Fan"],"campfire_rested":4,"item_purchase_floors":[36,36,47,47],"current_hp_per_floor":[55,55,61,65,70,70,32,35,35,60,46,52,43,35,60,55,85,72,72,62,47,31,56,54,79,79,79,79,76,76,76,76,69,85,80,80,85,85,85,85,85,85,85,83,83,83,83,83,83,59],"gold":316,"neow_bonus":"ONE_RARE_RELIC","is_prod":false,"is_daily":false,"chose_seed":false,"campfire_upgraded":7,"win_rate":0,"timestamp":1536987920,"path_taken":["M","?","M","M","?","R","E","M","T","R","E","?","M","E","R","BOSS","M","?","?","?","?","R","E","R","T","?","R","E","R","?","R","BOSS","M","?","M","?","?","R","E","?","T","M","R","?","$","?","R","BOSS"],"build_version":"2018-09-06","purchased_purges":2,"victory":true,"max_hp_per_floor":[80,80,80,80,85,85,85,85,85,85,85,85,85,85,85,85,85,85,85,85,85,85,85,85,85,85,85,85,85,85,85,85,85,85,85,85,85,85,85,85,85,85,85,85,85,85,85,85,85,85],"card_choices":[{"not_picked":["Body Slam","Spot Weakness"],"picked":"Clothesline","floor":1},{"not_picked":["Warcry","Wild Strike"],"picked":"Headbutt","floor":3},{"not_picked":["Havoc","Heavy Blade"],"picked":"Rampage","floor":4},{"not_picked":["Clothesline","Whirlwind"],"picked":"Armaments","floor":7},{"not_picked":["True Grit","Armaments","Body Slam"],"picked":"Battle Trance","floor":8},{"not_picked":["Reckless Charge","Infernal Blade","Havoc","Heavy Blade"],"picked":"SKIP","floor":11},{"not_picked":["Clothesline","Wild Strike","Iron Wave"],"picked":"Dropkick","floor":12},{"not_picked":["Cleave","Anger","Sword Boomerang"],"picked":"Shrug It Off","floor":13},{"not_picked":["Dropkick","Sentinel","Power Through"],"picked":"Immolate","floor":14},{"not_picked":["Clash","Armaments","Heavy Blade"],"picked":"Pommel Strike","floor":15},{"not_picked":["Immolate","Demon Form","Impervious"],"picked":"Offering","floor":16},{"not_picked":["Sword Boomerang","Shrug It Off","Thunderclap+1","Dual Wield+1"],"picked":"SKIP","floor":18},{"not_picked":["Cleave+1","True Grit","Sword Boomerang+1"],"picked":"Thunderclap","floor":20},{"not_picked":["Havoc+1","Pummel","Power Through","Body Slam"],"picked":"SKIP","floor":21},{"not_picked":["Perfected Strike","Impervious","Body Slam"],"picked":"Uppercut","floor":23},{"not_picked":["Cleave+1","Fiend Fire","Combust","Brutality"],"picked":"SKIP","floor":24},{"not_picked":["Pommel Strike+1","Shrug It Off","Cleave+1"],"picked":"True Grit+1","floor":25},{"not_picked":["Burning Pact","Sword Boomerang","Wild Strike"],"picked":"Flame Barrier","floor":29},{"not_picked":["Dark Embrace","Limit Break","Brutality"],"picked":"Bludgeon","floor":33},{"not_picked":["Shrug It Off","Power Through","Fire Breathing+1"],"picked":"Carnage+1","floor":35},{"not_picked":["Dual Wield+1","Feel No Pain","Inflame","Ghostly Armor"],"picked":"SKIP","floor":37},{"not_picked":["Sword Boomerang+1","Sever Soul+1","Whirlwind+1","Body Slam+1"],"picked":"SKIP","floor":41},{"not_picked":["Shrug It Off+1","Heavy Blade+1","Carnage","Metallicize"],"picked":"SKIP","floor":42},{"not_picked":["Twin Strike+1","Clothesline+1","Heavy Blade"],"picked":"Intimidate+1","floor":44}],"player_experience":252080,"relics_obtained":[{"floor":7,"key":"Question Card"},{"floor":9,"key":"Letter Opener"},{"floor":11,"key":"Kunai"},{"floor":14,"key":"Dream Catcher"},{"floor":20,"key":"Red Mask"},{"floor":22,"key":"Necronomicon"},{"floor":24,"key":"Pantograph"},{"floor":26,"key":"Meat on the Bone"},{"floor":29,"key":"Ice Cream"},{"floor":41,"key":"Tiny Chest"},{"floor":43,"key":"Paper Frog"},{"floor":46,"key":"Blood Vial"}],"event_choices":[{"event_name":"Purifier","player_choice":"One Purge","floor":2,"damage_taken":0},{"event_name":"Big Fish","player_choice":"Donut","floor":5,"damage_taken":0},{"event_name":"Forgotten Altar","player_choice":"Smashed Altar","floor":19,"damage_taken":0},{"event_name":"Masked Bandits","player_choice":"Fought Bandits","floor":20,"damage_taken":0},{"event_name":"Cursed Tome","player_choice":"Obtained Book","floor":22,"damage_taken":0},{"event_name":"Drug Dealer","player_choice":"Inject Mutagens","floor":27,"damage_taken":0},{"event_name":"Vampires","player_choice":"Ignored","floor":31,"damage_taken":0},{"event_name":"Winding Halls","player_choice":"Writhe","floor":38,"damage_taken":0},{"event_name":"Falling","player_choice":"Removed Attack","floor":39,"damage_taken":0},{"event_name":"Tomb of Lord Red Mask","player_choice":"Wore Mask","floor":48,"damage_taken":0}],"is_beta":false,"boss_relics":[{"not_picked":["Philosopher\u0027s Stone","Orrery"],"picked":"Velvet Choker"},{"not_picked":["Fusion Hammer","White Beast Statue"],"picked":"Lizard Tail"}],"items_purged_floors":[36,47],"is_endless":false,"potions_floor_spawned":[3,4,12,14,24,29,35,37],"ascension_level":3}