{"gold_per_floor":[109,60,235,253,253,253,284,284,310,330,341,356,356,367,367,462,462,476,496,46,66,76,76,111,111,111,131,161,175,175,202,202,202],"floor_reached":33,"playtime":1716,"items_purged":[],"score":303,"play_id":"846f9993-71ab-459b-bfd5-17c6e771d8b8","local_time":"20190223090637","is_ascension_mode":true,"campfire_choices":[{"data":"Searing Blow+1","floor":6,"key":"SMITH"},{"floor":8,"key":"DIG"},{"floor":13,"key":"DIG"},{"floor":15,"key":"DIG"},{"floor":23,"key":"REST"},{"floor":25,"key":"REST"},{"floor":30,"key":"REST"},{"floor":32,"key":"REST"}],"neow_cost":"NONE","seed_source_timestamp":71515019476488,"circlet_count":0,"master_deck":["Strike_R","Strike_R","Strike_R","Strike_R","Strike_R","Defend_R","Defend_R","Defend_R","Defend_R","Bash","Searing Blow+2","Perfected Strike","Doubt","Spot Weakness","Seeing Red","Intimidate","Twin Strike","Pommel Strike","Havoc","Barricade","Shockwave","Disarm","Flex","Headbutt","Mind Blast","Rupture","Shrug It Off","Bloodletting+1","Carnage","Cleave","Uppercut","Anger+1"],"relics":["Burning Blood","Vajra","Shovel","Orichalcum","Bag of Preparation","Blue Candle","Calipers","Lizard Tail","PreservedInsect","Bag of Marbles","Boot","Mercury Hourglass","Potion Belt","Red Mask"],"potions_floor_usage":[16,28,33],"damage_taken":[{"damage":9,"enemies":"Small Slimes","floor":1,"turns":3},{"damage":11,"enemies":"Jaw Worm","floor":4,"turns":2},{"damage":31,"enemies":"Lagavulin","floor":7,"turns":5},{"damage":0,"enemies":"Cultist","floor":10,"turns":3},{"damage":0,"enemies":"Large Slime","floor":11,"turns":5},{"damage":0,"enemies":"3 Louse","floor":12,"turns":2},{"damage":4,"enemies":"Looter","floor":14,"turns":2},{"damage":57,"enemies":"Hexaghost","floor":16,"turns":10},{"damage":7,"enemies":"Shell Parasite","floor":18,"turns":4},{"damage":22,"enemies":"2 Thieves","floor":19,"turns":4},{"damage":25,"enemies":"Snake Plant","floor":21,"turns":4},{"damage":18,"enemies":"Chosen and Byrds","floor":22,"turns":5},{"damage":26,"enemies":"Book of Stabbing","floor":24,"turns":5},{"damage":12,"enemies":"Cultist and Chosen","floor":27,"turns":5},{"damage":29,"enemies":"Gremlin Leader","floor":28,"turns":3},{"damage":2,"enemies":"3 Cultists","floor":29,"turns":4},{"damage":19,"enemies":"Masked Bandits","floor":31,"turns":4},{"damage":153,"enemies":"Champ","floor":33,"turns":13}],"seed_played":"8454698973896270244","potions_obtained":[{"floor":4,"key":"Energy Potion"},{"floor":11,"key":"FearPotion"},{"floor":14,"key":"SpeedPotion"},{"floor":16,"key":"Ancient Potion"},{"floor":21,"key":"Energy Potion"},{"floor":31,"key":"Ancient Potion"}],"is_trial":false,"path_per_floor":["M","$","?","M","?","R","E","R","T","M","M","M","R","M","R","B",null,"M","M","$","M","M","R","E","R","T","M","E","M","R","?","R","B"],"character_chosen":"IRONCLAD","items_purchased":["Perfected Strike","PreservedInsect","Bag of Marbles","Flex","Headbutt","Mind Blast"],"campfire_rested":4,"item_purchase_floors":[2,20,20,20,20,20],"current_hp_per_floor":[77,77,77,72,72,72,47,47,47,53,59,65,65,67,67,16,80,79,63,63,44,32,56,36,60,60,54,31,35,59,46,70,0],"gold":202,"neow_bonus":"RANDOM_COMMON_RELIC","is_prod":false,"is_daily":false,"chose_seed":false,"campfire_upgraded":1,"win_rate":0,"timestamp":1550883997,"path_taken":["M","$","?","M","?","R","E","R","T","?","M","M","R","M","R","BOSS","M","M","$","M","?","R","E","R","T","M","E","M","R","?","R","BOSS"],"build_version":"2019-01-23","purchased_purges":0,"victory":false,"max_hp_per_floor":[80,80,80,80,80,80,80,80,80,80,80,80,80,80,80,80,80,80,80,80,80,80,80,80,80,80,80,80,80,80,80,80,80],"card_choices":[{"not_picked":["Twin Strike","Body Slam"],"picked":"Searing Blow","floor":1},{"not_picked":["Power Through","Sword Boomerang"],"picked":"Spot Weakness","floor":4},{"not_picked":["Fire Breathing","Flame Barrier"],"picked":"Seeing Red","floor":7},{"not_picked":["Sword Boomerang","Wild Strike"],"picked":"Intimidate","floor":10},{"not_picked":["Hemokinesis","Clash"],"picked":"Twin Strike","floor":11},{"not_picked":["Rampage","Evolve"],"picked":"Pommel Strike","floor":12},{"not_picked":["Corruption","Sever Soul"],"picked":"Havoc","floor":14},{"not_picked":["Limit Break","Reaper"],"picked":"Barricade","floor":16},{"not_picked":["Hemokinesis+1","Thunderclap"],"picked":"Shockwave","floor":18},{"not_picked":["Headbutt+1","Pommel Strike"],"picked":"Disarm","floor":19},{"not_picked":["Twin Strike+1","Hemokinesis"],"picked":"Rupture","floor":21},{"not_picked":["Wild Strike","Heavy Blade+1"],"picked":"Shrug It Off","floor":22},{"not_picked":["Heavy Blade","Reckless Charge+1"],"picked":"Bloodletting+1","floor":24},{"not_picked":["Power Through+1","Twin Strike"],"picked":"Carnage","floor":27},{"not_picked":["Sword Boomerang","Clash"],"picked":"Cleave","floor":28},{"not_picked":["True Grit+1","Bloodletting"],"picked":"Uppercut","floor":29},{"not_picked":["Body Slam","Sword Boomerang"],"picked":"Anger+1","floor":31}],"player_experience":45869,"relics_obtained":[{"floor":7,"key":"Shovel"},{"floor":8,"key":"Orichalcum"},{"floor":9,"key":"Bag of Preparation"},{"floor":13,"key":"Blue Candle"},{"floor":15,"key":"Calipers"},{"floor":24,"key":"Boot"},{"floor":26,"key":"Mercury Hourglass"},{"floor":28,"key":"Potion Belt"},{"floor":31,"key":"Red Mask"}],"event_choices":[{"damage_healed":0,"gold_gain":175,"player_choice":"AGREE","damage_taken":0,"max_hp_gain":0,"max_hp_loss":0,"event_name":"Liars Game","floor":3,"gold_loss":0,"cards_obtained":["Doubt"]},{"damage_healed":0,"gold_gain":0,"player_choice":"Grow","damage_taken":0,"max_hp_gain":0,"max_hp_loss":0,"event_name":"Living Wall","floor":5,"gold_loss":0,"cards_upgraded":["Searing Blow"]},{"damage_healed":0,"gold_gain":0,"player_choice":"Fought Bandits","damage_taken":0,"max_hp_gain":0,"max_hp_loss":0,"event_name":"Masked Bandits","floor":31,"gold_loss":0}],"is_beta":false,"boss_relics":[{"not_picked":["Black Star","Busted Crown"],"picked":"Lizard Tail"}],"items_purged_floors":[],"is_endless":false,"potions_floor_spawned":[4,11,14,16,21,22,31],"killed_by":"Champ","ascension_level":1}