{"gold_per_floor":[10,10,28,28,45,45,57,57,82,116,116,126,136,167,167,241,241,261,281,355,19,19,19,48,48,48,77,77,27,47,47,47,47],"floor_reached":33,"playtime":1780,"items_purged":["Perfected Strike"],"score":513,"play_id":"5c60a791-1112-4ea3-8176-146bcba74730","local_time":"20190113162134","is_ascension_mode":true,"campfire_choices":[{"data":"Armaments","floor":6,"key":"SMITH"},{"data":"True Grit","floor":8,"key":"SMITH"},{"data":"Demon Form","floor":11,"key":"SMITH"},{"floor":15,"key":"REST"},{"floor":23,"key":"REST"},{"floor":25,"key":"REST"},{"floor":32,"key":"REST"}],"neow_cost":"NO_GOLD","seed_source_timestamp":327167307137319,"circlet_count":0,"master_deck":["AscendersBane","Strike_R","Strike_R","Defend_R","Defend_R","Defend_R","Defend_R","Bash","Impatience","Secret Technique","True Grit+1","Clothesline","Spot Weakness","Armaments+1","Power Through","Demon Form+1","Shrug It Off","Anger","Infernal Blade","Double Tap","Dropkick","Swift Strike","Warcry","Seeing Red","Anger","Body Slam"],"relics":["Burning Blood","Regal Pillow","Bag of Marbles","Smiling Mask","Lizard Tail","Letter Opener","Ornamental Fan","PreservedInsect","Ice Cream","Dream Catcher","Dodecahedron"],"potions_floor_usage":[10,14,24,30],"damage_taken":[{"damage":4,"enemies":"2 Louse","floor":1,"turns":4},{"damage":6,"enemies":"Cultist","floor":3,"turns":4},{"damage":7,"enemies":"Small Slimes","floor":5,"turns":5},{"damage":13,"enemies":"Blue Slaver","floor":7,"turns":5},{"damage":6,"enemies":"Lagavulin","floor":10,"turns":5},{"damage":8,"enemies":"2 Fungi Beasts","floor":12,"turns":6},{"damage":0,"enemies":"Large Slime","floor":13,"turns":8},{"damage":34,"enemies":"Gremlin Nob","floor":14,"turns":5},{"damage":27,"enemies":"Slime Boss","floor":16,"turns":12},{"damage":19,"enemies":"Chosen","floor":18,"turns":7},{"damage":40,"enemies":"Spheric Guardian","floor":19,"turns":6},{"damage":103,"enemies":"Book of Stabbing","floor":24,"turns":9},{"damage":26,"enemies":"Slavers","floor":27,"turns":5},{"damage":32,"enemies":"Shelled Parasite and Fungi","floor":30,"turns":4},{"damage":52,"enemies":"Collector","floor":33,"turns":7}],"seed_played":"-8644964690505460158","potions_obtained":[{"floor":5,"key":"FairyPotion"},{"floor":7,"key":"AttackPotion"},{"floor":10,"key":"Swift Potion"},{"floor":16,"key":"Explosive Potion"},{"floor":27,"key":"BloodPotion"}],"is_trial":false,"path_per_floor":["M","?","M","?","M","R","M","R","T","E","R","M","M","E","R","B",null,"M","M","T","$","?","R","E","R","T","E","T","$","M","?","R","B"],"character_chosen":"IRONCLAD","items_purchased":["Ornamental Fan","Swift Strike"],"campfire_rested":4,"item_purchase_floors":[21,21],"current_hp_per_floor":[70,70,70,70,69,69,62,62,62,62,62,60,66,38,75,54,70,57,23,23,23,23,60,10,47,47,27,27,27,8,8,45,0],"gold":47,"neow_bonus":"RANDOM_COLORLESS_2","is_prod":false,"is_daily":false,"chose_seed":false,"campfire_upgraded":3,"win_rate":0,"timestamp":1547425294,"path_taken":["M","?","M","?","M","R","?","R","T","E","R","M","M","E","R","BOSS","M","M","?","$","?","R","E","R","T","E","?","?","M","?","R","BOSS"],"build_version":"2019-01-10","purchased_purges":1,"victory":false,"max_hp_per_floor":[75,75,75,75,75,75,75,75,75,75,75,75,75,75,75,75,75,75,75,75,75,75,75,75,75,75,75,75,75,75,75,75,75],"card_choices":[{"not_picked":["Clash","Rupture"],"picked":"True Grit","floor":1},{"not_picked":["Thunderclap","Infernal Blade"],"picked":"Clothesline","floor":3},{"not_picked":["Warcry","True Grit"],"picked":"Armaments","floor":5},{"not_picked":["Warcry","Armaments"],"picked":"Power Through","floor":7},{"not_picked":["Headbutt","Clash"],"picked":"Demon Form","floor":10},{"not_picked":["Sword Boomerang","Headbutt"],"picked":"Shrug It Off","floor":12},{"not_picked":["Whirlwind","Thunderclap"],"picked":"Anger","floor":13},{"not_picked":["Armaments","Searing Blow"],"picked":"Infernal Blade","floor":14},{"not_picked":["Feed","Offering"],"picked":"Double Tap","floor":16},{"not_picked":["Rupture","Reckless Charge","Perfected Strike"],"picked":"SKIP","floor":18},{"not_picked":["Headbutt","Warcry"],"picked":"Dropkick","floor":19},{"not_picked":["Evolve","Bludgeon"],"picked":"Seeing Red","floor":24},{"not_picked":["Searing Blow","Power Through"],"picked":"Anger","floor":27},{"not_picked":["Clothesline+1","Wild Strike+1","Metallicize"],"picked":"SKIP","floor":30},{"not_picked":["Pommel Strike","Perfected Strike"],"picked":"Body Slam","floor":32}],"player_experience":474475,"relics_obtained":[{"floor":9,"key":"Regal Pillow"},{"floor":10,"key":"Bag of Marbles"},{"floor":14,"key":"Smiling Mask"},{"floor":20,"key":"Letter Opener"},{"floor":24,"key":"PreservedInsect"},{"floor":26,"key":"Ice Cream"},{"floor":27,"key":"Dream Catcher"},{"floor":28,"key":"Dodecahedron"}],"event_choices":[{"damage_healed":0,"gold_gain":0,"player_choice":"Leave","damage_taken":0,"max_hp_gain":0,"max_hp_loss":0,"event_name":"The Cleric","floor":2,"gold_loss":0},{"damage_healed":0,"gold_gain":0,"cards_transformed":["Strike_R"],"player_choice":"Transformed","damage_taken":0,"max_hp_gain":0,"max_hp_loss":0,"event_name":"Transmorgrifier","floor":4,"gold_loss":0,"cards_obtained":["Spot Weakness"]},{"damage_healed":0,"gold_gain":0,"cards_transformed":["Strike_R","Strike_R"],"player_choice":"Became Test Subject","damage_taken":0,"max_hp_gain":0,"max_hp_loss":0,"event_name":"Drug Dealer","floor":22,"gold_loss":0,"cards_obtained":["Warcry","Perfected Strike"]},{"damage_healed":0,"gold_gain":0,"player_choice":"Ignored","damage_taken":0,"max_hp_gain":0,"max_hp_loss":0,"event_name":"Cursed Tome","floor":31,"gold_loss":0}],"is_beta":false,"boss_relics":[{"not_picked":["Cursed Key","Velvet Choker"],"picked":"Lizard Tail"}],"items_purged_floors":[29],"is_endless":false,"potions_floor_spawned":[5,7,10,16,27],"killed_by":"Collector","ascension_level":15}