{"gold_per_floor":[117,82,257,270,195,227,120,148,172,203,203,219,201,201,201,201],"floor_reached":16,"playtime":5084,"items_purged":["Doubt"],"score":229,"play_id":"e2cf665b-0eb3-4787-b3a1-c0054db7cfc3","local_time":"20190128160801","is_ascension_mode":true,"campfire_choices":[{"floor":11,"key":"REST"},{"data":"Leg Sweep","floor":15,"key":"SMITH"}],"neow_cost":"NONE","seed_source_timestamp":179301975949678,"circlet_count":0,"master_deck":["AscendersBane","Defend_G","Defend_G","Defend_G","Defend_G","Defend_G","Strike_G","Strike_G","Strike_G","Strike_G","Strike_G","Survivor","Neutralize","Deflect","Predator","Setup","Caltrops","Leg Sweep+1","Deadly Poison","Calculated Gamble","Expertise","Cloak And Dagger"],"relics":["Ring of the Snake","NeowsBlessing","Centennial Puzzle","Frozen Egg 2","Potion Belt","Blood Vial","Bottled Flame"],"potions_floor_usage":[8],"damage_taken":[{"damage":0,"enemies":"Cultist","floor":1,"turns":1},{"damage":0,"enemies":"2 Louse","floor":4,"turns":1},{"damage":0,"enemies":"3 Sentries","floor":6,"turns":2},{"damage":10,"enemies":"Lagavulin","floor":8,"turns":9},{"damage":45,"enemies":"Gremlin Nob","floor":10,"turns":5},{"damage":0,"enemies":"Jaw Worm","floor":12,"turns":3},{"damage":1,"enemies":"Exordium Thugs","floor":13,"turns":4},{"damage":33,"enemies":"Hexaghost","floor":16,"turns":9}],"seed_played":"-8542815990264585289","potions_obtained":[{"floor":4,"key":"EssenceOfSteel"}],"is_trial":false,"path_per_floor":["M","?","?","M","$","E","$","E","T","E","R","M","M","T","R","B"],"character_chosen":"THE_SILENT","items_purchased":["Caltrops","Leg Sweep"],"campfire_rested":1,"item_purchase_floors":[7,7],"current_hp_per_floor":[63,70,70,70,70,70,70,60,60,15,36,38,39,39,39,8],"gold":201,"neow_bonus":"THREE_ENEMY_KILL","is_prod":false,"is_daily":false,"chose_seed":false,"campfire_upgraded":1,"win_rate":0,"timestamp":1548688081,"path_taken":["M","?","?","M","?","E","$","E","T","E","R","M","?","?","R","BOSS"],"build_version":"2019-01-23","purchased_purges":1,"victory":false,"max_hp_per_floor":[70,70,70,70,70,70,70,70,70,70,70,70,70,70,70,70],"card_choices":[{"not_picked":["Prepared","Sucker Punch"],"picked":"Deflect","floor":1},{"not_picked":["Sucker Punch","Backflip"],"picked":"Predator","floor":4},{"not_picked":["Slice","Underhanded Strike"],"picked":"Setup","floor":6},{"not_picked":["Deflect","Blade Dance"],"picked":"Deadly Poison","floor":8},{"not_picked":["Quick Slash","Tactician"],"picked":"Calculated Gamble","floor":10},{"not_picked":["Acrobatics","Quick Slash"],"picked":"Expertise","floor":12},{"not_picked":["Blade Dance","Outmaneuver"],"picked":"Cloak And Dagger","floor":13}],"player_experience":2071608,"relics_obtained":[{"floor":6,"key":"Centennial Puzzle"},{"floor":8,"key":"Frozen Egg 2"},{"floor":9,"key":"Potion Belt"},{"floor":10,"key":"Blood Vial"},{"floor":14,"key":"Bottled Flame"}],"event_choices":[{"damage_healed":17,"gold_gain":0,"player_choice":"Healed","damage_taken":0,"max_hp_gain":0,"max_hp_loss":0,"event_name":"The Cleric","floor":2,"gold_loss":35},{"damage_healed":0,"gold_gain":175,"player_choice":"AGREE","damage_taken":0,"max_hp_gain":0,"max_hp_loss":0,"event_name":"Liars Game","floor":3,"gold_loss":0,"cards_obtained":["Doubt"]}],"is_beta":false,"boss_relics":[],"items_purged_floors":[5],"is_endless":false,"potions_floor_spawned":[4],"killed_by":"Hexaghost","ascension_level":12}