{"gold_per_floor":[117,127,142,156,156,331,352,391,391,404,445,445,476,501,501,501],"floor_reached":16,"playtime":1666,"items_purged":[],"score":198,"play_id":"ee59e49d-a65f-41d7-8958-83f3988a9163","local_time":"20181219192657","is_ascension_mode":true,"campfire_choices":[{"floor":12,"key":"REST"},{"floor":15,"key":"REST"}],"neow_cost":"NONE","seed_source_timestamp":510565092155689,"circlet_count":0,"master_deck":["AscendersBane","Strike_R","Strike_R","Strike_R","Strike_R","Strike_R","Defend_R","Defend_R","Defend_R","Defend_R","Bash+1","Anger","Headbutt","Ghostly Armor","Uppercut","Doubt","Evolve","Intimidate","Flex","Disarm","Headbutt"],"relics":["Burning Blood","Golden Idol","Bottled Lightning","Centennial Puzzle","Bag of Preparation","Dodecahedron"],"potions_floor_usage":[10,16,16],"damage_taken":[{"damage":1,"enemies":"Cultist","floor":1,"turns":3},{"damage":0,"enemies":"2 Louse","floor":2,"turns":3},{"damage":10,"enemies":"Small Slimes","floor":3,"turns":3},{"damage":2,"enemies":"2 Fungi Beasts","floor":4,"turns":3},{"damage":7,"enemies":"Blue Slaver","floor":7,"turns":4},{"damage":40,"enemies":"3 Sentries","floor":8,"turns":10},{"damage":0,"enemies":"3 Louse","floor":10,"turns":2},{"damage":15,"enemies":"Lagavulin","floor":11,"turns":7},{"damage":27,"enemies":"3 Sentries","floor":13,"turns":9},{"damage":9,"enemies":"2 Fungi Beasts","floor":14,"turns":4},{"damage":62,"enemies":"The Guardian","floor":16,"turns":13}],"seed_played":"1009757117604589940","potions_obtained":[{"floor":1,"key":"Explosive Potion"},{"floor":4,"key":"Dexterity Potion"},{"floor":8,"key":"Block Potion"},{"floor":11,"key":"Energy Potion"}],"is_trial":false,"path_per_floor":["M","M","M","M","?","?","M","E","T","M","E","R","E","M","R","B"],"character_chosen":"IRONCLAD","items_purchased":[],"campfire_rested":2,"item_purchase_floors":[],"current_hp_per_floor":[77,80,76,80,60,60,59,25,25,31,22,46,25,22,46,0],"gold":501,"neow_bonus":"UPGRADE_CARD","is_prod":false,"is_daily":false,"chose_seed":false,"campfire_upgraded":0,"win_rate":0,"timestamp":1545276417,"path_taken":["M","M","?","M","?","?","M","E","T","M","E","R","E","M","R","BOSS"],"build_version":"2018-12-13","purchased_purges":0,"victory":false,"max_hp_per_floor":[80,80,80,80,80,80,80,80,80,80,80,80,80,80,80,80],"card_choices":[{"not_picked":["Infernal Blade","Perfected Strike"],"picked":"Anger","floor":1},{"not_picked":["True Grit","Body Slam"],"picked":"Headbutt","floor":2},{"not_picked":["Clash","Warcry"],"picked":"Ghostly Armor","floor":3},{"not_picked":["Disarm","Clash"],"picked":"Uppercut","floor":4},{"not_picked":["Carnage","Headbutt","Hemokinesis"],"picked":"SKIP","floor":7},{"not_picked":["Perfected Strike","Anger"],"picked":"Evolve","floor":8},{"not_picked":["Uppercut","Armaments"],"picked":"Intimidate","floor":10},{"not_picked":["Iron Wave","Wild Strike"],"picked":"Flex","floor":11},{"not_picked":["Carnage","Combust"],"picked":"Disarm","floor":13},{"not_picked":["Inflame","Havoc"],"picked":"Headbutt","floor":14}],"player_experience":420290,"relics_obtained":[{"floor":8,"key":"Bottled Lightning"},{"floor":9,"key":"Centennial Puzzle"},{"floor":11,"key":"Bag of Preparation"},{"floor":13,"key":"Dodecahedron"}],"event_choices":[{"damage_healed":0,"gold_gain":0,"player_choice":"Take Damage","damage_taken":20,"relics_obtained":["Golden Idol"],"max_hp_gain":0,"max_hp_loss":0,"event_name":"Golden Idol","floor":5,"gold_loss":0},{"damage_healed":0,"gold_gain":175,"player_choice":"AGREE","damage_taken":0,"max_hp_gain":0,"max_hp_loss":0,"event_name":"Liars Game","floor":6,"gold_loss":0,"cards_obtained":["Doubt"]}],"is_beta":false,"boss_relics":[],"items_purged_floors":[],"is_endless":false,"potions_floor_spawned":[1,4,8,11],"killed_by":"The Guardian","ascension_level":12}