{"gold_per_floor":[117,117,192,8,8,8,41,53,65,103,7,42,55,87,87,87],"floor_reached":16,"playtime":302,"items_purged":["Defend_G"],"score":331,"play_id":"4e4c24fa-9d89-4a7d-9f1e-389c60bc501b","local_time":"20190127024356","is_ascension_mode":true,"campfire_choices":[{"data":"Neutralize","floor":6.0,"key":"SMITH"},{"data":"Poisoned Stab","floor":8.0,"key":"SMITH"},{"floor":15,"key":"REST"}],"neow_cost":"NONE","seed_source_timestamp":399128121190162,"circlet_count":0,"master_deck":["AscendersBane","Defend_G","Defend_G","Defend_G","Defend_G","Strike_G","Strike_G","Strike_G","Strike_G","Survivor","Neutralize+1","Slice","PiercingWail","Poisoned Stab+1","Adrenaline","Dagger Spray","Poisoned Stab","Corpse Explosion","Leg Sweep"],"special_seed":0,"relics":["Ring of the Snake","NeowsBlessing","MawBank","Dodecahedron","Oddly Smooth Stone","Frozen Egg 2","Question Card"],"potions_floor_usage":[16,16],"damage_taken":[{"damage":0.0,"enemies":"Jaw Worm","floor":1.0,"turns":1.0},{"damage":0.0,"enemies":"Lagavulin","floor":7.0,"turns":1.0},{"damage":0.0,"enemies":"3 Sentries","floor":10.0,"turns":1.0},{"damage":15,"enemies":"Lagavulin","floor":12,"turns":6},{"damage":0,"enemies":"2 Louse","floor":13,"turns":2},{"damage":20,"enemies":"3 Sentries","floor":14,"turns":3},{"damage":34,"enemies":"Slime Boss","floor":16,"turns":7}],"seed_played":"5477810351521205914","potions_obtained":[{"floor":1.0,"key":"SpeedPotion"},{"floor":12,"key":"GamblersBrew"}],"is_trial":false,"path_per_floor":["M","?","?","$","?","R","E","R","T","E","$","E","M","E","R","B"],"character_chosen":"THE_SILENT","items_purchased":["Slice","PiercingWail","Dagger Spray","Poisoned Stab"],"campfire_rested":1,"item_purchase_floors":[4,4,11,11],"current_hp_per_floor":[59,52,41,41,41,41,41,41,41,41,41,26,26,6,25,0],"gold":87,"neow_bonus":"THREE_ENEMY_KILL","is_prod":false,"is_daily":false,"chose_seed":false,"campfire_upgraded":2,"win_rate":0,"timestamp":1548553436,"path_taken":["M","?","?","$","?","R","E","R","T","E","$","E","M","E","R","BOSS"],"build_version":"2019-01-23","purchased_purges":1,"victory":false,"max_hp_per_floor":[66,66,66,66,66,66,66,66,66,66,66,66,66,66,66,66],"card_choices":[{"not_picked":["Underhanded Strike","Outmaneuver","Eviscerate"],"picked":"SKIP","floor":1.0},{"not_picked":["Acrobatics","Cloak And Dagger"],"picked":"Poisoned Stab","floor":7.0},{"not_picked":["Deflect","Poisoned Stab"],"picked":"Adrenaline","floor":10.0},{"not_picked":["Dodge and Roll","Catalyst"],"picked":"Corpse Explosion","floor":12},{"not_picked":["Dagger Throw","Prepared","Choke"],"picked":"SKIP","floor":13},{"not_picked":["Dagger Spray","Backflip"],"picked":"Leg Sweep","floor":14}],"player_experience":921492,"relics_obtained":[{"floor":7.0,"key":"MawBank"},{"floor":9.0,"key":"Dodecahedron"},{"floor":10.0,"key":"Oddly Smooth Stone"},{"floor":12,"key":"Frozen Egg 2"},{"floor":14,"key":"Question Card"}],"event_choices":[{"cards_removed":["Strike_G"],"damage_healed":0.0,"max_hp_gain":0.0,"max_hp_loss":0.0,"gold_gain":0.0,"event_name":"Golden Wing","player_choice":"Card Removal","floor":2.0,"gold_loss":0.0,"damage_taken":7.0},{"damage_healed":0.0,"max_hp_gain":0.0,"max_hp_loss":0.0,"gold_gain":75.0,"event_name":"World of Goop","player_choice":"Gather Gold","floor":3.0,"gold_loss":0.0,"damage_taken":11.0},{"damage_healed":0.0,"max_hp_gain":0.0,"max_hp_loss":0.0,"gold_gain":0.0,"event_name":"Liars Game","player_choice":"Ignored","floor":5.0,"gold_loss":0.0,"damage_taken":0.0}],"is_beta":false,"boss_relics":[],"items_purged_floors":[4],"is_endless":false,"potions_floor_spawned":[1,12],"killed_by":"Slime Boss","ascension_level":18}