{"gold_per_floor":[116,116,128,128,146,178,178,211,211,211,211],"floor_reached":11,"playtime":535,"items_purged":[],"score":130,"play_id":"683c8d05-fd39-4bfa-b8a7-8d41305de6b5","local_time":"20181109214147","is_ascension_mode":true,"campfire_choices":[{"data":"Double Tap","floor":7,"key":"SMITH"}],"neow_cost":"NONE","seed_source_timestamp":33346429300350,"circlet_count":0,"master_deck":["AscendersBane","Strike_R+1","Strike_R","Strike_R","Strike_R+1","Strike_R","Defend_R","Defend_R","Defend_R","Defend_R","Bash","Bloodletting","Cleave","Dropkick","Perfected Strike","Hemokinesis","Double Tap+1","Pommel Strike"],"relics":["Burning Blood","Paper Frog","Bronze Scales","Whetstone","Molten Egg 2"],"potions_floor_usage":[6,6],"damage_taken":[{"damage":4,"enemies":"Jaw Worm","floor":1,"turns":5},{"damage":2,"enemies":"2 Louse","floor":3,"turns":4},{"damage":4,"enemies":"Cultist","floor":5,"turns":3},{"damage":36,"enemies":"Lagavulin","floor":6,"turns":4},{"damage":34,"enemies":"Gremlin Nob","floor":8,"turns":3},{"damage":12,"enemies":"Large Slime","floor":11,"turns":4}],"seed_played":"6217872771054004796","potions_obtained":[{"floor":1,"key":"SpeedPotion"},{"floor":5,"key":"Fire Potion"}],"is_trial":false,"path_per_floor":["M","?","M","?","M","E","R","E","T","?","M"],"character_chosen":"IRONCLAD","items_purchased":[],"campfire_rested":0,"item_purchase_floors":[],"current_hp_per_floor":[82,64,68,68,70,40,40,12,12,12,0],"gold":211,"neow_bonus":"TEN_PERCENT_HP_BONUS","is_prod":false,"is_daily":false,"chose_seed":false,"campfire_upgraded":1,"win_rate":0,"timestamp":1541828507,"path_taken":["M","?","M","?","?","E","R","E","T","?","M"],"build_version":"2018-11-08","purchased_purges":0,"victory":false,"max_hp_per_floor":[88,88,88,88,88,88,88,88,88,88,88],"card_choices":[{"not_picked":["Metallicize","Dual Wield"],"picked":"Bloodletting","floor":1},{"not_picked":["Dual Wield","Clothesline"],"picked":"Cleave","floor":3},{"not_picked":["Flex","Dual Wield"],"picked":"Hemokinesis","floor":5},{"not_picked":["Disarm","Cleave"],"picked":"Double Tap","floor":6},{"not_picked":["Clothesline","Iron Wave"],"picked":"Pommel Strike","floor":8}],"player_experience":389349,"relics_obtained":[{"floor":6,"key":"Bronze Scales"},{"floor":8,"key":"Whetstone"},{"floor":9,"key":"Molten Egg 2"}],"event_choices":[{"damage_healed":0,"gold_gain":0,"player_choice":"Success","damage_taken":18,"relics_obtained":["Paper Frog"],"max_hp_gain":0,"max_hp_loss":0,"event_name":"Scrap Ooze","floor":2,"gold_loss":0},{"damage_healed":0,"gold_gain":0,"player_choice":"2 cards matched","damage_taken":0,"max_hp_gain":0,"max_hp_loss":0,"event_name":"Match and Keep!","floor":4,"gold_loss":0,"cards_obtained":["Dropkick","Perfected Strike"]},{"damage_healed":0,"gold_gain":0,"player_choice":"Ignored","damage_taken":0,"max_hp_gain":0,"max_hp_loss":0,"event_name":"Shining Light","floor":10,"gold_loss":0}],"is_beta":false,"boss_relics":[],"items_purged_floors":[],"is_endless":false,"potions_floor_spawned":[1,5],"killed_by":"Large Slime","ascension_level":12}