{"gold_per_floor":[110,110,110,131,147,147,170,170,170,186,166,187,218,238,238,334,334],"floor_reached":17,"playtime":776,"items_purged":[],"score":286,"play_id":"6aa04252-2622-4f2b-81b8-58ef61135d23","local_time":"20181110145951","is_ascension_mode":true,"campfire_choices":[{"data":"Hologram","floor":6,"key":"SMITH"},{"data":"Zap","floor":8,"key":"SMITH"},{"data":"Streamline","floor":15,"key":"SMITH"}],"neow_cost":"PERCENT_DAMAGE","seed_source_timestamp":6001946091566,"circlet_count":0,"master_deck":["AscendersBane","Strike_B","Strike_B","Strike_B","Defend_B","Defend_B","Defend_B","Zap+1","Dualcast","Steam","Hologram+1","Go for the Eyes","Beam Cell","Streamline+1","FTL","Auto Shields","Biased Cognition"],"relics":["Cracked Core","Golden Idol","Pantograph","Mummified Hand"],"potions_floor_usage":[10,13,13,16],"damage_taken":[{"damage":0,"enemies":"Small Slimes","floor":1,"turns":3},{"damage":0,"enemies":"2 Louse","floor":4,"turns":2},{"damage":5,"enemies":"Jaw Worm","floor":5,"turns":5},{"damage":9,"enemies":"3 Louse","floor":7,"turns":3},{"damage":0,"enemies":"Lots of Slimes","floor":10,"turns":4},{"damage":2,"enemies":"Exordium Wildlife","floor":12,"turns":4},{"damage":30,"enemies":"Lagavulin","floor":13,"turns":4},{"damage":11,"enemies":"Exordium Thugs","floor":14,"turns":4},{"damage":8,"enemies":"Slime Boss","floor":16,"turns":9}],"seed_played":"-4755161621020479153","potions_obtained":[{"floor":4,"key":"GamblersBrew"},{"floor":7,"key":"Block Potion"},{"floor":11,"key":"FearPotion"},{"floor":13,"key":"Poison Potion"},{"floor":14,"key":"SkillPotion"}],"is_trial":false,"path_per_floor":["M","?","?","M","M","R","M","R","T","M","?","M","E","M","R","B",null],"character_chosen":"DEFECT","items_purchased":[],"campfire_rested":0,"item_purchase_floors":[],"current_hp_per_floor":[46,69,64,64,59,59,50,50,50,50,50,48,18,7,7,24,24],"gold":334,"neow_bonus":"REMOVE_TWO","is_prod":false,"is_daily":false,"chose_seed":false,"campfire_upgraded":3,"win_rate":0,"timestamp":1541858391,"path_taken":["M","?","?","M","?","R","M","R","T","M","?","?","E","M","R","BOSS"],"build_version":"2018-11-08","purchased_purges":0,"victory":false,"max_hp_per_floor":[71,71,64,64,64,64,64,64,64,64,64,64,64,64,64,64,64],"card_choices":[{"not_picked":["Barrage","Sweeping Beam"],"picked":"Steam","floor":1},{"not_picked":["Sweeping Beam","Melter"],"picked":"Hologram","floor":4},{"not_picked":["Stack","Tempest"],"picked":"Go for the Eyes","floor":5},{"not_picked":["Coolheaded","Turbo"],"picked":"Beam Cell","floor":7},{"not_picked":["Rebound","Melter"],"picked":"Streamline","floor":10},{"not_picked":["Hologram","Cold Snap","Hello World"],"picked":"SKIP","floor":12},{"not_picked":["Turbo","Blizzard"],"picked":"FTL","floor":13},{"not_picked":["Fusion","Barrage"],"picked":"Auto Shields","floor":14},{"not_picked":["Buffer","Machine Learning"],"picked":"Biased Cognition","floor":16}],"player_experience":647585,"relics_obtained":[{"floor":9,"key":"Pantograph"},{"floor":13,"key":"Mummified Hand"}],"event_choices":[{"damage_healed":23,"gold_gain":0,"player_choice":"Banana","damage_taken":0,"max_hp_gain":0,"max_hp_loss":0,"event_name":"Big Fish","floor":2,"gold_loss":0},{"damage_healed":0,"gold_gain":0,"player_choice":"Lose Max HP","damage_taken":0,"relics_obtained":["Golden Idol"],"max_hp_gain":0,"max_hp_loss":7,"event_name":"Golden Idol","floor":3,"gold_loss":0},{"damage_healed":0,"gold_gain":0,"player_choice":"Bought 1 Potion","damage_taken":0,"max_hp_gain":0,"max_hp_loss":0,"event_name":"The Woman in Blue","floor":11,"gold_loss":0}],"is_beta":false,"boss_relics":[],"items_purged_floors":[],"is_endless":false,"potions_floor_spawned":[4,7,13,14],"ascension_level":16}