{"gold_per_floor":[209,22,41,6,17,43,55,55,55,81,100,126,201,214,214,288,288,298,298,0,0,14,41,41,68,93,93,110,135,135,135,135,211,211,222,222,222,222,222,222,257,274,274,274,292,292,318,334,334,334],"floor_reached":50,"playtime":3287,"items_purged":[],"score":1087,"play_id":"64dd9a77-784e-40bf-9950-431e097109a7","local_time":"20190131200739","is_ascension_mode":true,"campfire_choices":[{"data":"Corruption","floor":8,"key":"SMITH"},{"floor":15,"key":"REST"},{"floor":24,"key":"REST"},{"floor":27,"key":"REST"},{"floor":32,"key":"REST"},{"floor":40,"key":"REST"},{"floor":44,"key":"REST"},{"floor":46,"key":"REST"},{"floor":49,"key":"REST"}],"neow_cost":"NONE","seed_source_timestamp":270781077510507,"circlet_count":0,"master_deck":["AscendersBane","Strike_R","Strike_R","Strike_R","Defend_R","Defend_R","Defend_R","Defend_R","Bash","Sword Boomerang","Corruption+1","Shrug It Off","Carnage","Clash+1","Rampage+1","Feed+1","Evolve","Demon Form","Thunderclap+1","Body Slam+1","Shrug It Off","Blood for Blood+1","Armaments","Flame Barrier","Armaments","Reaper+1","Clothesline+1","Madness","Madness","Feel No Pain","Dropkick+1","Limit Break","Armaments+1"],"special_seed":0,"relics":["Burning Blood","Molten Egg 2","FossilizedHelix","StoneCalendar","Singing Bowl","Sozu","Lee\u0027s Waffle","Happy Flower","Ornamental Fan","Juzu Bracelet","Strawberry","WarpedTongs","Black Star","Mummified Hand","Sundial","Frozen Egg 2","Mango","Bottled Tornado"],"potions_floor_usage":[10,12,14,16],"damage_taken":[{"damage":10.0,"enemies":"Small Slimes","floor":1.0,"turns":4.0},{"damage":11.0,"enemies":"Jaw Worm","floor":3.0,"turns":4.0},{"damage":6.0,"enemies":"Cultist","floor":5.0,"turns":4.0},{"damage":32,"enemies":"Gremlin Nob","floor":6,"turns":4},{"damage":20,"enemies":"Exordium Thugs","floor":7,"turns":6},{"damage":35,"enemies":"3 Sentries","floor":10,"turns":9},{"damage":11,"enemies":"Gremlin Gang","floor":11,"turns":4},{"damage":7,"enemies":"Gremlin Nob","floor":12,"turns":4},{"damage":0,"enemies":"Exordium Wildlife","floor":14,"turns":3},{"damage":47,"enemies":"Hexaghost","floor":16,"turns":8},{"damage":50,"enemies":"3 Byrds","floor":18,"turns":7},{"damage":27,"enemies":"2 Thieves","floor":22,"turns":4},{"damage":57,"enemies":"Gremlin Leader","floor":23,"turns":7},{"damage":41,"enemies":"Slavers","floor":25,"turns":6},{"damage":6,"enemies":"3 Cultists","floor":28,"turns":4},{"damage":39,"enemies":"Book of Stabbing","floor":29,"turns":5},{"damage":89,"enemies":"Collector","floor":33,"turns":8},{"damage":0,"enemies":"Orb Walker","floor":35,"turns":3},{"damage":89,"enemies":"Reptomancer","floor":41,"turns":9},{"damage":14,"enemies":"3 Shapes","floor":42,"turns":5},{"damage":9,"enemies":"Writhing Mass","floor":45,"turns":6},{"damage":71,"enemies":"Giant Head","floor":47,"turns":10},{"damage":56,"enemies":"3 Darklings","floor":48,"turns":7},{"damage":102,"enemies":"Time Eater","floor":50,"turns":10}],"seed_played":"-8868482339908489286","potions_obtained":[{"floor":5.0,"key":"Strength Potion"},{"floor":7,"key":"Regen Potion"},{"floor":11,"key":"LiquidBronze"},{"floor":12,"key":"SteroidPotion"}],"is_trial":false,"path_per_floor":["M","$","M","?","M","E","M","R","T","E","M","E","?","M","R","B",null,"M","?","$","$","M","E","R","E","T","R","M","E","?","?","R","B",null,"M","?","?","?","?","R","E","M","T","R","M","R","E","M","R","B"],"character_chosen":"IRONCLAD","items_purchased":["Fruit Juice","Corruption","Lee\u0027s Waffle","Body Slam+1","Shrug It Off"],"campfire_rested":8,"item_purchase_floors":[2,2,20,20,20],"current_hp_per_floor":[64,69,64,80,80,54,40,40,40,26,25,30,19,31,59,18,77,37,37,107,107,90,39,72,43,43,78,84,58,58,58,97,14,101,107,107,107,84,84,123,55,58,58,97,94,132,85,50,95,0],"gold":334,"neow_bonus":"HUNDRED_GOLD","is_prod":false,"is_daily":false,"chose_seed":false,"campfire_upgraded":1,"win_rate":0,"timestamp":1548994059,"path_taken":["M","$","M","?","M","E","M","R","T","E","M","E","?","M","R","BOSS","M","?","?","$","M","E","R","E","T","R","M","E","?","?","R","BOSS","M","?","?","?","?","R","E","M","T","R","M","R","E","M","R","BOSS"],"build_version":"2019-01-23","purchased_purges":0,"victory":false,"max_hp_per_floor":[75,80,80,80,80,80,80,80,80,80,84,90,90,96,96,96,96,100,100,107,107,111,111,111,117,117,117,123,130,130,130,130,130,130,130,130,130,130,130,130,130,132,132,132,132,132,150,150,150,150],"card_choices":[{"not_picked":["Seeing Red","Thunderclap"],"picked":"Sword Boomerang","floor":1.0},{"not_picked":["Headbutt","Havoc"],"picked":"Shrug It Off","floor":3.0},{"not_picked":["Exhume","Evolve"],"picked":"Carnage","floor":5.0},{"not_picked":["Wild Strike","Flex"],"picked":"Clash","floor":6},{"not_picked":["Bloodletting","Flex"],"picked":"Rampage+1","floor":7},{"not_picked":["Combust","Dark Embrace"],"picked":"Feed+1","floor":10},{"not_picked":["Anger+1","Perfected Strike+1"],"picked":"Evolve","floor":11},{"not_picked":["Blood for Blood+1","Cleave+1","Headbutt+1"],"picked":"Singing Bowl","floor":12},{"not_picked":["Flex","Heavy Blade+1","Dropkick+1"],"picked":"Singing Bowl","floor":14},{"not_picked":["Double Tap","Exhume"],"picked":"Demon Form","floor":16},{"not_picked":["Headbutt+1","Sword Boomerang+1"],"picked":"Thunderclap+1","floor":18},{"not_picked":["Bloodletting","Whirlwind+1"],"picked":"Blood for Blood+1","floor":22},{"not_picked":["Cleave+1","Blood for Blood+1"],"picked":"Armaments","floor":23},{"not_picked":["Headbutt+1","Second Wind","Shrug It Off"],"picked":"Singing Bowl","floor":25},{"not_picked":["Twin Strike+1","Heavy Blade+1","Pummel+1"],"picked":"Singing Bowl","floor":28},{"not_picked":["Feed+1","Sword Boomerang+1"],"picked":"Flame Barrier","floor":29},{"not_picked":["Fiend Fire+1","Bludgeon+1"],"picked":"Reaper+1","floor":33},{"not_picked":["True Grit","Warcry"],"picked":"Clothesline+1","floor":35},{"not_picked":["Carnage+1","Iron Wave+1"],"picked":"Feel No Pain","floor":41},{"not_picked":["Pommel Strike+1","Heavy Blade+1","Sword Boomerang+1"],"picked":"Singing Bowl","floor":42},{"not_picked":["Shrug It Off","Flex"],"picked":"Dropkick+1","floor":45},{"not_picked":["Twin Strike+1","Clothesline+1"],"picked":"Limit Break","floor":47},{"not_picked":["Warcry","Second Wind"],"picked":"Armaments+1","floor":48}],"player_experience":510655,"relics_obtained":[{"floor":6,"key":"Molten Egg 2"},{"floor":9,"key":"FossilizedHelix"},{"floor":10,"key":"StoneCalendar"},{"floor":12,"key":"Singing Bowl"},{"floor":23,"key":"Happy Flower"},{"floor":25,"key":"Ornamental Fan"},{"floor":26,"key":"Juzu Bracelet"},{"floor":29,"key":"Strawberry"},{"floor":41,"key":"Mummified Hand"},{"floor":41,"key":"Sundial"},{"floor":43,"key":"Frozen Egg 2"},{"floor":47,"key":"Mango"},{"floor":47,"key":"Bottled Tornado"}],"event_choices":[{"damage_healed":20.0,"max_hp_gain":0.0,"max_hp_loss":0.0,"gold_gain":0.0,"event_name":"The Cleric","player_choice":"Healed","floor":4.0,"gold_loss":35.0,"damage_taken":0.0},{"damage_healed":0,"gold_gain":75,"player_choice":"Gather Gold","damage_taken":11,"max_hp_gain":0,"max_hp_loss":0,"event_name":"World of Goop","floor":13,"gold_loss":0},{"damage_healed":0,"gold_gain":0,"player_choice":"Ignored","damage_taken":0,"max_hp_gain":0,"max_hp_loss":0,"event_name":"N\u0027loth","floor":19,"gold_loss":0},{"damage_healed":0,"gold_gain":0,"player_choice":"Rummage","damage_taken":0,"relics_obtained":["WarpedTongs"],"max_hp_gain":0,"max_hp_loss":0,"event_name":"Accursed Blacksmith","floor":30,"gold_loss":0,"cards_obtained":["Pain"]},{"damage_healed":0,"gold_gain":0,"cards_transformed":["Strike_R","Strike_R"],"player_choice":"Became Test Subject","damage_taken":0,"max_hp_gain":0,"max_hp_loss":0,"event_name":"Drug Dealer","floor":31,"gold_loss":0,"cards_obtained":["Armaments","Twin Strike"]},{"cards_removed":["Pain"],"damage_healed":0,"gold_gain":0,"player_choice":"Purged","damage_taken":0,"max_hp_gain":0,"max_hp_loss":0,"event_name":"Purifier","floor":36,"gold_loss":0},{"cards_removed":["Twin Strike"],"damage_healed":0,"gold_gain":0,"player_choice":"Removed Attack","damage_taken":0,"max_hp_gain":0,"max_hp_loss":0,"event_name":"Falling","floor":37,"gold_loss":0},{"damage_healed":0,"gold_gain":0,"player_choice":"Embrace Madness","damage_taken":23,"max_hp_gain":0,"max_hp_loss":0,"event_name":"Winding Halls","floor":38,"gold_loss":0,"cards_obtained":["Madness","Madness"]},{"damage_healed":0,"gold_gain":0,"player_choice":"Ignored","damage_taken":0,"max_hp_gain":0,"max_hp_loss":0,"event_name":"Tomb of Lord Red Mask","floor":39,"gold_loss":0}],"is_beta":false,"boss_relics":[{"not_picked":["Orrery","Velvet Choker"],"picked":"Sozu"},{"not_picked":["Tiny House","Runic Dome"],"picked":"Black Star"}],"items_purged_floors":[],"is_endless":false,"potions_floor_spawned":[5,7,11,12,22,23,29,33,35,45,47],"killed_by":"Time Eater","ascension_level":16}