{"gold_per_floor":[113,113,128,128,27,61,61,11,82,105,119,119,177,189,189,288,288,300,310,310,176,176,176,211,211,264,264,279,279,342,356,356,458,458,469,469,487,164,164,164],"floor_reached":41,"playtime":1682,"items_purged":["Defend_B","Writhe","Strike_B"],"score":826,"play_id":"35c30fe0-ca21-49db-9492-abde11eb78d8","local_time":"20180917200458","is_ascension_mode":true,"campfire_choices":[{"data":"Chaos","floor":12,"key":"SMITH"},{"data":"Loop","floor":15,"key":"SMITH"},{"floor":23,"key":"REST"},{"floor":25,"key":"REST"},{"floor":27,"key":"REST"},{"data":"Blizzard","floor":29,"key":"SMITH"},{"floor":32,"key":"REST"}],"neow_cost":"TEN_PERCENT_HP_LOSS","seed_source_timestamp":186312753373644,"circlet_count":0,"master_deck":["Strike_B+1","Strike_B","Defend_B+1","Zap","Dualcast","Glacier","Defragment+1","Conserve Battery","Coolheaded","Doom and Gloom","Loop+1","Chaos+1","Echo Form","Amplify","Blizzard+1","Defragment+1","Self Repair","Skim","Glacier"],"relics":["Cracked Core","Gremlin Horn","Question Card","Odd Mushroom","Symbiotic Virus","Inserter","Strawberry","Matryoshka","Darkstone Periapt","Vajra","Tiny Chest","Cursed Key","DollysMirror"],"potions_floor_usage":[13,13,19,30,30,37,40,40],"damage_taken":[{"damage":1,"enemies":"2 Louse","floor":1,"turns":2},{"damage":1,"enemies":"Cultist","floor":3,"turns":3},{"damage":3,"enemies":"3 Sentries","floor":6,"turns":9},{"damage":6,"enemies":"The Mushroom Lair","floor":10,"turns":3},{"damage":8,"enemies":"Small Slimes","floor":11,"turns":2},{"damage":6,"enemies":"3 Sentries","floor":13,"turns":6},{"damage":0,"enemies":"Looter","floor":14,"turns":3},{"damage":15,"enemies":"Slime Boss","floor":16,"turns":7},{"damage":0,"enemies":"Chosen","floor":18,"turns":5},{"damage":22,"enemies":"3 Byrds","floor":19,"turns":4},{"damage":32,"enemies":"Gremlin Leader","floor":24,"turns":8},{"damage":21,"enemies":"Shelled Parasite and Fungi","floor":28,"turns":5},{"damage":35,"enemies":"Book of Stabbing","floor":30,"turns":8},{"damage":3,"enemies":"Centurion and Healer","floor":31,"turns":8},{"damage":35,"enemies":"Collector","floor":33,"turns":10},{"damage":10,"enemies":"3 Darklings","floor":35,"turns":5},{"damage":11,"enemies":"3 Shapes","floor":37,"turns":2},{"damage":35,"enemies":"Time Eater","floor":40,"turns":12}],"seed_played":"3198004085272813196","potions_obtained":[{"floor":6,"key":"Dexterity Potion"},{"floor":10,"key":"Regen Potion"},{"floor":13,"key":"Energy Potion"},{"floor":16,"key":"Dexterity Potion"},{"floor":19,"key":"Ancient Potion"},{"floor":28,"key":"Regen Potion"},{"floor":30,"key":"FearPotion"},{"floor":33,"key":"Explosive Potion"},{"floor":37,"key":"FocusPotion"}],"is_trial":false,"path_per_floor":["M","?","M","?","$","E","$","?","T","?","M","R","?","M","R","B",null,"M","M","?","$","?","R","E","R","T","R","M","R","E","M","R","B",null,"M","?","M","$","?","B"],"character_chosen":"DEFECT","items_purchased":["Coolheaded","Blizzard","DollysMirror"],"campfire_rested":4,"item_purchase_floors":[5,21,38],"current_hp_per_floor":[67,67,66,52,52,49,49,49,49,43,35,35,44,44,44,29,58,58,36,43,43,29,53,21,45,45,69,48,48,28,25,49,28,67,57,57,53,53,53,18],"gold":164,"neow_bonus":"TRANSFORM_TWO_CARDS","is_prod":false,"is_daily":false,"chose_seed":false,"campfire_upgraded":3,"win_rate":0,"timestamp":1537207498,"path_taken":["M","?","M","?","$","E","$","?","T","?","M","R","?","M","R","BOSS","M","M","?","$","?","R","E","R","T","R","?","R","E","M","R","BOSS","M","?","M","$","?","BOSS"],"build_version":"2018-09-06","purchased_purges":3,"victory":true,"max_hp_per_floor":[68,68,68,68,68,68,68,68,68,68,68,68,68,68,68,68,68,68,68,75,75,80,80,80,80,80,80,80,80,80,80,80,80,80,80,80,80,80,80,80],"card_choices":[{"not_picked":["Turbo","Doom and Gloom"],"picked":"Conserve Battery","floor":1},{"not_picked":["Hello World","Gash","Turbo"],"picked":"SKIP","floor":3},{"not_picked":["Conserve Battery","Recycle"],"picked":"Doom and Gloom","floor":6},{"not_picked":["Consume","Steam Power","Force Field"],"picked":"Loop","floor":10},{"not_picked":["Go for the Eyes","Redo","Steam Power"],"picked":"Chaos","floor":11},{"not_picked":["Ball Lightning","Reinforced Body","Conserve Battery"],"picked":"Echo Form","floor":14},{"not_picked":["Biased Cognition","Echo Form","Seek"],"picked":"Amplify","floor":16},{"not_picked":["Genetic Algorithm","Reprogram+1","Conserve Battery","Ball Lightning"],"picked":"SKIP","floor":18},{"not_picked":["Coolheaded","Storm","Leap","Redo"],"picked":"SKIP","floor":19},{"not_picked":["Double Energy","Go for the Eyes","Gash+1","Turbo"],"picked":"SKIP","floor":24},{"not_picked":["Sweeping Beam+1","Doom and Gloom","Self Repair"],"picked":"Defragment+1","floor":28},{"not_picked":["Coolheaded","Cold Snap","Hello World","Steam"],"picked":"SKIP","floor":30},{"not_picked":["Barrage+1","Fusion","Aggregate"],"picked":"Self Repair","floor":31},{"not_picked":["Rebound+1","Storm+1","Sweeping Beam+1","Conserve Battery+1"],"picked":"SKIP","floor":35},{"not_picked":["Steam","Conserve Battery","Turbo+1"],"picked":"Skim","floor":37}],"player_experience":424953,"relics_obtained":[{"floor":6,"key":"Gremlin Horn"},{"floor":9,"key":"Question Card"},{"floor":10,"key":"Odd Mushroom"},{"floor":24,"key":"Matryoshka"},{"floor":26,"key":"Darkstone Periapt"},{"floor":26,"key":"Vajra"},{"floor":30,"key":"Tiny Chest"}],"event_choices":[{"event_name":"Upgrade Shrine","player_choice":"Upgraded","floor":2,"damage_taken":0},{"event_name":"Shining Light","player_choice":"Entered Light","floor":4,"damage_taken":0},{"event_name":"The Cleric","player_choice":"Card Removal","floor":8,"damage_taken":0},{"event_name":"Mushrooms","player_choice":"Fought Mushrooms","floor":10,"damage_taken":0},{"event_name":"Dead Adventurer","player_choice":"Searched \u00272\u0027 times","floor":13,"damage_taken":0},{"event_name":"The Mausoleum","player_choice":"Yes","floor":20,"damage_taken":0},{"event_name":"Forgotten Altar","player_choice":"Shed Blood","floor":22,"damage_taken":0},{"event_name":"Tomb of Lord Red Mask","player_choice":"Ignored","floor":36,"damage_taken":0},{"event_name":"SecretPortal","player_choice":"Took Portal.","floor":39,"damage_taken":0}],"is_beta":false,"boss_relics":[{"not_picked":["Sozu","Empty Cage"],"picked":"Inserter"},{"not_picked":["FrozenCore","Black Star"],"picked":"Cursed Key"}],"items_purged_floors":[5,21,38],"is_endless":false,"potions_floor_spawned":[6,10,13,16,19,28,30,33,37],"ascension_level":7}