{"gold_per_floor":[10,10,22,97,116,116,174,184,207,207,222,242,242,275,275,350,350,316,332,411,411],"floor_reached":21,"playtime":647,"items_purged":[],"score":315,"play_id":"cef818d5-2b2a-4901-937c-8169353b7e21","local_time":"20181004233910","is_ascension_mode":true,"campfire_choices":[{"data":"Loop","floor":6,"key":"SMITH"},{"data":"Capacitor","floor":10,"key":"SMITH"},{"floor":13,"key":"REST"},{"floor":15,"key":"REST"}],"neow_cost":"NO_GOLD","seed_source_timestamp":24854637003791,"circlet_count":0,"master_deck":["Strike_B","Strike_B","Strike_B","Defend_B","Defend_B","Defend_B","Zap","Dualcast","AscendersBane","Loop+1","Consume","Doom and Gloom","Leap","Conserve Battery","Capacitor+1","Leap","Fission","Loop","Buffer","Regret"],"relics":["Cracked Core","Tiny Chest","Ancient Tea Set","Oddly Smooth Stone","Cursed Key","Question Card"],"potions_floor_usage":[5,7,7,12,18,19],"damage_taken":[{"damage":1,"enemies":"Cultist","floor":1,"turns":3},{"damage":0,"enemies":"Small Slimes","floor":3,"turns":3},{"damage":0,"enemies":"2 Louse","floor":5,"turns":2},{"damage":11,"enemies":"Lagavulin","floor":7,"turns":6},{"damage":6,"enemies":"Exordium Wildlife","floor":8,"turns":4},{"damage":9,"enemies":"Blue Slaver","floor":11,"turns":4},{"damage":2,"enemies":"Exordium Thugs","floor":12,"turns":4},{"damage":13,"enemies":"Gremlin Nob","floor":14,"turns":4},{"damage":32,"enemies":"Slime Boss","floor":16,"turns":7},{"damage":24,"enemies":"2 Thieves","floor":18,"turns":5},{"damage":8,"enemies":"3 Byrds","floor":19,"turns":4},{"damage":44,"enemies":"3 Cultists","floor":21,"turns":4}],"seed_played":"7302696324634721377","potions_obtained":[{"floor":1,"key":"Ancient Potion"},{"floor":2,"key":"SkillPotion"},{"floor":2,"key":"EntropicBrew"},{"floor":11,"key":"Fire Potion"},{"floor":16,"key":"FearPotion"},{"floor":18,"key":"Explosive Potion"}],"is_trial":false,"path_per_floor":["M","?","M","?","M","R","E","M","T","R","M","M","R","E","R","B",null,"M","M","T"],"character_chosen":"DEFECT","items_purchased":[],"campfire_rested":2,"item_purchase_floors":[],"current_hp_per_floor":[67,67,67,56,56,56,45,39,39,39,30,28,50,37,59,27,63,39,31,31,0],"gold":411,"neow_bonus":"TRANSFORM_TWO_CARDS","is_prod":false,"is_daily":false,"chose_seed":false,"campfire_upgraded":2,"win_rate":0,"timestamp":1538689150,"path_taken":["M","?","M","?","M","R","E","M","T","R","M","M","R","E","R","BOSS","M","M","?","?"],"build_version":"2018-09-27","purchased_purges":0,"victory":false,"max_hp_per_floor":[75,75,75,75,75,75,75,75,75,75,75,75,75,75,75,75,75,75,75,75,75],"card_choices":[{"not_picked":["Force Field","Hologram"],"picked":"Doom and Gloom","floor":1},{"not_picked":["Storm","Steam"],"picked":"Leap","floor":3},{"not_picked":["Ball Lightning","Beam Cell","Rebound"],"picked":"SKIP","floor":5},{"not_picked":["Steam","Rip and Tear"],"picked":"Conserve Battery","floor":7},{"not_picked":["Streamline","Barrage"],"picked":"Capacitor","floor":8},{"not_picked":["Steam","Double Energy"],"picked":"Leap","floor":11},{"not_picked":["Rip and Tear","Ball Lightning"],"picked":"Fission","floor":12},{"not_picked":["Steam","Rebound"],"picked":"Loop","floor":14},{"not_picked":["Reboot","Hyperbeam"],"picked":"Buffer","floor":16},{"not_picked":["Beam Cell","Hello World","Consume"],"picked":"SKIP","floor":18},{"not_picked":["Compile Driver","Ball Lightning","Cold Snap+1"],"picked":"SKIP","floor":19}],"player_experience":495209,"relics_obtained":[{"floor":7,"key":"Tiny Chest"},{"floor":9,"key":"Ancient Tea Set"},{"floor":14,"key":"Oddly Smooth Stone"},{"floor":20,"key":"Question Card"}],"event_choices":[{"event_name":"The Lab","player_choice":"Got Potions","floor":2,"damage_taken":0},{"event_name":"World of Goop","player_choice":"Gather Gold","floor":4,"damage_taken":0}],"is_beta":false,"boss_relics":[{"not_picked":["Busted Crown","Calling Bell"],"picked":"Cursed Key"}],"items_purged_floors":[],"is_endless":false,"potions_floor_spawned":[1,11,16,18],"killed_by":"3 Cultists","ascension_level":13}