{"gold_per_floor":[111,130,130,141,141,141,155,20,45,45,11,29,63,83,83,83],"floor_reached":16,"playtime":919,"items_purged":[],"score":158,"play_id":"55a490ac-f55d-430b-b1df-a1a6a7d330bf","local_time":"20181002155232","is_ascension_mode":true,"campfire_choices":[{"data":"Body Slam","floor":6,"key":"SMITH"},{"data":"True Grit","floor":15,"key":"SMITH"}],"neow_cost":"NONE","seed_source_timestamp":536492823391894,"circlet_count":0,"master_deck":["Strike_R","Strike_R","Strike_R","Strike_R","Defend_R","Defend_R+1","Defend_R","Defend_R","Bash+1","AscendersBane","Body Slam+1","Clothesline","Reckless Charge","Offering+1","Metallicize","Disarm","True Grit+1"],"relics":["Burning Blood","Golden Idol","War Paint","Orichalcum"],"potions_floor_usage":[7,13],"damage_taken":[{"damage":10,"enemies":"Small Slimes","floor":1,"turns":5},{"damage":8,"enemies":"Jaw Worm","floor":2,"turns":4},{"damage":1,"enemies":"Cultist","floor":4,"turns":4},{"damage":26,"enemies":"Lots of Slimes","floor":7,"turns":5},{"damage":6,"enemies":"Large Slime","floor":12,"turns":4},{"damage":20,"enemies":"3 Sentries","floor":13,"turns":9},{"damage":6,"enemies":"Exordium Wildlife","floor":14,"turns":3},{"damage":45,"enemies":"Hexaghost","floor":16,"turns":16}],"seed_played":"-7407110503801887055","potions_obtained":[{"floor":4,"key":"BloodPotion"},{"floor":12,"key":"LiquidBronze"}],"is_trial":false,"path_per_floor":["M","M","?","M","?","R","M","$","T","?","$","M","E","M","R"],"character_chosen":"IRONCLAD","items_purchased":["Offering","Metallicize"],"campfire_rested":0,"item_purchase_floors":[8,11],"current_hp_per_floor":[68,66,71,76,76,76,63,63,63,56,56,56,42,42,42,0],"gold":83,"neow_bonus":"UPGRADE_CARD","is_prod":false,"is_daily":false,"chose_seed":false,"campfire_upgraded":2,"win_rate":0,"timestamp":1538488352,"path_taken":["M","M","?","?","?","R","M","$","T","?","?","M","E","M","R","BOSS"],"build_version":"2018-09-27","purchased_purges":0,"victory":false,"max_hp_per_floor":[80,80,85,85,79,79,79,79,79,79,79,79,79,79,79,79],"card_choices":[{"not_picked":["Warcry","Rupture"],"picked":"Body Slam","floor":1},{"not_picked":["Anger","Second Wind"],"picked":"Clothesline","floor":2},{"not_picked":["Havoc","Wild Strike"],"picked":"Reckless Charge","floor":4},{"not_picked":["Infernal Blade","Hemokinesis","Clash"],"picked":"SKIP","floor":7},{"not_picked":["Warcry","Searing Blow"],"picked":"Disarm","floor":12},{"not_picked":["Perfected Strike","Anger","Hemokinesis"],"picked":"SKIP","floor":13},{"not_picked":["Heavy Blade","Body Slam"],"picked":"True Grit","floor":14}],"player_experience":477215,"relics_obtained":[{"floor":9,"key":"War Paint"},{"floor":13,"key":"Orichalcum"}],"event_choices":[{"event_name":"Big Fish","player_choice":"Donut","floor":3,"damage_taken":0},{"event_name":"Golden Idol","player_choice":"Lose Max HP","floor":5,"damage_taken":0},{"event_name":"Golden Wing","player_choice":"Card Removal","floor":10,"damage_taken":0}],"is_beta":false,"boss_relics":[],"items_purged_floors":[],"is_endless":false,"potions_floor_spawned":[4,12],"killed_by":"Hexaghost","ascension_level":11}