{"gold_per_floor":[112,124,141,141,160,160,175,194,194,221,221,247,136,156,156,228,228,239,239,254,169,94,94,19,19,19,19,19,32,52,70,70,70],"floor_reached":33,"playtime":1324,"items_purged":["Strike_R"],"score":492,"play_id":"323e4da8-2544-4fa4-a997-6cf714b03597","local_time":"20181220231813","is_ascension_mode":true,"campfire_choices":[{"data":"Fiend Fire","floor":6,"key":"SMITH"},{"data":"Body Slam","floor":11,"key":"SMITH"},{"data":"Juggernaut","floor":15,"key":"SMITH"},{"floor":23,"key":"RECALL"},{"data":"True Grit","floor":27,"key":"SMITH"},{"data":"Disarm","floor":32,"key":"SMITH"}],"neow_cost":"NONE","seed_source_timestamp":467094272059531,"circlet_count":0,"master_deck":["AscendersBane","Strike_R","Strike_R","Defend_R","Defend_R","Defend_R","Defend_R+1","Bash","Fiend Fire+1","Intimidate+1","Flame Barrier","Power Through","Shrug It Off","Juggernaut+1","Body Slam+1","Shrug It Off","Disarm+1","Corruption","Shrug It Off","True Grit+1","Demon Form+1","True Grit+1","Heavy Blade","Sentinel"],"relics":["Burning Blood","Sundial","Bronze Scales","War Paint","Coffee Dripper","Nunchaku","Ornamental Fan"],"potions_floor_usage":[10,12,18],"damage_taken":[{"damage":9,"enemies":"2 Louse","floor":1,"turns":3},{"damage":0,"enemies":"Cultist","floor":2,"turns":2},{"damage":3,"enemies":"Small Slimes","floor":3,"turns":4},{"damage":3,"enemies":"Exordium Wildlife","floor":5,"turns":3},{"damage":12,"enemies":"Large Slime","floor":7,"turns":7},{"damage":1,"enemies":"Blue Slaver","floor":8,"turns":4},{"damage":8,"enemies":"Lagavulin","floor":10,"turns":7},{"damage":8,"enemies":"Gremlin Nob","floor":12,"turns":4},{"damage":0,"enemies":"Lots of Slimes","floor":14,"turns":5},{"damage":8,"enemies":"The Guardian","floor":16,"turns":11},{"damage":0,"enemies":"Spheric Guardian","floor":18,"turns":3},{"damage":37,"enemies":"Chosen","floor":20,"turns":9},{"damage":6,"enemies":"Colosseum Slavers","floor":25,"turns":5},{"damage":5,"enemies":"Snecko","floor":29,"turns":5},{"damage":26,"enemies":"Cultist and Chosen","floor":30,"turns":7},{"damage":16,"enemies":"Snake Plant","floor":31,"turns":4},{"damage":19,"enemies":"Champ","floor":33,"turns":3}],"seed_played":"-534181677129868582","potions_obtained":[{"floor":1,"key":"Block Potion"},{"floor":2,"key":"GamblersBrew"},{"floor":3,"key":"SteroidPotion"},{"floor":12,"key":"Fire Potion"},{"floor":16,"key":"SteroidPotion"},{"floor":18,"key":"SteroidPotion"}],"is_trial":false,"path_per_floor":["M","M","M","?","M","R","M","M","T","E","R","E","$","M","R","B",null,"M","?","M","?","?","R","$","?","T","R","$","M","M","M","R","B"],"character_chosen":"IRONCLAD","items_purchased":["Corruption","Shrug It Off"],"campfire_rested":0,"item_purchase_floors":[13,13],"current_hp_per_floor":[65,71,74,74,75,75,69,74,74,72,72,70,70,75,75,73,75,75,75,44,44,44,44,44,44,44,44,44,45,25,15,15,0],"gold":70,"neow_bonus":"ONE_RANDOM_RARE_CARD","is_prod":false,"is_daily":false,"chose_seed":false,"campfire_upgraded":5,"win_rate":0,"timestamp":1545344293,"path_taken":["M","M","M","?","?","R","M","M","T","E","R","E","$","M","R","BOSS","M","?","?","?","?","R","?","?","T","R","$","M","M","M","R","BOSS"],"build_version":"2018-12-13","purchased_purges":1,"victory":false,"max_hp_per_floor":[75,75,75,75,75,75,75,75,75,75,75,75,75,75,75,75,75,75,75,75,75,75,75,75,75,75,75,75,75,75,75,75,75],"card_choices":[{"not_picked":["Havoc","Armaments"],"picked":"Intimidate","floor":1},{"not_picked":["Fire Breathing","Twin Strike"],"picked":"Flame Barrier","floor":2},{"not_picked":["Flex","Fire Breathing"],"picked":"Power Through","floor":3},{"not_picked":["Heavy Blade","Cleave"],"picked":"Shrug It Off","floor":5},{"not_picked":["Sentinel","Searing Blow"],"picked":"Juggernaut","floor":7},{"not_picked":["Wild Strike","Iron Wave"],"picked":"Body Slam","floor":8},{"not_picked":["Searing Blow","Intimidate"],"picked":"Shrug It Off","floor":10},{"not_picked":["Wild Strike","Spot Weakness"],"picked":"Disarm","floor":12},{"not_picked":["Pommel Strike","Anger"],"picked":"True Grit","floor":14},{"not_picked":["Immolate","Offering"],"picked":"Demon Form","floor":16},{"not_picked":["Dropkick","Havoc"],"picked":"True Grit+1","floor":18},{"not_picked":["Headbutt","Clothesline","Heavy Blade"],"picked":"SKIP","floor":20},{"not_picked":["Headbutt","Clothesline"],"picked":"Heavy Blade","floor":20},{"not_picked":["Searing Blow","Rage","Sword Boomerang"],"picked":"SKIP","floor":29},{"not_picked":["Anger","Warcry","Wild Strike+1"],"picked":"SKIP","floor":30},{"not_picked":["Cleave","Infernal Blade"],"picked":"Sentinel","floor":31}],"player_experience":775078,"relics_obtained":[{"floor":9,"key":"Sundial"},{"floor":10,"key":"Bronze Scales"},{"floor":12,"key":"War Paint"},{"floor":26,"key":"Ornamental Fan"}],"event_choices":[{"cards_removed":["Strike_R"],"damage_healed":0,"gold_gain":0,"player_choice":"Purged","damage_taken":0,"max_hp_gain":0,"max_hp_loss":0,"event_name":"Purifier","floor":4,"gold_loss":0},{"damage_healed":0,"gold_gain":0,"player_choice":"Forge","damage_taken":0,"max_hp_gain":0,"max_hp_loss":0,"event_name":"Accursed Blacksmith","floor":19,"gold_loss":0,"cards_upgraded":["Demon Form"]},{"damage_healed":0,"gold_gain":0,"player_choice":"Obtained Relic","damage_taken":0,"relics_obtained":["Nunchaku"],"max_hp_gain":0,"max_hp_loss":0,"event_name":"Addict","floor":21,"gold_loss":85},{"cards_removed":["Strike_R"],"damage_healed":0,"gold_gain":0,"player_choice":"Gave Gold","damage_taken":0,"max_hp_gain":0,"max_hp_loss":0,"event_name":"Beggar","floor":22,"gold_loss":75},{"damage_healed":0,"gold_gain":0,"player_choice":"Fight","damage_taken":0,"max_hp_gain":0,"max_hp_loss":0,"event_name":"Colosseum","floor":25,"gold_loss":0},{"damage_healed":0,"gold_gain":0,"player_choice":"Fled From Nobs","damage_taken":0,"max_hp_gain":0,"max_hp_loss":0,"event_name":"Colosseum","floor":25,"gold_loss":0}],"is_beta":false,"boss_relics":[{"not_picked":["Runic Cube","Lizard Tail"],"picked":"Coffee Dripper"}],"items_purged_floors":[24],"is_endless":false,"potions_floor_spawned":[1,2,3,12,16,18,20,30],"killed_by":"Champ","ascension_level":18}