{"gold_per_floor":[12,29,29,47,65,65,90,90,90,90,109,209,224,224,224,301,301,318,318,318,331,268,268,287,30,53,53,82,100,100,100],"floor_reached":31,"playtime":1391,"items_purged":["Strike_B"],"score":421,"play_id":"43c958bf-2b2b-4f60-986e-be6be7fd5031","local_time":"20181002102439","is_ascension_mode":true,"campfire_choices":[{"data":"Zap","floor":6.0,"key":"SMITH"},{"floor":8.0,"key":"REST"},{"data":"Streamline","floor":10.0,"key":"SMITH"},{"data":"Capacitor","floor":15.0,"key":"SMITH"},{"data":"Echo Form","floor":23.0,"key":"SMITH"},{"data":"Apotheosis","floor":27,"key":"SMITH"}],"neow_cost":"NO_GOLD","seed_source_timestamp":0,"circlet_count":0,"master_deck":["Strike_B","Strike_B","Defend_B","Defend_B","Defend_B","Zap+1","Dualcast","AscendersBane","Self Repair","Streamline+1","Capacitor+1","Loop","Consume","Heatsinks","Echo Form+1","Leap","Glacier","Buffer","Conserve Battery","Force Field","Apotheosis+1","Steam Power"],"special_seed":0,"relics":["Cracked Core","Vajra","Bottled Flame","Nuclear Battery","Dead Branch","Bag of Preparation","Bronze Scales","NlothsMask"],"potions_floor_usage":[28,28],"damage_taken":[{"damage":9.0,"enemies":"Jaw Worm","floor":1.0,"turns":3.0},{"damage":1.0,"enemies":"Cultist","floor":2.0,"turns":3.0},{"damage":6.0,"enemies":"2 Louse","floor":4.0,"turns":2.0},{"damage":19.0,"enemies":"Blue Slaver","floor":5.0,"turns":4.0},{"damage":34.0,"enemies":"Gremlin Nob","floor":7.0,"turns":4.0},{"damage":33.0,"enemies":"Exordium Wildlife","floor":11.0,"turns":5.0},{"damage":5.0,"enemies":"2 Fungi Beasts","floor":13.0,"turns":4.0},{"damage":5.0,"enemies":"Hexaghost","floor":16.0,"turns":10.0},{"damage":3.0,"enemies":"Chosen","floor":18.0,"turns":8.0},{"damage":12.0,"enemies":"Shell Parasite","floor":21.0,"turns":6.0},{"damage":10.0,"enemies":"Snecko","floor":24.0,"turns":7.0},{"damage":33,"enemies":"Gremlin Leader","floor":28,"turns":8},{"damage":0,"enemies":"Centurion and Healer","floor":29,"turns":8},{"damage":51,"enemies":"Cultist and Chosen","floor":31,"turns":4}],"seed_played":"2322696818503198438","potions_obtained":[{"floor":1.0,"key":"Energy Potion"},{"floor":2.0,"key":"SteroidPotion"},{"floor":4.0,"key":"FocusPotion"},{"floor":7.0,"key":"FocusPotion"},{"floor":18.0,"key":"PowerPotion"}],"is_trial":false,"path_per_floor":["M","M","$","M","M","R","E","R","T","R","M","?","M","?","R","B",null,"M","?","?","M","?","R","M","$","T","R","E","M","?"],"character_chosen":"DEFECT","items_purchased":["Apotheosis"],"campfire_rested":1,"item_purchase_floors":[25],"current_hp_per_floor":[66,72,72,66,54,54,27,49,49,49,23,23,25,50,50,52,69,73,73,73,68,68,68,72,72,72,72,39,49,49,0],"gold":100,"neow_bonus":"TRANSFORM_TWO_CARDS","is_prod":false,"is_daily":false,"chose_seed":false,"campfire_upgraded":5,"win_rate":0,"timestamp":1538468679,"path_taken":["M","M","$","M","M","R","E","R","T","R","M","?","M","?","R","BOSS","M","?","?","?","?","R","M","$","T","R","E","M","?","M"],"build_version":"2018-09-27","purchased_purges":1,"victory":false,"max_hp_per_floor":[75,75,75,75,75,75,75,75,75,75,75,75,75,75,75,75,75,75,75,75,75,75,75,75,75,75,75,75,75,75,75],"card_choices":[{"not_picked":["Recycle","Doom and Gloom"],"picked":"Capacitor","floor":1.0},{"not_picked":["Chaos","Redo"],"picked":"Loop","floor":2.0},{"not_picked":["Doom and Gloom","Darkness"],"picked":"Consume","floor":4.0},{"not_picked":["Go for the Eyes","Rebound"],"picked":"Heatsinks","floor":5.0},{"not_picked":["Ball Lightning","Rebound"],"picked":"Echo Form","floor":7.0},{"not_picked":["Defragment","Rebound"],"picked":"Leap","floor":11.0},{"not_picked":["Beam Cell","Barrage"],"picked":"Glacier","floor":13.0},{"not_picked":["Hyperbeam","Thunder Strike"],"picked":"Buffer","floor":16.0},{"not_picked":["Double Energy","White Noise"],"picked":"Conserve Battery","floor":18.0},{"not_picked":["Turbo","Undo"],"picked":"Force Field","floor":21.0},{"not_picked":["Steam","Conserve Battery+1","Go for the Eyes"],"picked":"SKIP","floor":24.0},{"not_picked":["Redo","Hello World","BootSequence"],"picked":"SKIP","floor":28},{"not_picked":["Go for the Eyes","Blizzard"],"picked":"Steam Power","floor":29}],"player_experience":472669,"relics_obtained":[{"floor":7.0,"key":"Vajra"},{"floor":9.0,"key":"Bottled Flame"},{"floor":26,"key":"Bag of Preparation"},{"floor":28,"key":"Bronze Scales"}],"event_choices":[{"event_name":"Golden Shrine","player_choice":"Pray","floor":12.0,"damage_taken":0.0},{"event_name":"Big Fish","player_choice":"Banana","floor":14.0,"damage_taken":0.0},{"event_name":"Forgotten Altar","player_choice":"Smashed Altar","floor":19.0,"damage_taken":0.0},{"event_name":"Back to Basics","player_choice":"Elegance","floor":20.0,"damage_taken":0.0},{"event_name":"WeMeetAgain","player_choice":"Gold","floor":22.0,"damage_taken":0.0},{"event_name":"FaceTrader","player_choice":"Trade","floor":30,"damage_taken":0}],"is_beta":false,"boss_relics":[{"not_picked":["Tiny House","Black Star"],"picked":"Nuclear Battery"}],"items_purged_floors":[25],"is_endless":false,"potions_floor_spawned":[1,2,4,7,18,24],"killed_by":"Cultist and Chosen","ascension_level":13}