{"gold_per_floor":[115,115,115,127,127,127,156,81,81,81,116,129,2,21,21,21],"floor_reached":16,"playtime":618,"items_purged":["Strike_R"],"score":194,"play_id":"c6ededea-d9cf-4906-864f-f614af7d734a","local_time":"20181017231412","is_ascension_mode":true,"campfire_choices":[{"data":"Armaments","floor":6,"key":"SMITH"},{"data":"Whirlwind","floor":10,"key":"SMITH"},{"data":"Inflame","floor":15,"key":"SMITH"}],"neow_cost":"NONE","seed_source_timestamp":645301639522829,"circlet_count":0,"master_deck":["Strike_R","Strike_R","Defend_R","Defend_R","Defend_R","Defend_R","Bash","AscendersBane","Iron Wave","Shrug It Off","Armaments+1","Whirlwind+1","Metallicize","Inflame+1","Pommel Strike"],"relics":["Burning Blood","FaceOfCleric","Champion Belt","Art of War","Bird Faced Urn"],"potions_floor_usage":[7],"damage_taken":[{"damage":0,"enemies":"2 Louse","floor":1,"turns":3},{"damage":6,"enemies":"Cultist","floor":4,"turns":4},{"damage":26,"enemies":"Lagavulin","floor":7,"turns":10},{"damage":27,"enemies":"Gremlin Nob","floor":11,"turns":5},{"damage":0,"enemies":"Jaw Worm","floor":12,"turns":5},{"damage":3,"enemies":"Looter","floor":14,"turns":4},{"damage":51,"enemies":"Hexaghost","floor":16,"turns":12}],"seed_played":"7090984944261291807","potions_obtained":[{"floor":1,"key":"FearPotion"},{"floor":14,"key":"Ancient Potion"}],"is_trial":false,"path_per_floor":["M","?","?","M","?","R","E","?","T","R","E","M","$","M","R"],"character_chosen":"IRONCLAD","items_purchased":["Pommel Strike"],"campfire_rested":0,"item_purchase_floors":[13],"current_hp_per_floor":[74,74,67,68,68,68,49,49,49,49,29,38,38,46,46,0],"gold":21,"neow_bonus":"ONE_RANDOM_RARE_CARD","is_prod":false,"is_daily":false,"chose_seed":false,"campfire_upgraded":3,"win_rate":0,"timestamp":1539810852,"path_taken":["M","?","?","M","?","R","E","?","T","R","E","?","$","M","R","BOSS"],"build_version":"2018-10-11","purchased_purges":1,"victory":false,"max_hp_per_floor":[75,75,75,76,76,76,77,77,77,77,78,79,79,80,80,80],"card_choices":[{"not_picked":["Dropkick","Wild Strike"],"picked":"Iron Wave","floor":1},{"not_picked":["Sword Boomerang","Entrench"],"picked":"Shrug It Off","floor":4},{"not_picked":["Thunderclap","Blood for Blood"],"picked":"Whirlwind","floor":7},{"not_picked":["Body Slam","Entrench"],"picked":"Metallicize","floor":11},{"not_picked":["Warcry","Iron Wave"],"picked":"Inflame","floor":12},{"not_picked":["Body Slam","Searing Blow","Warcry"],"picked":"SKIP","floor":14}],"player_experience":532769,"relics_obtained":[{"floor":7,"key":"Champion Belt"},{"floor":9,"key":"Art of War"},{"floor":11,"key":"Bird Faced Urn"}],"event_choices":[{"event_name":"FaceTrader","player_choice":"Trade","floor":2,"damage_taken":0},{"event_name":"Golden Wing","player_choice":"Card Removal","floor":3,"damage_taken":0},{"event_name":"Transmorgrifier","player_choice":"Transform","floor":5,"damage_taken":0},{"event_name":"The Cleric","player_choice":"Card Removal","floor":8,"damage_taken":0}],"is_beta":false,"boss_relics":[],"items_purged_floors":[13],"is_endless":false,"potions_floor_spawned":[1,14],"killed_by":"Hexaghost","ascension_level":16}