{"gold_per_floor":[111,6,18,18,18,18,51,66,66,79,44,54,54,83,83,185,185,200,219,4,4,18,48,48,61,61,61,61,72,72,87,87,190,190,206,220,235,14,14,14,49,49,49,64,78,94,112,124,124,124],"floor_reached":51,"playtime":4483,"items_purged":[],"score":738,"play_id":"241450dd-59a0-4ce8-9065-9afcca22cef7","local_time":"20190221130606","is_ascension_mode":false,"campfire_choices":[{"data":"Blind","floor":6,"key":"SMITH"},{"floor":13,"key":"REST"},{"data":"Iron Wave","floor":15,"key":"SMITH"},{"floor":24,"key":"REST"},{"data":"Bludgeon","floor":28,"key":"SMITH"},{"floor":32,"key":"REST"},{"floor":40,"key":"REST"},{"data":"Ghostly Armor","floor":42,"key":"SMITH"},{"floor":49,"key":"REST"}],"neow_cost":"NONE","seed_source_timestamp":354689107427560,"circlet_count":0,"master_deck":["Strike_R+1","Strike_R+1","Strike_R+1","Strike_R+1","Strike_R+1","Defend_R+1","Defend_R+1","Defend_R+1","Defend_R+1","Bash","Hemokinesis+1","Heavy Blade","Blind+1","Warcry+1","Carnage","Iron Wave+1","Flex","Ghostly Armor+1","Sever Soul","Bludgeon+1","Anger+1","Heavy Blade+1","Cleave","Reaper+1","Uppercut","Entrench","Demon Form","Rage+1","Demon Form","Bloodletting+1","Shrug It Off","Perfected Strike","Bludgeon","Barricade","Headbutt+1","Iron Wave+1","Armaments+1","Body Slam+1","Dropkick"],"relics":["Snecko Eye","Mercury Hourglass","Red Skull","Pear","Mark of Pain","Toolbox","Gremlin Horn","Shuriken","Philosopher\u0027s Stone","Anchor","Pen Nib","Bag of Preparation"],"potions_floor_usage":[33,33],"damage_taken":[{"damage":0,"enemies":"2 Louse","floor":1,"turns":2},{"damage":6,"enemies":"Jaw Worm","floor":3,"turns":3},{"damage":23,"enemies":"Lagavulin","floor":7,"turns":4},{"damage":2,"enemies":"Small Slimes","floor":8,"turns":2},{"damage":4,"enemies":"Blue Slaver","floor":10,"turns":3},{"damage":0,"enemies":"Exordium Wildlife","floor":12,"turns":2},{"damage":13,"enemies":"Gremlin Nob","floor":14,"turns":4},{"damage":35,"enemies":"The Guardian","floor":16,"turns":8},{"damage":0,"enemies":"Shell Parasite","floor":18,"turns":3},{"damage":6,"enemies":"Chosen","floor":19,"turns":2},{"damage":13,"enemies":"Centurion and Healer","floor":22,"turns":4},{"damage":46,"enemies":"Book of Stabbing","floor":23,"turns":5},{"damage":0,"enemies":"3 Cultists","floor":25,"turns":2},{"damage":5,"enemies":"Snake Plant","floor":29,"turns":3},{"damage":2,"enemies":"Shelled Parasite and Fungi","floor":31,"turns":2},{"damage":85,"enemies":"Collector","floor":33,"turns":10},{"damage":15,"enemies":"3 Shapes","floor":35,"turns":2},{"damage":2,"enemies":"3 Darklings","floor":36,"turns":3},{"damage":22,"enemies":"4 Shapes","floor":37,"turns":3},{"damage":42,"enemies":"Giant Head","floor":41,"turns":6},{"damage":3,"enemies":"Sphere and 2 Shapes","floor":44,"turns":2},{"damage":5,"enemies":"Maw","floor":45,"turns":6},{"damage":11,"enemies":"Jaw Worm Horde","floor":46,"turns":3},{"damage":5,"enemies":"Spire Growth","floor":47,"turns":4},{"damage":0,"enemies":"4 Shapes","floor":48,"turns":1},{"damage":55,"enemies":"Donu and Deca","floor":50,"turns":6}],"seed_played":"7846930873567232217","potions_obtained":[{"floor":3,"key":"GamblersBrew"},{"floor":7,"key":"PowerPotion"},{"floor":14,"key":"EntropicBrew"},{"floor":27,"key":"SkillPotion"},{"floor":35,"key":"Energy Potion"},{"floor":37,"key":"Swift Potion"}],"is_trial":false,"path_per_floor":["M","$","M","?","?","R","E","M","T","M","?","M","R","E","R","B",null,"M","M","$","?","M","E","R","M","T","?","R","M","?","M","R","B",null,"M","M","M","$","?","R","E","R","T","M","M","M","M","M","R","B",null],"character_chosen":"IRONCLAD","items_purchased":["Heavy Blade","Blind","Toolbox","Cleave","Anchor","Bludgeon"],"campfire_rested":5,"item_purchase_floors":[2,2,20,20,38,38],"current_hp_per_floor":[80,80,74,58,58,58,35,33,33,29,49,49,73,70,70,35,90,90,84,84,84,71,32,59,71,71,71,71,66,48,55,83,43,95,80,78,56,56,56,84,57,57,57,60,55,44,39,39,67,40],"gold":124,"neow_bonus":"BOSS_RELIC","is_prod":false,"is_daily":false,"chose_seed":false,"campfire_upgraded":4,"win_rate":0.0,"timestamp":1550725566,"path_taken":["M","$","M","?","?","R","E","M","T","M","?","M","R","E","R","BOSS","M","M","$","?","M","E","R","M","T","?","R","?","?","M","R","BOSS","M","M","M","$","?","R","E","R","T","M","?","M","M","M","R","BOSS"],"build_version":"2019-01-23","purchased_purges":0,"victory":true,"max_hp_per_floor":[80,80,80,80,80,80,80,80,80,80,80,80,80,90,90,90,90,90,90,90,90,90,90,90,90,90,90,90,90,95,95,95,95,95,95,95,95,95,95,95,95,95,95,95,95,95,95,95,95,95],"card_choices":[{"not_picked":["Sword Boomerang","Power Through"],"picked":"Hemokinesis","floor":1},{"not_picked":["Pommel Strike","Clash"],"picked":"Warcry","floor":3},{"not_picked":["Warcry","Pummel"],"picked":"Carnage","floor":7},{"not_picked":["Blood for Blood","Corruption"],"picked":"Iron Wave","floor":8},{"not_picked":["Shockwave","Heavy Blade"],"picked":"Flex","floor":10},{"not_picked":["Feel No Pain","Wild Strike"],"picked":"Ghostly Armor","floor":12},{"not_picked":["Offering","Metallicize"],"picked":"Sever Soul","floor":14},{"not_picked":["Immolate","Limit Break"],"picked":"Bludgeon","floor":16},{"not_picked":["Clash+1","Flex"],"picked":"Anger+1","floor":18},{"not_picked":["Second Wind","Iron Wave+1"],"picked":"Heavy Blade+1","floor":19},{"not_picked":["Twin Strike","Heavy Blade"],"picked":"Reaper","floor":22},{"not_picked":["Metallicize+1","Iron Wave"],"picked":"Uppercut","floor":23},{"not_picked":["Ghostly Armor+1","True Grit"],"picked":"Entrench","floor":25},{"not_picked":["Shrug It Off","Twin Strike+1"],"picked":"Demon Form","floor":29},{"not_picked":["Wild Strike","Flex"],"picked":"Rage+1","floor":31},{"not_picked":["Limit Break","Offering"],"picked":"Demon Form","floor":33},{"not_picked":["Sever Soul+1","Flex"],"picked":"Bloodletting+1","floor":35},{"not_picked":["Power Through","Second Wind+1"],"picked":"Shrug It Off","floor":36},{"not_picked":["Iron Wave+1","Twin Strike"],"picked":"Perfected Strike","floor":37},{"not_picked":["Sword Boomerang+1","Clothesline"],"picked":"Barricade","floor":41},{"not_picked":["Second Wind+1","Thunderclap"],"picked":"Headbutt+1","floor":44},{"not_picked":["Warcry","Evolve"],"picked":"Iron Wave+1","floor":45},{"not_picked":["Headbutt","Barricade"],"picked":"Armaments+1","floor":46},{"not_picked":["Reckless Charge+1","Heavy Blade"],"picked":"Body Slam+1","floor":47},{"not_picked":["Clash","Flex+1"],"picked":"Dropkick","floor":48}],"player_experience":16720,"relics_obtained":[{"floor":7,"key":"Mercury Hourglass"},{"floor":9,"key":"Red Skull"},{"floor":14,"key":"Pear"},{"floor":23,"key":"Gremlin Horn"},{"floor":26,"key":"Shuriken"},{"floor":41,"key":"Pen Nib"},{"floor":43,"key":"Bag of Preparation"}],"event_choices":[{"damage_healed":0,"gold_gain":0,"player_choice":"Entered Light","damage_taken":16,"max_hp_gain":0,"max_hp_loss":0,"event_name":"Shining Light","floor":4,"gold_loss":0,"cards_upgraded":["Strike_R","Hemokinesis"]},{"damage_healed":0,"gold_gain":0,"player_choice":"Grow","damage_taken":0,"max_hp_gain":0,"max_hp_loss":0,"event_name":"Living Wall","floor":5,"gold_loss":0,"cards_upgraded":["Warcry"]},{"damage_healed":20,"gold_gain":0,"player_choice":"Healed","damage_taken":0,"max_hp_gain":0,"max_hp_loss":0,"event_name":"The Cleric","floor":11,"gold_loss":35},{"damage_healed":0,"gold_gain":0,"player_choice":"Simplicity","damage_taken":0,"max_hp_gain":0,"max_hp_loss":0,"event_name":"Back to Basics","floor":21,"gold_loss":0,"cards_upgraded":["Strike_R","Strike_R","Strike_R","Strike_R","Defend_R","Defend_R","Defend_R","Defend_R"]},{"damage_healed":0,"gold_gain":0,"player_choice":"Got Potions","damage_taken":0,"max_hp_gain":0,"max_hp_loss":0,"event_name":"Lab","floor":27,"gold_loss":0},{"damage_healed":0,"gold_gain":0,"player_choice":"Shed Blood","damage_taken":23,"max_hp_gain":5,"max_hp_loss":0,"event_name":"Forgotten Altar","floor":30,"gold_loss":0},{"damage_healed":0,"gold_gain":0,"player_choice":"Upgraded","damage_taken":0,"max_hp_gain":0,"max_hp_loss":0,"event_name":"Upgrade Shrine","floor":39,"gold_loss":0,"cards_upgraded":["Reaper"]}],"is_beta":false,"boss_relics":[{"not_picked":["Runic Dome","Astrolabe"],"picked":"Mark of Pain"},{"not_picked":["Empty Cage","Fusion Hammer"],"picked":"Philosopher\u0027s Stone"}],"items_purged_floors":[],"is_endless":false,"potions_floor_spawned":[3,7,14,19,23,29,31,35,37,44,46,47],"ascension_level":0}