{"gold_per_floor":[109,34,34,46,66,66,99,99,99,116,116,31,50,80,80,80],"floor_reached":16,"playtime":872,"items_purged":[],"score":220,"play_id":"dd5c51e1-425a-428e-b4ec-f5730b91f5e9","local_time":"20190217215010","is_ascension_mode":true,"campfire_choices":[{"data":"A Thousand Cuts","floor":6,"key":"SMITH"},{"floor":8,"key":"REST"},{"floor":15,"key":"REST"}],"neow_cost":"NONE","seed_source_timestamp":112536498081195,"circlet_count":0,"master_deck":["AscendersBane","Defend_G","Defend_G","Defend_G","Defend_G","Defend_G","Strike_G","Strike_G","Strike_G","Strike_G","Survivor","Neutralize","A Thousand Cuts+1","Flying Knee","Deflect","All Out Attack","Dash","Parasite","Poisoned Stab","Bane","Deflect","Bullet Time"],"relics":["Ring of the Snake","WingedGreaves","Blood Vial","Letter Opener","Bottled Tornado"],"potions_floor_usage":[7,14],"damage_taken":[{"damage":2,"enemies":"2 Louse","floor":1,"turns":4},{"damage":0,"enemies":"Small Slimes","floor":4,"turns":4},{"damage":2,"enemies":"Jaw Worm","floor":5,"turns":4},{"damage":49,"enemies":"Lagavulin","floor":7,"turns":10},{"damage":12,"enemies":"Exordium Thugs","floor":10,"turns":4},{"damage":11,"enemies":"Large Slime","floor":13,"turns":6},{"damage":10,"enemies":"3 Sentries","floor":14,"turns":5},{"damage":31,"enemies":"Slime Boss","floor":16,"turns":6}],"seed_played":"-2958757231621973582","potions_obtained":[{"floor":4,"key":"LiquidBronze"},{"floor":10,"key":"SmokeBomb"},{"floor":13,"key":"SpeedPotion"}],"is_trial":false,"path_per_floor":["M","?","?","M","M","R","E","R","T","M","?","$","M","E","R","B"],"character_chosen":"THE_SILENT","items_purchased":["Poisoned Stab","Bane"],"campfire_rested":2,"item_purchase_floors":[12,12],"current_hp_per_floor":[57,57,52,52,50,50,1,20,20,10,26,26,17,9,28,0],"gold":80,"neow_bonus":"ONE_RANDOM_RARE_CARD","is_prod":false,"is_daily":false,"chose_seed":false,"campfire_upgraded":1,"win_rate":0,"timestamp":1550436610,"path_taken":["M","?","?","M","M","R","E","R","T","M","?","$","?","E","R","BOSS"],"build_version":"2019-01-23","purchased_purges":0,"victory":false,"max_hp_per_floor":[66,66,66,66,66,66,66,66,66,66,66,66,66,66,66,66],"card_choices":[{"not_picked":["Blade Dance","Flechettes"],"picked":"Flying Knee","floor":1},{"not_picked":["Quick Slash","Tactician"],"picked":"Deflect","floor":4},{"not_picked":["Prepared","Reflex","Escape Plan"],"picked":"SKIP","floor":5},{"not_picked":["Underhanded Strike","Backflip"],"picked":"All Out Attack","floor":7},{"not_picked":["Expertise","Blade Dance"],"picked":"Dash","floor":10},{"not_picked":["PiercingWail","Dodge and Roll"],"picked":"Deflect","floor":13},{"not_picked":["Blade Dance","Eviscerate"],"picked":"Bullet Time","floor":14}],"player_experience":995425,"relics_obtained":[{"floor":7,"key":"Blood Vial"},{"floor":9,"key":"Letter Opener"},{"floor":14,"key":"Bottled Tornado"}],"event_choices":[{"cards_removed":["Strike_G"],"damage_healed":0,"gold_gain":0,"player_choice":"Card Removal","damage_taken":0,"max_hp_gain":0,"max_hp_loss":0,"event_name":"The Cleric","floor":2,"gold_loss":75},{"damage_healed":0,"gold_gain":0,"player_choice":"Success","damage_taken":5,"relics_obtained":["WingedGreaves"],"max_hp_gain":0,"max_hp_loss":0,"event_name":"Scrap Ooze","floor":3,"gold_loss":0},{"damage_healed":16,"gold_gain":0,"player_choice":"Healed and dodged fight","damage_taken":0,"max_hp_gain":0,"max_hp_loss":0,"event_name":"Mushrooms","floor":11,"gold_loss":0,"cards_obtained":["Parasite"]}],"is_beta":false,"boss_relics":[],"items_purged_floors":[],"is_endless":false,"potions_floor_spawned":[4,10,13],"killed_by":"Slime Boss","ascension_level":20}