{"gold_per_floor":[111,123,123,123,139,165,145,145,145,170,170,197,45,57,57,154,154,170,180,180,105,123,123,123],"floor_reached":24,"playtime":1453,"items_purged":["Defend_R"],"score":204,"play_id":"ae61c216-6e3c-4215-a909-4f4e8871b406","local_time":"20190127052347","is_ascension_mode":false,"campfire_choices":[{"floor":8,"key":"REST"},{"data":"Pummel","floor":11,"key":"SMITH"},{"floor":15,"key":"REST"},{"floor":23,"key":"REST"}],"neow_cost":"NONE","seed_source_timestamp":1794740751241293,"circlet_count":0,"master_deck":["Strike_R","Strike_R","Strike_R","Strike_R","Strike_R","Defend_R","Defend_R","Defend_R","Bash","Demon Form+1","Flex","Perfected Strike","Pummel+1","Anger","Whirlwind","Inflame","Blood for Blood","Reaper","Flex","Intimidate","Shrug It Off+1"],"relics":["Burning Blood","Pocketwatch","Torii","Boot","PreservedInsect","Velvet Choker"],"potions_floor_usage":[16,16,16],"damage_taken":[{"damage":7,"enemies":"2 Louse","floor":1,"turns":3},{"damage":5,"enemies":"Small Slimes","floor":2,"turns":5},{"damage":11,"enemies":"Jaw Worm","floor":5,"turns":3},{"damage":46,"enemies":"Lagavulin","floor":6,"turns":6},{"damage":16,"enemies":"Gremlin Nob","floor":12,"turns":3},{"damage":1,"enemies":"Looter","floor":14,"turns":2},{"damage":41,"enemies":"Hexaghost","floor":16,"turns":5},{"damage":30,"enemies":"2 Thieves","floor":18,"turns":4},{"damage":2,"enemies":"Chosen","floor":19,"turns":3},{"damage":58,"enemies":"Centurion and Healer","floor":22,"turns":5},{"damage":35,"enemies":"Book of Stabbing","floor":24,"turns":3}],"seed_played":"-1272901091988998252","potions_obtained":[{"floor":2,"key":"Energy Potion"},{"floor":6,"key":"Energy Potion"},{"floor":14,"key":"Ancient Potion"}],"is_trial":false,"path_per_floor":["?","?","?","T","$","?"],"character_chosen":"IRONCLAD","items_purchased":["Whirlwind","Inflame"],"campfire_rested":3,"item_purchase_floors":[13,13],"current_hp_per_floor":[79,80,80,80,75,35,35,59,59,59,59,49,49,54,78,43,80,56,60,60,60,8,32,0],"gold":123,"neow_bonus":"ONE_RANDOM_RARE_CARD","is_prod":false,"is_daily":false,"chose_seed":false,"campfire_upgraded":1,"win_rate":0.0,"timestamp":1548537827,"path_taken":["M","M","?","?","M","E","?","R","T","?","R","E","?","M","R","BOSS","M","M","?","$","M","R","E"],"build_version":"2019-01-23","purchased_purges":1,"victory":false,"max_hp_per_floor":[80,80,80,80,80,80,80,80,80,80,80,80,80,80,80,80,80,80,80,80,80,80,80,80],"card_choices":[{"not_picked":["Twin Strike","Headbutt"],"picked":"Flex","floor":1},{"not_picked":["Pommel Strike","Rampage"],"picked":"Perfected Strike","floor":2},{"not_picked":["Clothesline","Second Wind"],"picked":"Pummel","floor":5},{"not_picked":["Iron Wave","Thunderclap","Sword Boomerang"],"picked":"SKIP","floor":6},{"not_picked":["Clash","Sword Boomerang"],"picked":"Anger","floor":12},{"not_picked":["Cleave","Thunderclap"],"picked":"Blood for Blood","floor":14},{"not_picked":["Double Tap","Brutality"],"picked":"Reaper","floor":16},{"not_picked":["Feel No Pain","Fire Breathing"],"picked":"Flex","floor":18},{"not_picked":["Rampage","Body Slam"],"picked":"Intimidate","floor":19},{"not_picked":["Iron Wave+1","Burning Pact"],"picked":"Shrug It Off+1","floor":22}],"player_experience":22781,"relics_obtained":[{"floor":6,"key":"Pocketwatch"},{"floor":9,"key":"Torii"},{"floor":10,"key":"Boot"},{"floor":12,"key":"PreservedInsect"}],"event_choices":[{"damage_healed":0,"gold_gain":0,"player_choice":"Ignored","damage_taken":0,"max_hp_gain":0,"max_hp_loss":0,"event_name":"Liars Game","floor":3,"gold_loss":0},{"damage_healed":0,"gold_gain":0,"player_choice":"Grow","damage_taken":0,"max_hp_gain":0,"max_hp_loss":0,"event_name":"Living Wall","floor":4,"gold_loss":0,"cards_upgraded":["Demon Form"]},{"damage_healed":0,"gold_gain":0,"player_choice":"Left Gold","damage_taken":0,"max_hp_gain":0,"max_hp_loss":0,"event_name":"World of Goop","floor":7,"gold_loss":20},{"damage_healed":0,"gold_gain":0,"player_choice":"Ignored","damage_taken":0,"max_hp_gain":0,"max_hp_loss":0,"event_name":"Ghosts","floor":20,"gold_loss":0}],"is_beta":false,"boss_relics":[{"not_picked":["Lizard Tail","Busted Crown"],"picked":"Velvet Choker"}],"items_purged_floors":[21],"is_endless":false,"potions_floor_spawned":[2,6,14],"killed_by":"Book of Stabbing","ascension_level":0}