{"gold_per_floor":[119,132,132,152,102,102,27,27,76,88,127,153,165,207,219,308,320,346,358],"floor_reached":19,"playtime":12381,"items_purged":["Strike_B"],"score":289,"play_id":"0f117e85-0025-41e3-81da-067444e4de57","local_time":"20181019191747","is_ascension_mode":true,"campfire_choices":[{"data":"Zap","floor":6,"key":"SMITH"},{"data":"Cold Snap","floor":10,"key":"SMITH"},{"data":"Capacitor","floor":13,"key":"SMITH"},{"data":"Self Repair","floor":15,"key":"SMITH"}],"neow_cost":"NONE","seed_source_timestamp":792157208521109,"circlet_count":0,"master_deck":["Strike_B","Strike_B","Defend_B","Defend_B","Defend_B","Defend_B","Zap+1","Dualcast+1","AscendersBane","Cold Snap+1","Conserve Battery","Gash","Capacitor+1","Gash","Self Repair+1","Core Surge","Defragment"],"relics":["Cracked Core","NeowsBlessing","Gremlin Horn","MawBank","Happy Flower","Bag of Marbles","Nuclear Battery"],"potions_floor_usage":[11,14,19],"damage_taken":[{"damage":0,"enemies":"Cultist","floor":1,"turns":1},{"damage":0,"enemies":"Small Slimes","floor":2,"turns":1},{"damage":0,"enemies":"Jaw Worm","floor":4,"turns":1},{"damage":4,"enemies":"Lagavulin","floor":11,"turns":8},{"damage":5,"enemies":"2 Fungi Beasts","floor":12,"turns":3},{"damage":2,"enemies":"3 Sentries","floor":14,"turns":8},{"damage":16,"enemies":"The Guardian","floor":16,"turns":12},{"damage":37,"enemies":"Spheric Guardian","floor":18,"turns":6},{"damage":44,"enemies":"Masked Bandits","floor":19,"turns":3}],"seed_played":"1254686800964577982","potions_obtained":[{"floor":1,"key":"Fire Potion"},{"floor":4,"key":"PowerPotion"},{"floor":16,"key":"FearPotion"}],"is_trial":false,"path_per_floor":["M","M","?","M","?","R","$","?","T","R","E","M","R","E","R","B",null,"M"],"character_chosen":"DEFECT","items_purchased":[],"campfire_rested":0,"item_purchase_floors":[],"current_hp_per_floor":[68,68,61,61,61,61,61,61,61,61,57,52,52,50,50,44,67,40,0],"gold":358,"neow_bonus":"THREE_ENEMY_KILL","is_prod":false,"is_daily":false,"chose_seed":false,"campfire_upgraded":4,"win_rate":0,"timestamp":1539969467,"path_taken":["M","?","?","M","?","R","$","?","T","R","E","?","R","E","R","BOSS","M","?"],"build_version":"2018-10-18","purchased_purges":1,"victory":false,"max_hp_per_floor":[75,75,75,75,75,75,75,75,75,75,75,75,75,75,75,75,75,75,75],"card_choices":[{"not_picked":["Chill","Blizzard"],"picked":"Cold Snap","floor":1},{"not_picked":["Chill","Cold Snap"],"picked":"Conserve Battery","floor":2},{"not_picked":["Hello World","Double Energy"],"picked":"Gash","floor":4},{"not_picked":["Conserve Battery","Rip and Tear"],"picked":"Capacitor","floor":11},{"not_picked":["Steam","Loop"],"picked":"Gash","floor":12},{"not_picked":["Auto Shields","Static Discharge"],"picked":"Self Repair","floor":14},{"not_picked":["Biased Cognition","Hyperbeam"],"picked":"Core Surge","floor":16},{"not_picked":["Gash","Heatsinks+1"],"picked":"Defragment","floor":18}],"player_experience":539516,"relics_obtained":[{"floor":9,"key":"MawBank"},{"floor":11,"key":"Happy Flower"},{"floor":14,"key":"Bag of Marbles"}],"event_choices":[{"damage_healed":0,"gold_gain":0,"player_choice":"Success","damage_taken":7,"relics_obtained":["Gremlin Horn"],"max_hp_gain":0,"max_hp_loss":0,"event_name":"Scrap Ooze","floor":3,"gold_loss":0},{"cards_removed":["Strike_B"],"damage_healed":0,"gold_gain":0,"player_choice":"Card Removal","damage_taken":0,"max_hp_gain":0,"max_hp_loss":0,"event_name":"The Cleric","floor":5,"gold_loss":50},{"damage_healed":0,"gold_gain":0,"player_choice":"Upgraded","damage_taken":0,"max_hp_gain":0,"max_hp_loss":0,"event_name":"Upgrade Shrine","floor":8,"gold_loss":0,"cards_upgraded":["Dualcast"]},{"damage_healed":0,"gold_gain":0,"player_choice":"Fought Bandits","damage_taken":0,"max_hp_gain":0,"max_hp_loss":0,"event_name":"Masked Bandits","floor":19,"gold_loss":0}],"is_beta":false,"boss_relics":[{"not_picked":["Runic Pyramid","Fusion Hammer"],"picked":"Nuclear Battery"}],"items_purged_floors":[7],"is_endless":false,"potions_floor_spawned":[1,4,16],"killed_by":"Masked Bandits","ascension_level":13}