{"gold_per_floor":[111,35,52,52,70,70,70,114,114,114,132,151,190,210,210,331,331,356,371,80,98,98],"floor_reached":22,"playtime":9090,"items_purged":[],"score":357,"play_id":"333a5a25-6657-4bf5-8524-45176e30ebe1","local_time":"20180928205852","is_ascension_mode":true,"campfire_choices":[{"data":"Beam Cell","floor":6,"key":"SMITH"},{"data":"Zap","floor":10,"key":"SMITH"},{"data":"Machine Learning","floor":15,"key":"SMITH"}],"neow_cost":"NONE","seed_source_timestamp":201090558675491,"circlet_count":0,"master_deck":["Strike_B","Strike_B","Strike_B","Strike_B","Defend_B","Defend_B","Defend_B","Defend_B","Zap+1","Dualcast","AscendersBane","Machine Learning+1","Leap","Gash","Auto Shields","Beam Cell+1","Self Repair","Core Surge","Double Energy","Conserve Battery","Gash","Electrodynamics","Steam","Go for the Eyes","Consume"],"relics":["Cracked Core","Golden Idol","Darkstone Periapt","Ice Cream","Dodecahedron","Black Star","Runic Capacitor"],"potions_floor_usage":[8,8,13,13,19,19],"damage_taken":[{"damage":13,"enemies":"Jaw Worm","floor":1,"turns":4},{"damage":5,"enemies":"Small Slimes","floor":3,"turns":3},{"damage":1,"enemies":"Cultist","floor":5,"turns":4},{"damage":21,"enemies":"3 Sentries","floor":8,"turns":8},{"damage":0,"enemies":"2 Fungi Beasts","floor":11,"turns":3},{"damage":9,"enemies":"3 Louse","floor":12,"turns":4},{"damage":0,"enemies":"Gremlin Nob","floor":13,"turns":4},{"damage":3,"enemies":"Blue Slaver","floor":14,"turns":4},{"damage":46,"enemies":"Hexaghost","floor":16,"turns":11},{"damage":27,"enemies":"Shell Parasite","floor":18,"turns":6},{"damage":5,"enemies":"3 Byrds","floor":19,"turns":4},{"damage":37,"enemies":"Shelled Parasite and Fungi","floor":21,"turns":6},{"damage":8,"enemies":"Snake Plant","floor":22,"turns":1}],"seed_played":"-8084847374246685739","potions_obtained":[{"floor":3,"key":"Regen Potion"},{"floor":5,"key":"SkillPotion"},{"floor":8,"key":"PowerPotion"},{"floor":12,"key":"Fire Potion"},{"floor":13,"key":"Explosive Potion"},{"floor":18,"key":"Energy Potion"}],"is_trial":false,"path_per_floor":["M","$","M","?","M","R","?","E","T","R","M","M","E","M","R","B",null,"M","M","$","M"],"character_chosen":"DEFECT","items_purchased":["Leap","Gash","Go for the Eyes","Runic Capacitor","Consume"],"campfire_rested":0,"item_purchase_floors":[2,2,20,20,20],"current_hp_per_floor":[55,55,50,50,49,49,69,63,63,63,69,67,69,69,69,30,59,39,41,41,4,0],"gold":98,"neow_bonus":"ONE_RANDOM_RARE_CARD","is_prod":false,"is_daily":false,"chose_seed":false,"campfire_upgraded":3,"win_rate":0,"timestamp":1538161132,"path_taken":["M","$","M","?","M","R","?","E","T","R","M","M","E","M","R","BOSS","M","M","$","M","M"],"build_version":"2018-09-27","purchased_purges":0,"victory":false,"max_hp_per_floor":[75,75,75,69,69,69,69,69,69,69,69,69,69,69,69,69,69,69,69,69,69,69],"card_choices":[{"not_picked":["Redo","Chaos","Stack"],"picked":"SKIP","floor":1},{"not_picked":["Blizzard","Sweeping Beam"],"picked":"Auto Shields","floor":3},{"not_picked":["BootSequence","Stack"],"picked":"Beam Cell","floor":5},{"not_picked":["Ball Lightning","Barrage"],"picked":"Self Repair","floor":8},{"not_picked":["Turbo","Chaos"],"picked":"Core Surge","floor":11},{"not_picked":["Coolheaded","Conserve Battery"],"picked":"Double Energy","floor":12},{"not_picked":["Aggregate","Static Discharge"],"picked":"Conserve Battery","floor":13},{"not_picked":["Reinforced Body","Force Field"],"picked":"Gash","floor":14},{"not_picked":["Rainbow","Biased Cognition"],"picked":"Electrodynamics","floor":16},{"not_picked":["Turbo","Reprogram"],"picked":"Steam","floor":18},{"not_picked":["Ball Lightning","Compile Driver","Cold Snap+1"],"picked":"SKIP","floor":19},{"not_picked":["Steam Power","Beam Cell+1","Genetic Algorithm"],"picked":"SKIP","floor":21}],"player_experience":453163,"relics_obtained":[{"floor":8,"key":"Darkstone Periapt"},{"floor":9,"key":"Ice Cream"},{"floor":13,"key":"Dodecahedron"}],"event_choices":[{"event_name":"Golden Idol","player_choice":"Lose Max HP","floor":4,"damage_taken":0},{"event_name":"Big Fish","player_choice":"Banana","floor":7,"damage_taken":0}],"is_beta":false,"boss_relics":[{"not_picked":["Velvet Choker","Lizard Tail"],"picked":"Black Star"}],"items_purged_floors":[],"is_endless":false,"potions_floor_spawned":[3,5,8,12,13,18],"killed_by":"Snake Plant","ascension_level":12}