{"gold_per_floor":[109,184,6,22,36,36,66,84,109,109,109,121,121,121,121,193],"floor_reached":16,"playtime":448,"items_purged":[],"score":248,"play_id":"ee061935-5718-4f1e-9301-79f0a568e5da","local_time":"20181212172004","is_ascension_mode":true,"campfire_choices":[{"data":"Cloak And Dagger","floor":6,"key":"SMITH"},{"data":"Blade Dance","floor":11,"key":"SMITH"},{"data":"Deflect","floor":13,"key":"SMITH"},{"data":"Tactician","floor":15,"key":"SMITH"}],"neow_cost":"NONE","seed_source_timestamp":449051289719201,"circlet_count":0,"master_deck":["AscendersBane","Defend_G","Defend_G","Defend_G","Defend_G","Defend_G","Strike_G","Strike_G","Strike_G","Strike_G","Strike_G","Survivor","Neutralize","Dagger Throw","Escape Plan","Cloak And Dagger+1","Tactician+1","Slice","Blade Dance+1","Deflect+1"],"relics":["Ring of the Snake","Vajra","Oddly Smooth Stone","Anchor","Bag of Marbles"],"potions_floor_usage":[7,16,16],"damage_taken":[{"damage":1,"enemies":"Small Slimes","floor":1,"turns":4},{"damage":1,"enemies":"Cultist","floor":4,"turns":4},{"damage":0,"enemies":"2 Louse","floor":5,"turns":2},{"damage":10,"enemies":"Gremlin Nob","floor":7,"turns":4},{"damage":0,"enemies":"Red Slaver","floor":8,"turns":3},{"damage":0,"enemies":"Blue Slaver","floor":12,"turns":2},{"damage":35,"enemies":"The Guardian","floor":16,"turns":18}],"seed_played":"-106056661105824815","potions_obtained":[{"floor":5,"key":"Block Potion"},{"floor":7,"key":"SteroidPotion"},{"floor":10,"key":"Block Potion"},{"floor":16,"key":"AttackPotion"}],"is_trial":false,"path_per_floor":["M","?","$","M","M","R","E","M","T","?","R","M","R","?","R","B"],"character_chosen":"THE_SILENT","items_purchased":["Oddly Smooth Stone","Escape Plan"],"campfire_rested":0,"item_purchase_floors":[3,3],"current_hp_per_floor":[62,55,55,54,54,54,44,44,44,44,44,44,44,49,49,14],"gold":193,"neow_bonus":"RANDOM_COMMON_RELIC","is_prod":false,"is_daily":false,"chose_seed":false,"campfire_upgraded":4,"win_rate":0,"timestamp":1544631604,"path_taken":["M","?","$","?","M","R","E","M","T","?","R","?","R","?","R","BOSS"],"build_version":"2018-12-06","purchased_purges":0,"victory":false,"max_hp_per_floor":[70,70,70,70,70,70,70,70,70,70,70,70,70,75,75,75],"card_choices":[{"not_picked":["Choke","Underhanded Strike"],"picked":"Dagger Throw","floor":1},{"not_picked":["Flying Knee","Setup"],"picked":"Cloak And Dagger","floor":4},{"not_picked":["Dagger Throw","Backstab"],"picked":"Tactician","floor":5},{"not_picked":["Poisoned Stab","Underhanded Strike"],"picked":"Slice","floor":7},{"not_picked":["Underhanded Strike","Flying Knee"],"picked":"Blade Dance","floor":8},{"not_picked":["Choke","Poisoned Stab"],"picked":"Deflect","floor":12}],"player_experience":743695,"relics_obtained":[{"floor":7,"key":"Anchor"},{"floor":9,"key":"Bag of Marbles"}],"event_choices":[{"damage_healed":0,"gold_gain":75,"player_choice":"Touch","damage_taken":7,"max_hp_gain":0,"max_hp_loss":0,"event_name":"FaceTrader","floor":2,"gold_loss":0},{"damage_healed":0,"gold_gain":0,"player_choice":"Got Potions","damage_taken":0,"max_hp_gain":0,"max_hp_loss":0,"event_name":"Lab","floor":10,"gold_loss":0},{"damage_healed":0,"gold_gain":0,"player_choice":"Donut","damage_taken":0,"max_hp_gain":5,"max_hp_loss":0,"event_name":"Big Fish","floor":14,"gold_loss":0}],"is_beta":false,"boss_relics":[],"items_purged_floors":[],"is_endless":false,"potions_floor_spawned":[5,7,16],"killed_by":"The Guardian","ascension_level":13}