{"gold_per_floor":[119,129,141,141,154,188,202,202],"floor_reached":8,"playtime":720,"items_purged":[],"score":90,"play_id":"9157ad0b-fb31-45a6-9054-e3ee9a0e651f","local_time":"20181018230124","is_ascension_mode":true,"campfire_choices":[],"neow_cost":"NONE","seed_source_timestamp":694056443258595,"circlet_count":0,"master_deck":["Strike_R","Strike_R","Strike_R","Strike_R","Strike_R","Defend_R","Defend_R","Defend_R","Defend_R","Bash","AscendersBane","Body Slam","Feel No Pain","Twin Strike","Uppercut","Battle Trance"],"relics":["Burning Blood","Pen Nib"],"potions_floor_usage":[6,7,8],"damage_taken":[{"damage":13,"enemies":"Jaw Worm","floor":1,"turns":5},{"damage":4,"enemies":"2 Louse","floor":2,"turns":3},{"damage":4,"enemies":"Cultist","floor":3,"turns":5},{"damage":18,"enemies":"Gremlin Gang","floor":5,"turns":7},{"damage":58,"enemies":"Lagavulin","floor":6,"turns":8},{"damage":1,"enemies":"Looter","floor":7,"turns":2},{"damage":23,"enemies":"Exordium Wildlife","floor":8,"turns":5}],"seed_played":"3504758955762406583","potions_obtained":[{"floor":3,"key":"PowerPotion"},{"floor":6,"key":"Energy Potion"},{"floor":7,"key":"Block Potion"}],"is_trial":false,"path_per_floor":["M","M","M","?","M","E","M"],"character_chosen":"IRONCLAD","items_purchased":[],"campfire_rested":0,"item_purchase_floors":[],"current_hp_per_floor":[73,75,77,77,65,13,18,0],"gold":202,"neow_bonus":"TEN_PERCENT_HP_BONUS","is_prod":false,"is_daily":false,"chose_seed":false,"campfire_upgraded":0,"win_rate":0,"timestamp":1539928884,"path_taken":["M","M","M","?","M","E","M","M"],"build_version":"2018-10-18","purchased_purges":0,"victory":false,"max_hp_per_floor":[88,88,88,88,88,88,88,88],"card_choices":[{"not_picked":["Corruption","Flex"],"picked":"Body Slam","floor":1},{"not_picked":["Sword Boomerang","Body Slam"],"picked":"Feel No Pain","floor":2},{"not_picked":["Thunderclap","Bloodletting"],"picked":"Twin Strike","floor":3},{"not_picked":["Body Slam","Infernal Blade"],"picked":"Uppercut","floor":5},{"not_picked":["Fiend Fire","Bloodletting","Wild Strike"],"picked":"SKIP","floor":6},{"not_picked":["Fire Breathing","Twin Strike"],"picked":"Battle Trance","floor":7}],"player_experience":348607,"relics_obtained":[{"floor":6,"key":"Pen Nib"}],"event_choices":[{"damage_healed":0,"gold_gain":0,"player_choice":"Ignored","damage_taken":0,"max_hp_gain":0,"max_hp_loss":0,"event_name":"Liars Game","floor":4,"gold_loss":0}],"is_beta":false,"boss_relics":[],"items_purged_floors":[],"is_endless":false,"potions_floor_spawned":[3,6,7],"killed_by":"Exordium Wildlife","ascension_level":10}