{"gold_per_floor":[116,116,130,146,146,146,180,180,207,284,284,284,299,310,310,382,382,395,445,52,68,13,13,26,26,102,127,127,52,52],"floor_reached":30,"playtime":1000,"items_purged":["Writhe"],"score":443,"play_id":"18929a5d-5fe8-466b-a4f4-e7927e017724","local_time":"20190131234232","is_ascension_mode":true,"campfire_choices":[{"data":"Searing Blow","floor":6,"key":"SMITH"},{"data":"Searing Blow+1","floor":8,"key":"SMITH"},{"data":"Searing Blow+2","floor":12,"key":"SMITH"},{"floor":15,"key":"REST"},{"floor":23,"key":"REST"},{"data":"Searing Blow+3","floor":25,"key":"SMITH"}],"neow_cost":"NONE","seed_source_timestamp":258916727115825,"circlet_count":0,"master_deck":["AscendersBane","Strike_R","Strike_R","Strike_R","Strike_R","Strike_R","Defend_R","Defend_R","Defend_R","Defend_R","Bash","Searing Blow+4","Infernal Blade","Bloodletting","Havoc","Parasite","Sentinel","Shrug It Off","Immolate","Headbutt","Seeing Red","Anger+1","Metallicize"],"relics":["White Beast Statue","Regal Pillow","Ornamental Fan","Oddly Smooth Stone","Cursed Key","Brimstone","Lantern","Mummified Hand","Dream Catcher","MutagenicStrength"],"potions_floor_usage":[14,16,16,18,21,24,27,27,30],"damage_taken":[{"damage":2,"enemies":"2 Louse","floor":1,"turns":3},{"damage":0,"enemies":"Small Slimes","floor":3,"turns":3},{"damage":1,"enemies":"Cultist","floor":4,"turns":3},{"damage":38,"enemies":"Gremlin Nob","floor":7,"turns":4},{"damage":9,"enemies":"2 Fungi Beasts","floor":13,"turns":3},{"damage":0,"enemies":"3 Louse","floor":14,"turns":2},{"damage":49,"enemies":"The Guardian","floor":16,"turns":13},{"damage":26,"enemies":"Shell Parasite","floor":18,"turns":6},{"damage":10,"enemies":"Spheric Guardian","floor":21,"turns":3},{"damage":16,"enemies":"Snecko","floor":24,"turns":3},{"damage":35,"enemies":"Gremlin Leader","floor":27,"turns":4},{"damage":18,"enemies":"Snake Plant","floor":30,"turns":1}],"seed_played":"-822961933722035041","potions_obtained":[{"floor":1,"key":"GamblersBrew"},{"floor":3,"key":"Explosive Potion"},{"floor":4,"key":"SneckoOil"},{"floor":14,"key":"GamblersBrew"},{"floor":16,"key":"AttackPotion"},{"floor":18,"key":"Poison Potion"},{"floor":21,"key":"AttackPotion"},{"floor":24,"key":"Fire Potion"},{"floor":27,"key":"Ancient Potion"}],"is_trial":false,"path_per_floor":["M","?","M","M","?","R","E","R","T","?","?","R","M","M","R","B",null,"M","?","$","M","$","R","M","R","T","E","?","$","M"],"character_chosen":"IRONCLAD","items_purchased":["Brimstone","Lantern","Explosive Potion"],"campfire_rested":2,"item_purchase_floors":[20,20,22],"current_hp_per_floor":[66,61,61,60,60,60,22,22,22,22,40,40,31,31,68,19,61,35,35,35,25,25,62,46,46,46,11,11,11,0],"gold":52,"neow_bonus":"BOSS_RELIC","is_prod":false,"is_daily":false,"chose_seed":false,"campfire_upgraded":4,"win_rate":0,"timestamp":1549006952,"path_taken":["M","?","M","M","?","R","E","R","T","?","?","R","M","M","R","BOSS","M","?","?","M","$","R","M","R","T","E","?","$","M"],"build_version":"2019-01-23","purchased_purges":1,"victory":false,"max_hp_per_floor":[75,75,75,75,75,75,75,75,75,75,75,75,75,75,75,75,75,75,75,75,75,75,75,75,75,75,75,75,75,75],"card_choices":[{"not_picked":["Armaments","Cleave"],"picked":"Searing Blow","floor":1},{"not_picked":["Headbutt","Sever Soul"],"picked":"Infernal Blade","floor":3},{"not_picked":["Wild Strike","Clash"],"picked":"Bloodletting","floor":4},{"not_picked":["True Grit","Armaments"],"picked":"Havoc","floor":7},{"not_picked":["Blood for Blood","True Grit"],"picked":"Sentinel","floor":13},{"not_picked":["Twin Strike","Bloodletting"],"picked":"Shrug It Off","floor":14},{"not_picked":["Demon Form","Dark Embrace"],"picked":"Immolate","floor":16},{"not_picked":["Armaments","Anger"],"picked":"Headbutt","floor":18},{"not_picked":["Corruption","True Grit"],"picked":"Seeing Red","floor":21},{"not_picked":["Rampage","Clothesline"],"picked":"Anger+1","floor":24},{"not_picked":["Carnage","Body Slam"],"picked":"Metallicize","floor":27}],"player_experience":514564,"relics_obtained":[{"floor":7,"key":"Ornamental Fan"},{"floor":9,"key":"Oddly Smooth Stone"},{"floor":26,"key":"Mummified Hand"},{"floor":27,"key":"Dream Catcher"}],"event_choices":[{"damage_healed":0,"gold_gain":0,"player_choice":"Success","damage_taken":5,"relics_obtained":["Regal Pillow"],"max_hp_gain":0,"max_hp_loss":0,"event_name":"Scrap Ooze","floor":2,"gold_loss":0},{"damage_healed":0,"gold_gain":0,"player_choice":"Leave","damage_taken":0,"max_hp_gain":0,"max_hp_loss":0,"event_name":"The Cleric","floor":5,"gold_loss":0},{"damage_healed":0,"gold_gain":77,"player_choice":"Gained Gold","damage_taken":0,"max_hp_gain":0,"max_hp_loss":0,"event_name":"Golden Wing","floor":10,"gold_loss":0},{"damage_healed":18,"gold_gain":0,"player_choice":"Healed and dodged fight","damage_taken":0,"max_hp_gain":0,"max_hp_loss":0,"event_name":"Mushrooms","floor":11,"gold_loss":0,"cards_obtained":["Parasite"]},{"damage_healed":0,"gold_gain":50,"player_choice":"Pray","damage_taken":0,"max_hp_gain":0,"max_hp_loss":0,"event_name":"Golden Shrine","floor":19,"gold_loss":0},{"damage_healed":0,"gold_gain":0,"player_choice":"Inject Mutagens","damage_taken":0,"relics_obtained":["MutagenicStrength"],"max_hp_gain":0,"max_hp_loss":0,"event_name":"Drug Dealer","floor":28,"gold_loss":0}],"is_beta":false,"boss_relics":[{"not_picked":["Eternal Feather","Black Star"],"picked":"Cursed Key"}],"items_purged_floors":[29],"is_endless":false,"potions_floor_spawned":[1,3,4,7,13,14,16,18,21,24,27],"killed_by":"Snake Plant","ascension_level":16}