{"gold_per_floor":[110,126,139,314,146,146,179,179,179,179,179],"floor_reached":11,"playtime":316,"items_purged":["Strike_R"],"score":75,"play_id":"d3d5aaac-8532-4052-9561-2c44e357161d","local_time":"20190226160254","is_ascension_mode":true,"campfire_choices":[{"floor":6,"key":"REST"}],"neow_cost":"NONE","seed_source_timestamp":357096308231415,"circlet_count":0,"master_deck":["Strike_R","Strike_R","Strike_R","Strike_R","Defend_R","Defend_R","Defend_R","Bash","Pommel Strike","Doubt","Madness","Injury","Infernal Blade"],"relics":["Burning Blood","NeowsBlessing","Calipers","Golden Idol","StoneCalendar"],"potions_floor_usage":[],"damage_taken":[{"damage":0,"enemies":"Cultist","floor":1,"turns":1},{"damage":0,"enemies":"2 Louse","floor":2,"turns":1},{"damage":0,"enemies":"Jaw Worm","floor":3,"turns":1},{"damage":75,"enemies":"3 Sentries","floor":7,"turns":14},{"damage":18,"enemies":"Lagavulin","floor":11,"turns":2}],"seed_played":"3521060685114750207","potions_obtained":[{"floor":1,"key":"Dexterity Potion"},{"floor":2,"key":"Block Potion"},{"floor":7,"key":"Poison Potion"}],"is_trial":false,"path_per_floor":["M","M","M","?","$","R","E","?","T","?","E"],"character_chosen":"IRONCLAD","items_purchased":["Madness"],"campfire_rested":1,"item_purchase_floors":[5],"current_hp_per_floor":[80,80,80,80,80,80,11,11,11,11,0],"gold":179,"neow_bonus":"THREE_ENEMY_KILL","is_prod":false,"is_daily":false,"chose_seed":false,"campfire_upgraded":0,"win_rate":0,"timestamp":1551168174,"path_taken":["M","?","M","?","$","R","E","?","T","?","E"],"build_version":"2019-01-23","purchased_purges":1,"victory":false,"max_hp_per_floor":[80,80,80,80,80,80,80,80,80,80,80],"card_choices":[{"not_picked":["Thunderclap","Rampage","True Grit"],"picked":"SKIP","floor":1},{"not_picked":["Metallicize","Havoc"],"picked":"Pommel Strike","floor":2},{"not_picked":["Thunderclap","Sword Boomerang","Shrug It Off"],"picked":"SKIP","floor":3},{"not_picked":["Iron Wave","Rupture","Sword Boomerang"],"picked":"SKIP","floor":7}],"player_experience":87021,"relics_obtained":[{"floor":7,"key":"Calipers"},{"floor":9,"key":"StoneCalendar"}],"event_choices":[{"damage_healed":0,"gold_gain":175,"player_choice":"AGREE","damage_taken":0,"max_hp_gain":0,"max_hp_loss":0,"event_name":"Liars Game","floor":4,"gold_loss":0,"cards_obtained":["Doubt"]},{"damage_healed":0,"gold_gain":0,"player_choice":"Take Wound","damage_taken":0,"relics_obtained":["Golden Idol"],"max_hp_gain":0,"max_hp_loss":0,"event_name":"Golden Idol","floor":8,"gold_loss":0,"cards_obtained":["Injury"]},{"damage_healed":0,"gold_gain":0,"cards_transformed":["Defend_R"],"player_choice":"Transformed","damage_taken":0,"max_hp_gain":0,"max_hp_loss":0,"event_name":"Transmorgrifier","floor":10,"gold_loss":0,"cards_obtained":["Infernal Blade"]}],"is_beta":false,"boss_relics":[],"items_purged_floors":[5],"is_endless":false,"potions_floor_spawned":[1,2,7],"killed_by":"Lagavulin","ascension_level":1}