{"gold_per_floor":[10,185,185,185,201,201,90,90,139,158,158,158,193,218,218,309,309,334,10,10,10,10,10,10,50,50,3,3,34,48,48,48,144,207,227,560,660,157,167,167,185,211,237,251,251,251,251,351,351,351],"floor_reached":51,"playtime":2868,"items_purged":["Strike_B","Strike_B"],"score":1256,"play_id":"1ce232f6-2620-4fdb-ad9b-491178e19dea","local_time":"20190226031831","is_ascension_mode":true,"campfire_choices":[{"data":"Zap","floor":6,"key":"SMITH"},{"data":"Hologram","floor":8,"key":"SMITH"},{"data":"Go for the Eyes","floor":11,"key":"SMITH"},{"floor":15,"key":"REST"},{"floor":23,"key":"REST"},{"floor":28,"key":"REST"},{"floor":32,"key":"REST"},{"data":"Fission","floor":40,"key":"SMITH"},{"floor":45,"key":"REST"},{"data":"Creative AI","floor":47,"key":"SMITH"},{"data":"Buffer","floor":49,"key":"SMITH"}],"neow_cost":"NO_GOLD","seed_source_timestamp":822973626542926,"circlet_count":0,"master_deck":["AscendersBane","Strike_B","Defend_B+1","Defend_B+1","Zap+1","Dualcast","Amplify","Streamline","Go for the Eyes+1","Hologram+1","Loop","Ball Lightning","Genetic Algorithm","All For One","Buffer+1","Loop+1","Self Repair","RitualDagger","Recycle+1","Melter+1","Leap","Cold Snap","Glacier","Creative AI+1","Fission+1","Stack+1","Gash","Blizzard+1","Conserve Battery+1","Loop+1"],"relics":["Cracked Core","PreservedInsect","Orichalcum","War Paint","Inserter","Gremlin Horn","Dream Catcher","Torii","Regal Pillow","Sundial","Tiny House","Mango","Pen Nib","Symbiotic Virus","DataDisk","Ancient Tea Set"],"potions_floor_usage":[16,22,29,33,33,39,50,50],"damage_taken":[{"damage":12,"enemies":"Jaw Worm","floor":1,"turns":3},{"damage":0,"enemies":"Small Slimes","floor":5,"turns":2},{"damage":3,"enemies":"2 Louse","floor":10,"turns":2},{"damage":20,"enemies":"3 Sentries","floor":13,"turns":6},{"damage":5,"enemies":"Blue Slaver","floor":14,"turns":3},{"damage":20,"enemies":"Slime Boss","floor":16,"turns":9},{"damage":6,"enemies":"Chosen","floor":18,"turns":6},{"damage":18,"enemies":"Colosseum Slavers","floor":22,"turns":6},{"damage":45,"enemies":"Book of Stabbing","floor":25,"turns":5},{"damage":35,"enemies":"Gremlin Leader","floor":29,"turns":9},{"damage":6,"enemies":"Shell Parasite","floor":30,"turns":6},{"damage":33,"enemies":"Champ","floor":33,"turns":15},{"damage":14,"enemies":"3 Shapes","floor":35,"turns":10},{"damage":0,"enemies":"Mind Bloom Boss Battle","floor":37,"turns":9},{"damage":0,"enemies":"Orb Walker","floor":39,"turns":7},{"damage":11,"enemies":"Maw","floor":41,"turns":12},{"damage":30,"enemies":"Nemesis","floor":42,"turns":7},{"damage":47,"enemies":"Writhing Mass","floor":44,"turns":8},{"damage":29,"enemies":"Time Eater","floor":50,"turns":19}],"seed_played":"-6167016180218159113","potions_obtained":[{"floor":10,"key":"Explosive Potion"},{"floor":13,"key":"Swift Potion"},{"floor":16,"key":"FearPotion"},{"floor":29,"key":"AttackPotion"},{"floor":30,"key":"Swift Potion"},{"floor":33,"key":"Explosive Potion"},{"floor":34,"key":"EssenceOfSteel"},{"floor":39,"key":"Dexterity Potion"}],"is_trial":false,"path_per_floor":["M","?","?","?","M","R","$","R","T","M","R","?","E","M","R","B",null,"M","$","?","?","?","R","$","E","T","$","R","E","M","?","R","B",null,"M","?","?","$","M","R","M","E","T","M","R","?","R","?","R","B",null],"character_chosen":"DEFECT","items_purchased":["Loop","Gremlin Horn","Self Repair","Leap","Pen Nib","Symbiotic Virus"],"campfire_rested":5,"item_purchase_floors":[7,19,19,27,38,38],"current_hp_per_floor":[52,52,34,57,57,57,57,57,57,54,54,37,17,12,33,13,57,51,51,45,45,34,55,55,17,17,17,53,25,26,26,62,29,66,66,66,87,87,90,90,86,63,63,23,65,65,65,65,65,43],"gold":351,"neow_bonus":"TRANSFORM_TWO_CARDS","is_prod":false,"is_daily":false,"chose_seed":false,"campfire_upgraded":6,"win_rate":0,"timestamp":1551147511,"path_taken":["M","?","?","?","M","R","?","R","T","?","R","?","E","M","R","BOSS","M","$","?","?","?","R","$","E","T","$","R","E","M","?","R","BOSS","M","?","?","?","M","R","?","E","T","M","R","?","R","?","R","BOSS"],"build_version":"2019-01-23","purchased_purges":2,"victory":true,"max_hp_per_floor":[71,71,71,71,71,71,71,71,71,71,71,71,71,71,71,71,71,71,71,71,71,71,71,71,71,71,71,71,71,71,71,71,71,76,76,76,90,90,90,90,90,90,90,90,90,90,90,90,90,90],"card_choices":[{"not_picked":["Turbo","Leap"],"picked":"Go for the Eyes","floor":1},{"not_picked":["Compile Driver","Rip and Tear"],"picked":"Hologram","floor":5},{"not_picked":["Steam","Conserve Battery"],"picked":"Ball Lightning","floor":10},{"not_picked":["Redo","Aggregate"],"picked":"Genetic Algorithm","floor":13},{"not_picked":["Double Energy","Storm"],"picked":"All For One","floor":14},{"not_picked":["Rainbow","Machine Learning"],"picked":"Buffer","floor":16},{"not_picked":["Force Field","Rebound"],"picked":"Loop","floor":18},{"not_picked":["Melter","Hello World"],"picked":"Recycle+1","floor":23},{"not_picked":["Turbo","Static Discharge"],"picked":"Melter+1","floor":25},{"not_picked":["Double Energy+1","Go for the Eyes"],"picked":"Cold Snap","floor":28},{"not_picked":["Sweeping Beam","White Noise+1"],"picked":"Glacier","floor":29},{"not_picked":["Aggregate","Compile Driver","Double Energy"],"picked":"SKIP","floor":30},{"not_picked":["Loop","Undo"],"picked":"Creative AI","floor":32},{"not_picked":["Rainbow","Seek"],"picked":"Fission","floor":33},{"not_picked":["Tempest+1","Genetic Algorithm+1"],"picked":"Stack+1","floor":35},{"not_picked":["Coolheaded","Streamline"],"picked":"Gash","floor":37},{"not_picked":["Beam Cell","Compile Driver+1"],"picked":"Blizzard+1","floor":39},{"not_picked":["Redo","Darkness+1"],"picked":"Conserve Battery+1","floor":41},{"not_picked":["Rip and Tear","Double Energy"],"picked":"Loop+1","floor":42},{"not_picked":["Turbo","Compile Driver","Hologram"],"picked":"SKIP","floor":44}],"player_experience":464326,"relics_obtained":[{"floor":9,"key":"Orichalcum"},{"floor":13,"key":"War Paint"},{"floor":25,"key":"Torii"},{"floor":26,"key":"Regal Pillow"},{"floor":29,"key":"Sundial"},{"floor":37,"key":"Mango"},{"floor":42,"key":"DataDisk"},{"floor":43,"key":"Ancient Tea Set"}],"event_choices":[{"damage_healed":0,"gold_gain":175,"player_choice":"AGREE","damage_taken":0,"max_hp_gain":0,"max_hp_loss":0,"event_name":"Liars Game","floor":2,"gold_loss":0,"cards_obtained":["Doubt"]},{"damage_healed":0,"gold_gain":0,"player_choice":"Success","damage_taken":18,"relics_obtained":["PreservedInsect"],"max_hp_gain":0,"max_hp_loss":0,"event_name":"Scrap Ooze","floor":3,"gold_loss":0},{"damage_healed":23,"gold_gain":0,"player_choice":"Banana","damage_taken":0,"max_hp_gain":0,"max_hp_loss":0,"event_name":"Big Fish","floor":4,"gold_loss":0},{"damage_healed":0,"gold_gain":0,"player_choice":"Take Damage","damage_taken":17,"relics_obtained":["Golden Idol"],"max_hp_gain":0,"max_hp_loss":0,"event_name":"Golden Idol","floor":12,"gold_loss":0},{"damage_healed":0,"gold_gain":0,"player_choice":"Joined the Cult","damage_taken":6,"max_hp_gain":0,"max_hp_loss":0,"event_name":"Nest","floor":20,"gold_loss":0,"cards_obtained":["RitualDagger"]},{"damage_healed":0,"gold_gain":0,"player_choice":"Opened","damage_taken":0,"relics_obtained":["Dream Catcher"],"max_hp_gain":0,"max_hp_loss":0,"event_name":"The Mausoleum","floor":21,"gold_loss":0},{"damage_healed":0,"gold_gain":0,"player_choice":"Fight","damage_taken":0,"max_hp_gain":0,"max_hp_loss":0,"event_name":"Colosseum","floor":22,"gold_loss":0},{"damage_healed":0,"gold_gain":0,"player_choice":"Fled From Nobs","damage_taken":0,"max_hp_gain":0,"max_hp_loss":0,"event_name":"Colosseum","floor":22,"gold_loss":0},{"cards_removed":["Doubt"],"damage_healed":0,"gold_gain":0,"player_choice":"Elegance","damage_taken":0,"max_hp_gain":0,"max_hp_loss":0,"event_name":"Back to Basics","floor":31,"gold_loss":0},{"damage_healed":0,"gold_gain":333,"player_choice":"Gave Idol","damage_taken":0,"max_hp_gain":0,"max_hp_loss":0,"event_name":"The Moai Head","floor":36,"relics_lost":["Golden Idol"],"gold_loss":0},{"damage_healed":0,"gold_gain":0,"player_choice":"Fight","damage_taken":0,"max_hp_gain":0,"max_hp_loss":0,"event_name":"MindBloom","floor":37,"gold_loss":0},{"cards_removed":["Defend_B"],"damage_healed":0,"gold_gain":0,"player_choice":"Removed Skill","damage_taken":0,"max_hp_gain":0,"max_hp_loss":0,"event_name":"Falling","floor":46,"gold_loss":0},{"damage_healed":0,"gold_gain":100,"player_choice":"Pray","damage_taken":0,"max_hp_gain":0,"max_hp_loss":0,"event_name":"Golden Shrine","floor":48,"gold_loss":0}],"is_beta":false,"boss_relics":[{"not_picked":["Busted Crown","Runic Dome"],"picked":"Inserter"},{"not_picked":["Runic Pyramid","Velvet Choker"],"picked":"Tiny House"}],"items_purged_floors":[7,38],"is_endless":false,"potions_floor_spawned":[10,13,16,29,30,33,35,39,44],"ascension_level":14}