{"gold_per_floor":[110,122,122,47,61,102,102,14,40,40,60,60,60,78,78,174,174,197,216,131,181,181,181,197,212,212,212],"floor_reached":27,"playtime":868,"items_purged":[],"score":383,"play_id":"1da13858-2534-4070-945c-7a80c3251004","local_time":"20190226182231","is_ascension_mode":true,"campfire_choices":[{"floor":7,"key":"REST"},{"floor":10,"key":"REST"},{"data":"Rupture","floor":12,"key":"SMITH"},{"data":"Body Slam","floor":15,"key":"SMITH"},{"data":"Exhume","floor":23,"key":"SMITH"}],"neow_cost":"NONE","seed_source_timestamp":60328584799900,"circlet_count":0,"master_deck":["AscendersBane","Strike_R","Strike_R","Strike_R","Strike_R","Defend_R","Defend_R","Defend_R","Defend_R","Bash","Fiend Fire","Flame Barrier","Bloodletting","Body Slam+1","Flame Barrier","Feel No Pain","Rupture+1","Exhume+1","Cleave+1","Iron Wave","J.A.X.","Infernal Blade","Sentinel+1"],"relics":["Burning Blood","Golden Idol","Bronze Scales","Bag of Preparation","Mark of Pain","Anchor","Self Forming Clay"],"potions_floor_usage":[16,25,27],"damage_taken":[{"damage":1,"enemies":"Cultist","floor":1,"turns":3},{"damage":20,"enemies":"Small Slimes","floor":2,"turns":4},{"damage":12,"enemies":"Jaw Worm","floor":5,"turns":2},{"damage":50,"enemies":"3 Sentries","floor":6,"turns":15},{"damage":0,"enemies":"2 Fungi Beasts","floor":11,"turns":3},{"damage":9,"enemies":"Exordium Wildlife","floor":14,"turns":4},{"damage":36,"enemies":"Hexaghost","floor":16,"turns":9},{"damage":6,"enemies":"Chosen","floor":18,"turns":4},{"damage":10,"enemies":"Spheric Guardian","floor":19,"turns":5},{"damage":24,"enemies":"Snake Plant","floor":24,"turns":4},{"damage":13,"enemies":"Cultist and Chosen","floor":25,"turns":7},{"damage":29,"enemies":"3 Cultists","floor":27,"turns":4}],"seed_played":"1500167237002719442","potions_obtained":[{"floor":2,"key":"LiquidBronze"},{"floor":6,"key":"Fire Potion"},{"floor":16,"key":"SkillPotion"},{"floor":24,"key":"LiquidBronze"},{"floor":25,"key":"Weak Potion"}],"is_trial":false,"path_per_floor":["M","M","?","?","M","E","R","$","T","R","M","R","$","M","R","B",null,"M","M","?","?","?","R","M","M","T","M"],"character_chosen":"IRONCLAD","items_purchased":["Feel No Pain"],"campfire_rested":2,"item_purchase_floors":[8],"current_hp_per_floor":[73,59,59,59,53,9,29,29,29,49,55,55,55,52,52,22,57,57,53,53,53,53,53,35,28,28,0],"gold":212,"neow_bonus":"ONE_RANDOM_RARE_CARD","is_prod":false,"is_daily":false,"chose_seed":false,"campfire_upgraded":3,"win_rate":0,"timestamp":1551223351,"path_taken":["M","?","?","?","M","E","R","?","T","R","M","R","$","M","R","BOSS","M","M","?","?","?","R","M","?","T","M"],"build_version":"2019-02-06","purchased_purges":0,"victory":false,"max_hp_per_floor":[75,75,68,68,68,68,68,68,68,68,68,68,68,68,68,68,68,68,68,68,68,68,68,68,68,68,68],"card_choices":[{"not_picked":["Warcry","Iron Wave"],"picked":"Flame Barrier","floor":1},{"not_picked":["Headbutt","Rage"],"picked":"Bloodletting","floor":2},{"not_picked":["Sentinel","Fire Breathing"],"picked":"Body Slam","floor":5},{"not_picked":["Pommel Strike","Impervious"],"picked":"Flame Barrier","floor":6},{"not_picked":["Shrug It Off","Reckless Charge"],"picked":"Rupture","floor":11},{"not_picked":["Clash","True Grit","Perfected Strike"],"picked":"SKIP","floor":14},{"not_picked":["Berserk","Bludgeon"],"picked":"Exhume","floor":16},{"not_picked":["Anger","Pommel Strike"],"picked":"Cleave+1","floor":18},{"not_picked":["Wild Strike+1","Carnage"],"picked":"Iron Wave","floor":19},{"not_picked":["Bloodletting","Dual Wield"],"picked":"Infernal Blade","floor":24},{"not_picked":["Cleave","Thunderclap"],"picked":"Sentinel+1","floor":25}],"player_experience":613618,"relics_obtained":[{"floor":6,"key":"Bronze Scales"},{"floor":9,"key":"Bag of Preparation"},{"floor":26,"key":"Self Forming Clay"}],"event_choices":[{"damage_healed":0,"gold_gain":0,"player_choice":"Lose Max HP","damage_taken":0,"relics_obtained":["Golden Idol"],"max_hp_gain":0,"max_hp_loss":7,"event_name":"Golden Idol","floor":3,"gold_loss":0},{"cards_removed":["Strike_R"],"damage_healed":0,"gold_gain":0,"player_choice":"Card Removal","damage_taken":0,"max_hp_gain":0,"max_hp_loss":0,"event_name":"The Cleric","floor":4,"gold_loss":75},{"damage_healed":0,"gold_gain":0,"player_choice":"Obtained Relic","damage_taken":0,"relics_obtained":["Anchor"],"max_hp_gain":0,"max_hp_loss":0,"event_name":"Addict","floor":20,"gold_loss":85},{"damage_healed":0,"gold_gain":50,"player_choice":"Stole From Cult","damage_taken":0,"max_hp_gain":0,"max_hp_loss":0,"event_name":"Nest","floor":21,"gold_loss":0},{"damage_healed":0,"gold_gain":0,"player_choice":"Obtain J.A.X.","damage_taken":0,"max_hp_gain":0,"max_hp_loss":0,"event_name":"Drug Dealer","floor":22,"gold_loss":0,"cards_obtained":["J.A.X."]}],"is_beta":true,"boss_relics":[{"not_picked":["Black Star","Lizard Tail"],"picked":"Mark of Pain"}],"items_purged_floors":[],"is_endless":false,"potions_floor_spawned":[2,6,16,19,24,25],"killed_by":"3 Cultists","ascension_level":16}