{"gold_per_floor":[117,129,129,142,153,153,166,183,234,234,88,120,137,168,168,242,242,258,13,13,13,13,13,25,42,42,76,89,89,108,58,58,136,136,150,150,225,175,193,193,205,205,205,216,229,240,1,1,1,1],"floor_reached":51,"playtime":2575,"items_purged":["Strike_R","Strike_R","Strike_R+1","Barricade","Shame"],"score":1208,"play_id":"6ce0608f-07c6-416f-b553-5857f0e88343","local_time":"20181016144029","is_ascension_mode":true,"campfire_choices":[{"data":"Rampage","floor":6,"key":"SMITH"},{"data":"True Grit","floor":10,"key":"SMITH"},{"data":"Uppercut","floor":15,"key":"SMITH"},{"data":"True Grit","floor":23,"key":"SMITH"},{"floor":29,"key":"REST"},{"floor":32,"key":"REST"},{"floor":40,"key":"REST"},{"data":"Immolate","floor":42,"key":"SMITH"},{"floor":49,"key":"REST"}],"neow_cost":"NONE","seed_source_timestamp":525452695705243,"circlet_count":0,"master_deck":["Defend_R","Defend_R","Bash+1","AscendersBane","True Grit+1","Rampage+1","True Grit+1","Uppercut+1","Immolate+1","Intimidate+1","Evolve+1","Sword Boomerang+1","Calculated Gamble+1","Bandage Up+1","Prepared+1","Secret Weapon+1","Terror+1","Power Through+1","Skim+1","Power Through+1"],"relics":["Burning Blood","Orichalcum","PreservedInsect","Smiling Mask","Toxic Egg 2","Astrolabe","PrismaticShard","Blood Vial","Mummified Hand","Calipers","Cursed Key","FossilizedHelix","Happy Flower"],"potions_floor_usage":[5,13,14,16,25,28,33,50,50],"damage_taken":[{"damage":0,"enemies":"2 Louse","floor":1,"turns":3},{"damage":2,"enemies":"Jaw Worm","floor":2,"turns":5},{"damage":0,"enemies":"Cultist","floor":4,"turns":4},{"damage":10,"enemies":"Gremlin Gang","floor":5,"turns":5},{"damage":9,"enemies":"Looter","floor":7,"turns":3},{"damage":14,"enemies":"Blue Slaver","floor":8,"turns":5},{"damage":0,"enemies":"Gremlin Nob","floor":12,"turns":3},{"damage":1,"enemies":"Gremlin Gang","floor":13,"turns":5},{"damage":15,"enemies":"3 Sentries","floor":14,"turns":6},{"damage":43,"enemies":"Hexaghost","floor":16,"turns":12},{"damage":2,"enemies":"Chosen","floor":18,"turns":4},{"damage":30,"enemies":"2 Thieves","floor":24,"turns":4},{"damage":21,"enemies":"Snecko","floor":25,"turns":6},{"damage":36,"enemies":"Slavers","floor":27,"turns":4},{"damage":3,"enemies":"3 Cultists","floor":28,"turns":3},{"damage":21,"enemies":"Snake Plant","floor":30,"turns":4},{"damage":64,"enemies":"Collector","floor":33,"turns":9},{"damage":14,"enemies":"3 Shapes","floor":35,"turns":4},{"damage":10,"enemies":"Orb Walker","floor":39,"turns":4},{"damage":21,"enemies":"Reptomancer","floor":41,"turns":5},{"damage":21,"enemies":"3 Darklings","floor":44,"turns":4},{"damage":13,"enemies":"4 Shapes","floor":45,"turns":7},{"damage":0,"enemies":"Maw","floor":46,"turns":7},{"damage":25,"enemies":"Time Eater","floor":50,"turns":11}],"seed_played":"6524732058678885575","potions_obtained":[{"floor":1,"key":"Strength Potion"},{"floor":5,"key":"LiquidBronze"},{"floor":12,"key":"Fire Potion"},{"floor":14,"key":"EssenceOfSteel"},{"floor":24,"key":"Regen Potion"},{"floor":27,"key":"Explosive Potion"},{"floor":28,"key":"SpeedPotion"},{"floor":35,"key":"LiquidBronze"},{"floor":44,"key":"PowerPotion"}],"is_trial":false,"path_per_floor":["M","M","?","M","M","R","M","M","T","R","$","E","M","E","R","B",null,"M","$","?","?","?","R","M","M","T","E","M","R","M","$","R","B",null,"M","?","?","$","M","R","M","R","T","M","M","M","$","?","R","B"],"character_chosen":"IRONCLAD","items_purchased":["Uppercut","PrismaticShard","Power Through+1","Happy Flower"],"campfire_rested":4,"item_purchase_floors":[11,19,47,47],"current_hp_per_floor":[74,75,60,66,62,62,59,51,51,51,51,57,62,53,53,16,60,64,64,64,64,64,64,42,44,44,16,21,43,36,36,58,8,58,58,58,51,51,55,75,60,60,60,53,54,68,68,68,75,56],"gold":1,"neow_bonus":"RANDOM_COMMON_RELIC","is_prod":false,"is_daily":false,"chose_seed":false,"campfire_upgraded":5,"win_rate":0,"timestamp":1539693629,"path_taken":["M","M","?","?","M","R","M","?","T","R","$","E","M","E","R","BOSS","M","$","?","?","?","R","M","M","T","E","M","R","?","$","R","BOSS","M","?","?","?","M","R","M","R","T","?","M","M","$","?","R","BOSS"],"build_version":"2018-10-11","purchased_purges":5,"victory":true,"max_hp_per_floor":[75,75,75,75,75,75,75,75,75,75,75,75,75,75,75,75,75,75,75,75,75,75,75,75,75,75,75,75,75,75,75,75,75,75,75,75,75,75,75,75,75,75,75,75,75,75,75,75,75,75],"card_choices":[{"not_picked":["Corruption","Sword Boomerang"],"picked":"True Grit","floor":1},{"not_picked":["Rage","True Grit"],"picked":"Rampage","floor":2},{"not_picked":["Entrench","Warcry","Anger"],"picked":"SKIP","floor":4},{"not_picked":["Flex","Heavy Blade","Spot Weakness"],"picked":"SKIP","floor":5},{"not_picked":["Flex","Wild Strike","Infernal Blade"],"picked":"SKIP","floor":7},{"not_picked":["Exhume","Body Slam"],"picked":"True Grit","floor":8},{"not_picked":["Heavy Blade","Entrench","Power Through"],"picked":"SKIP","floor":12},{"not_picked":["Wild Strike","Clothesline","Cleave"],"picked":"SKIP","floor":13},{"not_picked":["Flex","Twin Strike"],"picked":"Immolate","floor":14},{"not_picked":["Exhume+1","Juggernaut"],"picked":"Barricade","floor":16},{"not_picked":["Anger+1","Perfected Strike+1","Twin Strike+1"],"picked":"SKIP","floor":18},{"not_picked":["Shockwave+1","Distraction+1","Whirlwind"],"picked":"SKIP","floor":24},{"not_picked":["Dagger Throw","Sucker Punch"],"picked":"Calculated Gamble+1","floor":25},{"not_picked":["Clash+1","Immolate","Searing Blow"],"picked":"SKIP","floor":27},{"not_picked":["Doom and Gloom","PiercingWail+1"],"picked":"Bandage Up+1","floor":28},{"not_picked":["Blind+1","Gash"],"picked":"Prepared+1","floor":30},{"not_picked":["Demon Form","A Thousand Cuts"],"picked":"Secret Weapon+1","floor":33},{"not_picked":["Sword Boomerang","Barrage","Swift Strike"],"picked":"SKIP","floor":35},{"not_picked":["Ball Lightning","Cold Snap+1"],"picked":"Terror+1","floor":39},{"not_picked":["Perfected Strike+1","Bane","Coolheaded+1"],"picked":"SKIP","floor":41},{"not_picked":["Quick Slash","Heel Hook","Ball Lightning"],"picked":"SKIP","floor":44},{"not_picked":["Dagger Throw","Dual Wield+1"],"picked":"Power Through+1","floor":45},{"not_picked":["Rupture","Dark Shackles+1"],"picked":"Skim+1","floor":46}],"player_experience":521795,"relics_obtained":[{"floor":9,"key":"PreservedInsect"},{"floor":12,"key":"Smiling Mask"},{"floor":14,"key":"Toxic Egg 2"},{"floor":26,"key":"Mummified Hand"},{"floor":27,"key":"Calipers"},{"floor":43,"key":"FossilizedHelix"}],"event_choices":[{"event_name":"Shining Light","player_choice":"Entered Light","floor":3,"damage_taken":0},{"event_name":"Addict","player_choice":"Stole Relic","floor":20,"damage_taken":0},{"event_name":"Fountain of Cleansing","player_choice":"Removed Curse","floor":21,"damage_taken":0},{"event_name":"Bonfire Elementals","player_choice":"BASIC","floor":22,"damage_taken":0},{"event_name":"Tomb of Lord Red Mask","player_choice":"Ignored","floor":36,"damage_taken":0},{"event_name":"FaceTrader","player_choice":"Touch","floor":37,"damage_taken":0},{"event_name":"Mysterious Sphere","player_choice":"Ignore","floor":48,"damage_taken":0}],"is_beta":false,"boss_relics":[{"not_picked":["Runic Dome","Lizard Tail"],"picked":"Astrolabe"},{"not_picked":["Tiny House","Black Star"],"picked":"Cursed Key"}],"items_purged_floors":[11,19,31,38,47],"is_endless":false,"potions_floor_spawned":[1,5,12,14,24,27,28,35,44,45],"ascension_level":14}