{"gold_per_floor":[112,127,202,214,51,83,83,115,184,184],"floor_reached":10,"playtime":547,"items_purged":[],"score":129,"play_id":"477192c3-40d6-401b-b33c-e922966692f6","local_time":"20190130210443","is_ascension_mode":true,"campfire_choices":[],"neow_cost":"NONE","seed_source_timestamp":25731980381555,"circlet_count":0,"master_deck":["AscendersBane","Strike_R","Strike_R","Strike_R","Strike_R","Strike_R","Defend_R","Defend_R","Defend_R","Defend_R","Bash","Shrug It Off","Spot Weakness","Carnage","Feed","Parasite"],"special_seed":0,"relics":["Burning Blood","WingedGreaves","Strawberry","Letter Opener"],"potions_floor_usage":[],"damage_taken":[{"damage":7.0,"enemies":"Small Slimes","floor":1.0,"turns":4.0},{"damage":0.0,"enemies":"2 Louse","floor":2.0,"turns":2.0},{"damage":2.0,"enemies":"Jaw Worm","floor":4.0,"turns":4.0},{"damage":39.0,"enemies":"Lagavulin","floor":6.0,"turns":9.0},{"damage":24,"enemies":"3 Sentries","floor":8,"turns":9},{"damage":53,"enemies":"Lagavulin","floor":10,"turns":7}],"seed_played":"862562971330156843","potions_obtained":[{"floor":2.0,"key":"Weak Potion"},{"floor":6.0,"key":"Fruit Juice"}],"is_trial":false,"path_per_floor":["?","?"],"character_chosen":"IRONCLAD","items_purchased":["Feed"],"campfire_rested":0,"item_purchase_floors":[5],"current_hp_per_floor":[74,80,69,73,73,40,60,52,52,0],"gold":184,"neow_bonus":"TEN_PERCENT_HP_BONUS","is_prod":false,"is_daily":false,"chose_seed":false,"campfire_upgraded":0,"win_rate":0,"timestamp":1548853483,"path_taken":["M","M","?","M","$","E","?","E","T","E"],"build_version":"2019-01-23","purchased_purges":0,"victory":false,"max_hp_per_floor":[82,82,82,82,82,82,82,92,92,92],"card_choices":[{"not_picked":["Heavy Blade","Havoc"],"picked":"Shrug It Off","floor":1.0},{"not_picked":["Anger","Clothesline"],"picked":"Spot Weakness","floor":2.0},{"not_picked":["Body Slam","Feel No Pain"],"picked":"Carnage","floor":4.0},{"not_picked":["Sword Boomerang","Warcry","Evolve"],"picked":"SKIP","floor":6.0},{"not_picked":["True Grit","Fire Breathing","Dropkick"],"picked":"SKIP","floor":8}],"player_experience":159692,"relics_obtained":[{"floor":6.0,"key":"WingedGreaves"},{"floor":8,"key":"Strawberry"},{"floor":9,"key":"Letter Opener"}],"event_choices":[{"damage_healed":0.0,"max_hp_gain":0.0,"max_hp_loss":0.0,"gold_gain":75.0,"event_name":"World of Goop","player_choice":"Gather Gold","floor":3.0,"gold_loss":0.0,"damage_taken":11.0},{"damage_healed":20,"gold_gain":0,"player_choice":"Healed and dodged fight","damage_taken":0,"max_hp_gain":0,"max_hp_loss":0,"event_name":"Mushrooms","floor":7,"gold_loss":0,"cards_obtained":["Parasite"]}],"is_beta":false,"boss_relics":[],"items_purged_floors":[],"is_endless":false,"potions_floor_spawned":[2,6],"killed_by":"Lagavulin","ascension_level":14}