{"gold_per_floor":[113,123,141,141,161,161,191,191,191,223,54,4,4,23,23,97,97,109,59,72,92,17,17,17,17,317,317,317,242,262,289,289,289],"floor_reached":33,"playtime":1774,"items_purged":["Strike_R"],"score":651,"play_id":"1ff190d3-b3c8-4ff6-aa2c-e2d286f209b6","local_time":"20190223164330","is_ascension_mode":true,"campfire_choices":[{"data":"Bash","floor":6,"key":"SMITH"},{"floor":8,"key":"REST"},{"data":"True Grit","floor":13,"key":"SMITH"},{"data":"Shrug It Off","floor":15,"key":"SMITH"},{"floor":23,"key":"REST"},{"data":"Flame Barrier","floor":25,"key":"SMITH"},{"data":"Shrug It Off","floor":32,"key":"SMITH"}],"neow_cost":"NONE","seed_source_timestamp":542739088966448,"circlet_count":0,"master_deck":["AscendersBane","Strike_R","Strike_R","Strike_R","Strike_R","Defend_R","Defend_R","Defend_R","Defend_R","Bash+1","Dropkick","Clothesline","Dropkick","Barricade","Flame Barrier+1","Evolve","Thunderclap","True Grit+1","Shrug It Off+1","Dark Embrace+1","Shrug It Off+1","Sentinel+1"],"relics":["Burning Blood","Mercury Hourglass","Mango","FossilizedHelix","Pen Nib","Runic Dome","Old Coin","Vajra"],"potions_floor_usage":[3,7,10,16,30,31],"damage_taken":[{"damage":19,"enemies":"Small Slimes","floor":1,"turns":5},{"damage":1,"enemies":"Cultist","floor":2,"turns":3},{"damage":1,"enemies":"2 Louse","floor":3,"turns":2},{"damage":4,"enemies":"2 Fungi Beasts","floor":5,"turns":6},{"damage":45,"enemies":"Lagavulin","floor":7,"turns":7},{"damage":9,"enemies":"Gremlin Nob","floor":10,"turns":5},{"damage":10,"enemies":"Exordium Thugs","floor":14,"turns":5},{"damage":0,"enemies":"Slime Boss","floor":16,"turns":7},{"damage":12,"enemies":"Shell Parasite","floor":18,"turns":7},{"damage":13,"enemies":"Spheric Guardian","floor":20,"turns":5},{"damage":27,"enemies":"Snake Plant","floor":21,"turns":6},{"damage":7,"enemies":"Shelled Parasite and Fungi","floor":30,"turns":5},{"damage":0,"enemies":"Book of Stabbing","floor":31,"turns":3},{"damage":123,"enemies":"Automaton","floor":33,"turns":12}],"seed_played":"-3455020681603870215","potions_obtained":[{"floor":1,"key":"Explosive Potion"},{"floor":3,"key":"GamblersBrew"},{"floor":7,"key":"SkillPotion"},{"floor":14,"key":"PowerPotion"},{"floor":20,"key":"PowerPotion"},{"floor":21,"key":"Block Potion"}],"is_trial":false,"path_per_floor":["M","M","M","?","M","R","E","R","T","E","$","$","R","M","R","B",null,"M","?","M","M","$","R","$","R","T","?","?","?","M","E","R","B"],"character_chosen":"IRONCLAD","items_purchased":["Pen Nib","Shrug It Off"],"campfire_rested":2,"item_purchase_floors":[11,12],"current_hp_per_floor":[62,67,72,72,74,74,35,59,73,70,70,70,70,66,66,72,90,84,84,77,56,56,84,84,84,84,84,84,84,83,89,89,0],"gold":289,"neow_bonus":"TEN_PERCENT_HP_BONUS","is_prod":false,"is_daily":false,"chose_seed":false,"campfire_upgraded":5,"win_rate":0,"timestamp":1550969010,"path_taken":["M","M","M","?","M","R","E","R","T","E","?","$","R","M","R","BOSS","M","?","?","M","$","R","?","R","T","?","?","?","M","E","R","BOSS"],"build_version":"2019-01-23","purchased_purges":1,"victory":false,"max_hp_per_floor":[82,82,82,82,82,82,82,82,96,96,96,96,96,96,96,96,96,96,96,96,96,96,96,96,96,96,96,96,96,96,96,96,96],"card_choices":[{"not_picked":["Sever Soul","Sentinel"],"picked":"Dropkick","floor":1},{"not_picked":["Bloodletting","Wild Strike"],"picked":"Clothesline","floor":2},{"not_picked":["Iron Wave","Reckless Charge"],"picked":"Dropkick","floor":3},{"not_picked":["Twin Strike","True Grit"],"picked":"Evolve","floor":5},{"not_picked":["Dropkick","Immolate"],"picked":"Thunderclap","floor":7},{"not_picked":["Body Slam","Shockwave"],"picked":"True Grit","floor":10},{"not_picked":["Heavy Blade","Iron Wave","Sword Boomerang"],"picked":"SKIP","floor":14},{"not_picked":["Offering","Bludgeon"],"picked":"Dark Embrace","floor":16},{"not_picked":["Iron Wave","Thunderclap"],"picked":"Shrug It Off","floor":18},{"not_picked":["Clash","Sword Boomerang","Heavy Blade+1"],"picked":"SKIP","floor":20},{"not_picked":["Flame Barrier","Twin Strike"],"picked":"Sentinel+1","floor":21},{"not_picked":["Wild Strike","Perfected Strike","Thunderclap"],"picked":"SKIP","floor":30},{"not_picked":["Bludgeon","Perfected Strike","Sever Soul"],"picked":"SKIP","floor":31}],"player_experience":547305,"relics_obtained":[{"floor":7,"key":"Mercury Hourglass"},{"floor":9,"key":"Mango"},{"floor":10,"key":"FossilizedHelix"},{"floor":26,"key":"Old Coin"},{"floor":31,"key":"Vajra"}],"event_choices":[{"damage_healed":0,"gold_gain":0,"player_choice":"2 cards matched","damage_taken":0,"max_hp_gain":0,"max_hp_loss":0,"event_name":"Match and Keep!","floor":4,"gold_loss":0,"cards_obtained":["Barricade","Flame Barrier"]},{"damage_healed":0,"gold_gain":0,"player_choice":"Upgrade","damage_taken":0,"max_hp_gain":0,"max_hp_loss":0,"event_name":"Designer","floor":19,"gold_loss":50,"cards_upgraded":["Dark Embrace"]},{"damage_healed":0,"gold_gain":0,"player_choice":"Smashed Altar","damage_taken":0,"max_hp_gain":0,"max_hp_loss":0,"event_name":"Forgotten Altar","floor":27,"gold_loss":0,"cards_obtained":["Decay"]},{"damage_healed":0,"gold_gain":0,"player_choice":"Ignored","damage_taken":0,"max_hp_gain":0,"max_hp_loss":0,"event_name":"Vampires","floor":28,"gold_loss":0},{"cards_removed":["Decay"],"damage_healed":0,"gold_gain":0,"player_choice":"Gave Gold","damage_taken":0,"max_hp_gain":0,"max_hp_loss":0,"event_name":"Beggar","floor":29,"gold_loss":75}],"is_beta":false,"boss_relics":[{"not_picked":["Ectoplasm","Philosopher\u0027s Stone"],"picked":"Runic Dome"}],"items_purged_floors":[22],"is_endless":false,"potions_floor_spawned":[1,3,7,14,20,21],"killed_by":"Automaton","ascension_level":16}