{"gold_per_floor":[119,139,42,117,128,183,183,218,243,243,243],"floor_reached":11,"playtime":372,"items_purged":[],"score":142,"play_id":"0eea1d38-d2ea-4fd6-b2cf-1aeeb7b38027","local_time":"20190118174150","is_ascension_mode":true,"campfire_choices":[{"data":"True Grit","floor":7,"key":"SMITH"}],"neow_cost":"CURSE","seed_source_timestamp":765421142694200,"circlet_count":0,"master_deck":["AscendersBane","Strike_R","Strike_R","Strike_R","Strike_R","Strike_R","Defend_R","Defend_R","Defend_R","Defend_R","Bash","Regret","Sword Boomerang","True Grit+1","Shrug It Off","Anger","Evolve","Whirlwind"],"relics":["Burning Blood","Dead Branch","Tiny Chest","Anchor","Potion Belt","Bronze Scales"],"potions_floor_usage":[6,6],"damage_taken":[{"damage":5,"enemies":"Jaw Worm","floor":1,"turns":4},{"damage":11,"enemies":"2 Louse","floor":2,"turns":2},{"damage":4,"enemies":"Small Slimes","floor":5,"turns":4},{"damage":20,"enemies":"3 Sentries","floor":6,"turns":5},{"damage":56,"enemies":"Lagavulin","floor":8,"turns":7},{"damage":3,"enemies":"3 Sentries","floor":11,"turns":2}],"seed_played":"-984736848870373531","potions_obtained":[{"floor":1,"key":"AttackPotion"},{"floor":6,"key":"FairyPotion"}],"is_trial":false,"path_per_floor":["M","M","$","?","M","E","R","E","T","?","E"],"character_chosen":"IRONCLAD","items_purchased":["Shrug It Off","Explosive Potion"],"campfire_rested":0,"item_purchase_floors":[3,3],"current_hp_per_floor":[69,64,64,53,55,41,41,13,13,2,0],"gold":243,"neow_bonus":"ONE_RARE_RELIC","is_prod":false,"is_daily":false,"chose_seed":false,"campfire_upgraded":1,"win_rate":0,"timestamp":1547862110,"path_taken":["M","M","$","?","M","E","R","E","T","?","E"],"build_version":"2019-01-17v2","purchased_purges":0,"victory":false,"max_hp_per_floor":[75,75,75,75,75,75,75,75,75,75,75],"card_choices":[{"not_picked":["Rage","Seeing Red"],"picked":"Sword Boomerang","floor":1},{"not_picked":["Thunderclap","Heavy Blade"],"picked":"True Grit","floor":2},{"not_picked":["True Grit","Bloodletting"],"picked":"Anger","floor":5},{"not_picked":["Berserk","Clash"],"picked":"Evolve","floor":6},{"not_picked":["Barricade","Perfected Strike"],"picked":"Whirlwind","floor":8}],"player_experience":490110,"relics_obtained":[{"floor":6,"key":"Tiny Chest"},{"floor":8,"key":"Anchor"},{"floor":9,"key":"Potion Belt"}],"event_choices":[{"damage_healed":0,"gold_gain":75,"player_choice":"Gather Gold","damage_taken":11,"max_hp_gain":0,"max_hp_loss":0,"event_name":"World of Goop","floor":4,"gold_loss":0},{"damage_healed":0,"gold_gain":0,"player_choice":"Success","damage_taken":11,"relics_obtained":["Bronze Scales"],"max_hp_gain":0,"max_hp_loss":0,"event_name":"Scrap Ooze","floor":10,"gold_loss":0}],"is_beta":false,"boss_relics":[],"items_purged_floors":[],"is_endless":false,"potions_floor_spawned":[1,6],"killed_by":"3 Sentries","ascension_level":15}