{"gold_per_floor":[110,110,9,9,24,57,57,75,75,134,146,146,71,81,81,81],"floor_reached":16,"playtime":529,"items_purged":["Defend_R"],"score":243,"play_id":"29dbb735-c8d4-4a47-a906-51fa845b4935","local_time":"20190221200637","is_ascension_mode":true,"campfire_choices":[{"data":"Strike_R","floor":7,"key":"PURGE"},{"data":"Defend_R","floor":12,"key":"PURGE"},{"data":"Defend_R","floor":15,"key":"PURGE"}],"neow_cost":"NONE","seed_source_timestamp":383366098980103,"circlet_count":0,"master_deck":["AscendersBane","Strike_R","Strike_R","Strike_R","Strike_R","Defend_R","Bash+1","Iron Wave","Blind","Iron Wave","Iron Wave","Entrench","Battle Trance","Uppercut"],"relics":["Burning Blood","NeowsBlessing","NlothsMask","Peace Pipe","Tiny Chest"],"potions_floor_usage":[10,10,14],"damage_taken":[{"damage":0,"enemies":"2 Louse","floor":1,"turns":1},{"damage":0,"enemies":"Cultist","floor":5,"turns":1},{"damage":0,"enemies":"3 Sentries","floor":6,"turns":1},{"damage":5,"enemies":"Jaw Worm","floor":8,"turns":4},{"damage":10,"enemies":"Lagavulin","floor":10,"turns":6},{"damage":3,"enemies":"Looter","floor":11,"turns":4},{"damage":18,"enemies":"Exordium Thugs","floor":14,"turns":5},{"damage":64,"enemies":"Hexaghost","floor":16,"turns":11}],"seed_played":"6861344305276983944","potions_obtained":[{"floor":1,"key":"Block Potion"},{"floor":5,"key":"FearPotion"},{"floor":6,"key":"Strength Potion"},{"floor":10,"key":"AttackPotion"}],"is_trial":false,"path_per_floor":["M","?","$","?","M","E","R","M","T","E","M","R","$","M","R","B"],"character_chosen":"IRONCLAD","items_purchased":["Blind"],"campfire_rested":0,"item_purchase_floors":[3],"current_hp_per_floor":[74,74,74,74,75,75,75,75,75,71,74,74,74,62,62,0],"gold":81,"neow_bonus":"THREE_ENEMY_KILL","is_prod":false,"is_daily":false,"chose_seed":false,"campfire_upgraded":0,"win_rate":0,"timestamp":1550808397,"path_taken":["M","?","$","?","?","E","R","M","T","E","M","R","$","M","R","BOSS"],"build_version":"2019-01-23","purchased_purges":1,"victory":false,"max_hp_per_floor":[75,75,75,75,75,75,75,75,75,75,75,75,75,75,75,75],"card_choices":[{"not_picked":["Sentinel","Sword Boomerang"],"picked":"Iron Wave","floor":1},{"not_picked":["Clash","Bloodletting"],"picked":"Iron Wave","floor":5},{"not_picked":["Exhume","Body Slam"],"picked":"Iron Wave","floor":6},{"not_picked":["Heavy Blade","Anger"],"picked":"Entrench","floor":8},{"not_picked":["Blood for Blood","Reaper"],"picked":"Battle Trance","floor":10},{"not_picked":["Anger","Twin Strike"],"picked":"Uppercut","floor":11},{"not_picked":["Iron Wave","Havoc","Bloodletting"],"picked":"SKIP","floor":14}],"player_experience":543577,"relics_obtained":[{"floor":6,"key":"Peace Pipe"},{"floor":10,"key":"Tiny Chest"}],"event_choices":[{"damage_healed":0,"gold_gain":0,"player_choice":"Grow","damage_taken":0,"max_hp_gain":0,"max_hp_loss":0,"event_name":"Living Wall","floor":2,"gold_loss":0,"cards_upgraded":["Bash"]},{"damage_healed":0,"gold_gain":0,"player_choice":"Trade","damage_taken":0,"relics_obtained":["NlothsMask"],"max_hp_gain":0,"max_hp_loss":0,"event_name":"FaceTrader","floor":4,"gold_loss":0}],"is_beta":false,"boss_relics":[],"items_purged_floors":[13],"is_endless":false,"potions_floor_spawned":[1,5,6,10],"killed_by":"Hexaghost","ascension_level":16}