{"gold_per_floor":[110,129,143,153,153,153,188,188,188,188,188],"floor_reached":11,"playtime":397,"items_purged":[],"score":128,"play_id":"85f7f6de-9f5f-4b4e-824d-c0eae00557cd","local_time":"20190103223825","is_ascension_mode":true,"campfire_choices":[{"floor":6,"key":"REST"},{"floor":8,"key":"REST"},{"floor":10,"key":"DIG"}],"neow_cost":"PERCENT_DAMAGE","seed_source_timestamp":1159557812610805,"circlet_count":0,"master_deck":["AscendersBane","Defend_G","Defend_G","Defend_G","Defend_G","Defend_G","Strike_G","Strike_G","Strike_G","Strike_G","Strike_G","Survivor","Neutralize","Crippling Poison+1","Dodge and Roll","Deflect"],"relics":["Ring of the Snake","Shovel","The Specimen","Tingsha","Ice Cream"],"potions_floor_usage":[7,7],"damage_taken":[{"damage":6,"enemies":"Cultist","floor":1,"turns":4},{"damage":8,"enemies":"Jaw Worm","floor":2,"turns":5},{"damage":7,"enemies":"Small Slimes","floor":3,"turns":4},{"damage":0,"enemies":"3 Louse","floor":4,"turns":3},{"damage":25,"enemies":"Lagavulin","floor":7,"turns":10},{"damage":42,"enemies":"Gremlin Nob","floor":11,"turns":6}],"seed_played":"5407795199708305475","potions_obtained":[{"floor":1,"key":"SpeedPotion"},{"floor":4,"key":"PowerPotion"}],"is_trial":false,"path_per_floor":["M","M","M","M","?","R","E","R","T","R","E"],"character_chosen":"THE_SILENT","items_purchased":[],"campfire_rested":2,"item_purchase_floors":[],"current_hp_per_floor":[38,30,23,23,23,42,17,36,36,36,0],"gold":188,"neow_bonus":"ONE_RARE_RELIC","is_prod":false,"is_daily":false,"chose_seed":false,"campfire_upgraded":0,"win_rate":0,"timestamp":1546551505,"path_taken":["M","?","M","M","?","R","E","R","T","R","E"],"build_version":"2018-12-20","purchased_purges":0,"victory":false,"max_hp_per_floor":[66,66,66,66,66,66,66,66,66,66,66],"card_choices":[{"not_picked":["Endless Agony","Footwork"],"picked":"Crippling Poison","floor":1},{"not_picked":["Outmaneuver","Acrobatics"],"picked":"Dodge and Roll","floor":2},{"not_picked":["Slice","PiercingWail"],"picked":"Deflect","floor":3},{"not_picked":["Crippling Poison","Expertise","Distraction"],"picked":"SKIP","floor":4},{"not_picked":["Underhanded Strike","Tactician","Flying Knee"],"picked":"SKIP","floor":7}],"player_experience":812251,"relics_obtained":[{"floor":7,"key":"The Specimen"},{"floor":9,"key":"Tingsha"},{"floor":10,"key":"Ice Cream"}],"event_choices":[{"damage_healed":0,"gold_gain":0,"player_choice":"Grow","damage_taken":0,"max_hp_gain":0,"max_hp_loss":0,"event_name":"Living Wall","floor":5,"gold_loss":0,"cards_upgraded":["Crippling Poison"]}],"is_beta":false,"boss_relics":[],"items_purged_floors":[],"is_endless":false,"potions_floor_spawned":[1,4],"killed_by":"Gremlin Nob","ascension_level":15}