{"gold_per_floor":[116,41,56,73,148,148,128,138,138,138,157,157,192,211,211,211],"floor_reached":16,"playtime":587,"items_purged":[],"score":189,"play_id":"1cb47332-9225-4bd1-b772-f76c24151bbc","local_time":"20181114223704","is_ascension_mode":true,"campfire_choices":[{"data":"True Grit","floor":6,"key":"SMITH"},{"data":"Disarm","floor":10,"key":"SMITH"},{"data":"Bash","floor":12,"key":"SMITH"},{"data":"Perfected Strike","floor":15,"key":"SMITH"}],"neow_cost":"NONE","seed_source_timestamp":379234531090661,"circlet_count":0,"master_deck":["AscendersBane","Strike_R","Strike_R","Strike_R","Strike_R","Defend_R","Defend_R","Defend_R","Bash+1","Shrug It Off","True Grit+1","Disarm+1","Pommel Strike","Evolve","Perfected Strike+1"],"relics":["Burning Blood","Question Card"],"potions_floor_usage":[11,13],"damage_taken":[{"damage":4,"enemies":"Small Slimes","floor":1,"turns":4},{"damage":4,"enemies":"2 Louse","floor":3,"turns":5},{"damage":10,"enemies":"Cultist","floor":4,"turns":4},{"damage":3,"enemies":"Looter","floor":8,"turns":4},{"damage":6,"enemies":"Large Slime","floor":11,"turns":7},{"damage":13,"enemies":"3 Sentries","floor":13,"turns":6},{"damage":28,"enemies":"Gremlin Gang","floor":14,"turns":7},{"damage":32,"enemies":"Hexaghost","floor":16,"turns":11}],"seed_played":"4070169675918200709","potions_obtained":[{"floor":3,"key":"Weak Potion"},{"floor":7,"key":"Fire Potion"},{"floor":8,"key":"AttackPotion"},{"floor":14,"key":"Energy Potion"}],"is_trial":false,"path_per_floor":["M","?","M","M","?","R","?","M","T","R","M","R","E","M","R","B"],"character_chosen":"IRONCLAD","items_purchased":[],"campfire_rested":0,"item_purchase_floors":[],"current_hp_per_floor":[70,70,72,68,57,57,57,60,60,60,60,60,53,31,31,0],"gold":211,"neow_bonus":"REMOVE_CARD","is_prod":false,"is_daily":false,"chose_seed":false,"campfire_upgraded":4,"win_rate":0,"timestamp":1542231424,"path_taken":["M","?","M","M","?","R","?","M","T","R","?","R","E","M","R","BOSS"],"build_version":"2018-11-08","purchased_purges":0,"victory":false,"max_hp_per_floor":[75,75,75,75,75,75,75,75,75,75,75,75,75,75,75,75],"card_choices":[{"not_picked":["Armaments","Burning Pact"],"picked":"Shrug It Off","floor":1},{"not_picked":["Cleave","Rupture"],"picked":"True Grit","floor":3},{"not_picked":["Twin Strike","Seeing Red","Warcry"],"picked":"SKIP","floor":4},{"not_picked":["Rupture","Heavy Blade"],"picked":"Disarm","floor":8},{"not_picked":["Shrug It Off","Shockwave","Dual Wield"],"picked":"Pommel Strike","floor":11},{"not_picked":["Cleave","Combust","Clothesline"],"picked":"Evolve","floor":13},{"not_picked":["Searing Blow","Double Tap","Heavy Blade"],"picked":"Perfected Strike","floor":14}],"player_experience":663402,"relics_obtained":[{"floor":9,"key":"Question Card"}],"event_choices":[{"cards_removed":["Defend_R"],"damage_healed":0,"gold_gain":0,"player_choice":"Card Removal","damage_taken":0,"max_hp_gain":0,"max_hp_loss":0,"event_name":"The Cleric","floor":2,"gold_loss":75},{"damage_healed":0,"gold_gain":75,"player_choice":"Gather Gold","damage_taken":11,"max_hp_gain":0,"max_hp_loss":0,"event_name":"World of Goop","floor":5,"gold_loss":0},{"damage_healed":0,"gold_gain":0,"player_choice":"Bought 1 Potion","damage_taken":0,"max_hp_gain":0,"max_hp_loss":0,"event_name":"The Woman in Blue","floor":7,"gold_loss":0}],"is_beta":false,"boss_relics":[],"items_purged_floors":[],"is_endless":false,"potions_floor_spawned":[3,8,14],"killed_by":"Hexaghost","ascension_level":17}