{"gold_per_floor":[118,138,138,21,21,21,48,48,73,73,73,93,129,154,154,249,249,223,223,237,237,237,237,152,152,152,168,168,178,78,78,78,78],"floor_reached":33,"playtime":1081,"items_purged":["Strike_R","Defend_R"],"score":511,"play_id":"5f824bc8-c59f-417f-8e18-5a0711f48c4f","local_time":"20181102185611","is_ascension_mode":true,"campfire_choices":[{"data":"Hemokinesis","floor":6,"key":"SMITH"},{"data":"Bash","floor":8,"key":"SMITH"},{"data":"Metallicize","floor":10,"key":"SMITH"},{"data":"Armaments","floor":15,"key":"SMITH"},{"data":"Juggernaut","floor":23,"key":"SMITH"},{"data":"Body Slam","floor":25,"key":"SMITH"},{"data":"Metallicize","floor":32,"key":"SMITH"}],"neow_cost":"NONE","seed_source_timestamp":541256637174768,"circlet_count":0,"master_deck":["AscendersBane","Strike_R","Defend_R","Defend_R","Defend_R","Bash+1","Hemokinesis+1","Shrug It Off","Metallicize+1","Iron Wave","Infernal Blade","Pummel","Armaments+1","Juggernaut+1","Shrug It Off","Body Slam+1","Power Through","Brutality","Metallicize+1"],"relics":["Burning Blood","Bag of Preparation","Mercury Hourglass","Juzu Bracelet","Orichalcum","Bloody Idol","Shuriken","Runic Cube","Bag of Marbles","Pocketwatch"],"potions_floor_usage":[7,16,16,19],"damage_taken":[{"damage":1,"enemies":"Small Slimes","floor":1,"turns":4},{"damage":4,"enemies":"Cultist","floor":2,"turns":3},{"damage":19,"enemies":"Gremlin Nob","floor":7,"turns":3},{"damage":2,"enemies":"2 Louse","floor":12,"turns":2},{"damage":2,"enemies":"3 Sentries","floor":13,"turns":8},{"damage":6,"enemies":"Blue Slaver","floor":14,"turns":2},{"damage":14,"enemies":"Hexaghost","floor":16,"turns":8},{"damage":20,"enemies":"2 Thieves","floor":18,"turns":4},{"damage":13,"enemies":"Colosseum Slavers","floor":19,"turns":4},{"damage":11,"enemies":"Shell Parasite","floor":20,"turns":5},{"damage":12,"enemies":"3 Cultists","floor":27,"turns":4},{"damage":11,"enemies":"Centurion and Healer","floor":29,"turns":5},{"damage":40,"enemies":"Collector","floor":33,"turns":5}],"seed_played":"-544072742426526593","potions_obtained":[{"floor":2,"key":"SkillPotion"},{"floor":7,"key":"Strength Potion"},{"floor":12,"key":"SkillPotion"},{"floor":13,"key":"EssenceOfSteel"},{"floor":18,"key":"PowerPotion"},{"floor":29,"key":"SteroidPotion"}],"is_trial":false,"path_per_floor":["M","M","?","$","?","R","E","R","T","R","?","M","E","M","R","B",null,"M","?","M","?","?","R","?","R","T","M","?","M","$","?","R","B"],"character_chosen":"IRONCLAD","items_purchased":["Metallicize"],"campfire_rested":0,"item_purchase_floors":[4],"current_hp_per_floor":[73,75,70,70,70,70,57,57,57,57,57,61,65,65,65,57,65,51,44,39,39,39,39,39,39,39,38,38,38,38,38,38,0],"gold":78,"neow_bonus":"RANDOM_COMMON_RELIC","is_prod":false,"is_daily":false,"chose_seed":false,"campfire_upgraded":7,"win_rate":0,"timestamp":1541181371,"path_taken":["M","M","?","$","?","R","E","R","T","R","?","M","E","M","R","BOSS","M","?","M","?","?","R","?","R","T","M","?","M","$","?","R","BOSS"],"build_version":"2018-11-01","purchased_purges":2,"victory":false,"max_hp_per_floor":[75,75,75,75,75,75,75,75,75,75,68,68,68,68,68,68,68,68,68,68,68,68,68,68,68,68,68,68,68,68,68,68,68],"card_choices":[{"not_picked":["Twin Strike","Ghostly Armor"],"picked":"Hemokinesis","floor":1},{"not_picked":["True Grit","Perfected Strike"],"picked":"Shrug It Off","floor":2},{"not_picked":["Flex","Intimidate"],"picked":"Iron Wave","floor":7},{"not_picked":["Flex","Headbutt"],"picked":"Infernal Blade","floor":12},{"not_picked":["Twin Strike","Havoc"],"picked":"Pummel","floor":13},{"not_picked":["Thunderclap","Headbutt"],"picked":"Armaments","floor":14},{"not_picked":["Double Tap","Reaper"],"picked":"Juggernaut","floor":16},{"not_picked":["True Grit","Clothesline"],"picked":"Shrug It Off","floor":18},{"not_picked":["Clash","Thunderclap"],"picked":"Body Slam","floor":20},{"not_picked":["Pummel","Warcry","True Grit"],"picked":"SKIP","floor":27},{"not_picked":["Heavy Blade","Corruption"],"picked":"Metallicize","floor":29}],"player_experience":616729,"relics_obtained":[{"floor":7,"key":"Juzu Bracelet"},{"floor":9,"key":"Orichalcum"},{"floor":13,"key":"Shuriken"},{"floor":26,"key":"Pocketwatch"}],"event_choices":[{"damage_healed":0,"gold_gain":0,"player_choice":"Success","damage_taken":5,"relics_obtained":["Mercury Hourglass"],"max_hp_gain":0,"max_hp_loss":0,"event_name":"Scrap Ooze","floor":3,"gold_loss":0},{"cards_removed":["Strike_R"],"damage_healed":0,"gold_gain":0,"player_choice":"Purged","damage_taken":0,"max_hp_gain":0,"max_hp_loss":0,"event_name":"Purifier","floor":5,"gold_loss":0},{"damage_healed":0,"gold_gain":0,"player_choice":"Lose Max HP","damage_taken":0,"relics_obtained":["Golden Idol"],"max_hp_gain":0,"max_hp_loss":7,"event_name":"Golden Idol","floor":11,"gold_loss":0},{"damage_healed":0,"gold_gain":0,"player_choice":"Fight","damage_taken":0,"max_hp_gain":0,"max_hp_loss":0,"event_name":"Colosseum","floor":19,"gold_loss":0},{"damage_healed":0,"gold_gain":0,"player_choice":"Fled From Nobs","damage_taken":0,"max_hp_gain":0,"max_hp_loss":0,"event_name":"Colosseum","floor":19,"gold_loss":0},{"damage_healed":0,"gold_gain":0,"cards_transformed":["Strike_R","Strike_R"],"player_choice":"Became Test Subject","damage_taken":0,"max_hp_gain":0,"max_hp_loss":0,"event_name":"Drug Dealer","floor":21,"gold_loss":0,"cards_obtained":["Power Through","Brutality"]},{"damage_healed":0,"gold_gain":0,"player_choice":"Gave Idol","damage_taken":0,"relics_obtained":["Bloody Idol"],"max_hp_gain":0,"max_hp_loss":0,"event_name":"Forgotten Altar","floor":22,"relics_lost":["Golden Idol"],"gold_loss":0},{"damage_healed":0,"gold_gain":0,"player_choice":"Obtained Relic","damage_taken":0,"relics_obtained":["Bag of Marbles"],"max_hp_gain":0,"max_hp_loss":0,"event_name":"Addict","floor":24,"gold_loss":85},{"damage_healed":0,"gold_gain":0,"player_choice":"Ignored","damage_taken":0,"max_hp_gain":0,"max_hp_loss":0,"event_name":"Vampires","floor":28,"gold_loss":0},{"damage_healed":0,"gold_gain":0,"player_choice":"Ignored","damage_taken":0,"max_hp_gain":0,"max_hp_loss":0,"event_name":"Ghosts","floor":31,"gold_loss":0}],"is_beta":false,"boss_relics":[{"not_picked":["Tiny House","Black Star"],"picked":"Runic Cube"}],"items_purged_floors":[4,30],"is_endless":false,"potions_floor_spawned":[2,7,12,13,18,29],"killed_by":"Collector","ascension_level":17}