{"gold_per_floor":[116,127,127,137,62,91,104,104,104,129,140,150,150,169,169,245,245,260,277,277],"floor_reached":20,"playtime":917,"items_purged":[],"score":329,"play_id":"d52b5e39-bbb6-4162-853d-ec0b0b2a8375","local_time":"20190222180126","is_ascension_mode":true,"campfire_choices":[{"data":"Blade Dance","floor":8,"key":"SMITH"},{"data":"Neutralize","floor":13,"key":"SMITH"},{"floor":15,"key":"REST"}],"neow_cost":"NONE","seed_source_timestamp":154019119033148,"circlet_count":0,"master_deck":["AscendersBane","Defend_G","Defend_G","Defend_G","Defend_G","Defend_G","Strike_G","Strike_G","Strike_G","Strike_G","Strike_G","Survivor","Neutralize+1","Backstab","Blur","Deadly Poison","Well Laid Plans","Blade Dance+1","Quick Slash","Dagger Throw","Poisoned Stab","Sucker Punch","Unload","Underhanded Strike","Poisoned Stab"],"relics":["Ring of the Snake","PreservedInsect","Bag of Preparation","Mercury Hourglass","Paper Crane","Snecko Eye"],"potions_floor_usage":[6,16,20],"damage_taken":[{"damage":1,"enemies":"Small Slimes","floor":1,"turns":5},{"damage":6,"enemies":"Jaw Worm","floor":2,"turns":5},{"damage":0,"enemies":"Cultist","floor":4,"turns":5},{"damage":15,"enemies":"Gremlin Nob","floor":6,"turns":4},{"damage":4,"enemies":"Blue Slaver","floor":7,"turns":5},{"damage":7,"enemies":"Lagavulin","floor":10,"turns":5},{"damage":1,"enemies":"Looter","floor":11,"turns":3},{"damage":2,"enemies":"Large Slime","floor":12,"turns":6},{"damage":1,"enemies":"Lots of Slimes","floor":14,"turns":3},{"damage":4,"enemies":"Slime Boss","floor":16,"turns":8},{"damage":29,"enemies":"Shell Parasite","floor":18,"turns":5},{"damage":11,"enemies":"Chosen","floor":19,"turns":5},{"damage":22,"enemies":"Snake Plant","floor":20,"turns":5}],"seed_played":"1600345832843179800","potions_obtained":[{"floor":1,"key":"EssenceOfSteel"},{"floor":4,"key":"EssenceOfSteel"},{"floor":6,"key":"GamblersBrew"},{"floor":7,"key":"Fire Potion"},{"floor":14,"key":"Energy Potion"},{"floor":16,"key":"Ancient Potion"}],"is_trial":false,"path_per_floor":["M","M","?","M","$","E","M","R","T","E","M","M","R","M","R","B",null,"M","M","M"],"character_chosen":"THE_SILENT","items_purchased":["Well Laid Plans"],"campfire_rested":1,"item_purchase_floors":[5],"current_hp_per_floor":[58,52,52,52,52,37,33,33,33,26,25,23,23,22,41,37,59,30,19,0],"gold":277,"neow_bonus":"RANDOM_COMMON_RELIC","is_prod":false,"is_daily":false,"chose_seed":false,"campfire_upgraded":2,"win_rate":0,"timestamp":1550887286,"path_taken":["M","M","?","M","?","E","M","R","T","E","M","M","R","?","R","BOSS","M","M","M"],"build_version":"2019-01-23","purchased_purges":0,"victory":false,"max_hp_per_floor":[66,66,66,66,66,66,66,66,66,66,66,66,66,66,66,66,66,66,66,66],"card_choices":[{"not_picked":["Deflect","Endless Agony"],"picked":"Backstab","floor":1},{"not_picked":["Endless Agony","Predator"],"picked":"Blur","floor":2},{"not_picked":["Choke","Deflect"],"picked":"Deadly Poison","floor":4},{"not_picked":["Terror","Catalyst","Concentrate"],"picked":"SKIP","floor":6},{"not_picked":["Choke","Acrobatics"],"picked":"Blade Dance","floor":7},{"not_picked":["Blade Dance","Predator"],"picked":"Quick Slash","floor":10},{"not_picked":["Finisher","Outmaneuver"],"picked":"Dagger Throw","floor":11},{"not_picked":["Quick Slash","Endless Agony"],"picked":"Poisoned Stab","floor":12},{"not_picked":["PiercingWail","Acrobatics"],"picked":"Sucker Punch","floor":14},{"not_picked":["Grand Finale","Storm of Steel"],"picked":"Unload","floor":16},{"not_picked":["Prepared","Poisoned Stab"],"picked":"Underhanded Strike","floor":18},{"not_picked":["Escape Plan","Bane"],"picked":"Poisoned Stab","floor":19}],"player_experience":229200,"relics_obtained":[{"floor":6,"key":"Bag of Preparation"},{"floor":9,"key":"Mercury Hourglass"},{"floor":10,"key":"Paper Crane"}],"event_choices":[{"damage_healed":0,"gold_gain":0,"player_choice":"Ignored","damage_taken":0,"max_hp_gain":0,"max_hp_loss":0,"event_name":"Liars Game","floor":3,"gold_loss":0}],"is_beta":false,"boss_relics":[{"not_picked":["Ring of the Serpent","Fusion Hammer"],"picked":"Snecko Eye"}],"items_purged_floors":[],"is_endless":false,"potions_floor_spawned":[1,4,6,7,14,16],"killed_by":"Snake Plant","ascension_level":15}