{"gold_per_floor":[19,35,35,51,68,86,86,111,111,121,46,46,77,90,90,167,167,178,192,15,25,35,35],"floor_reached":23,"playtime":1239,"items_purged":["Pain","Strike_R"],"score":383,"play_id":"a7623aa5-bbd1-4898-bc63-c5239bb24897","local_time":"20181207160859","is_ascension_mode":true,"campfire_choices":[{"data":"True Grit","floor":7,"key":"SMITH"},{"data":"Rampage","floor":12,"key":"SMITH"},{"data":"Spot Weakness","floor":15,"key":"SMITH"}],"neow_cost":"NO_GOLD","seed_source_timestamp":11982863015307,"circlet_count":0,"master_deck":["AscendersBane","Strike_R","Strike_R","Strike_R","Strike_R","Defend_R","Defend_R","Defend_R","Defend_R","Bash","Deep Breath","Secret Technique","Iron Wave","Shrug It Off","True Grit+1","Rampage+1","Spot Weakness+1","Offering","Headbutt","Immolate","Shrug It Off","Sword Boomerang","Whirlwind","Battle Trance","Flex"],"relics":["Burning Blood","WarpedTongs","Pocketwatch","WingedGreaves","Champion Belt","Mark of Pain"],"potions_floor_usage":[16,16,23,23],"damage_taken":[{"damage":1,"enemies":"2 Louse","floor":1,"turns":4},{"damage":12,"enemies":"Cultist","floor":2,"turns":5},{"damage":8,"enemies":"Small Slimes","floor":4,"turns":4},{"damage":6,"enemies":"3 Louse","floor":5,"turns":5},{"damage":16,"enemies":"Lots of Slimes","floor":6,"turns":7},{"damage":27,"enemies":"Lagavulin","floor":8,"turns":10},{"damage":3,"enemies":"Blue Slaver","floor":10,"turns":5},{"damage":12,"enemies":"3 Sentries","floor":13,"turns":6},{"damage":3,"enemies":"3 Louse","floor":14,"turns":5},{"damage":50,"enemies":"Slime Boss","floor":16,"turns":10},{"damage":12,"enemies":"2 Thieves","floor":18,"turns":3},{"damage":24,"enemies":"Chosen","floor":19,"turns":4},{"damage":23,"enemies":"Snecko","floor":21,"turns":4},{"damage":11,"enemies":"Centurion and Healer","floor":22,"turns":2},{"damage":48,"enemies":"Cultist and Chosen","floor":23,"turns":5}],"seed_played":"3642536276234244991","potions_obtained":[{"floor":1,"key":"Regen Potion"},{"floor":6,"key":"Regen Potion"},{"floor":16,"key":"BloodPotion"},{"floor":18,"key":"SteroidPotion"},{"floor":22,"key":"Regen Potion"}],"is_trial":false,"path_per_floor":["M","M","?","M","M","M","R","E","T","M","$","R","E","M","R","B",null,"M","M","$","M","M","M"],"character_chosen":"IRONCLAD","items_purchased":["Whirlwind"],"campfire_rested":0,"item_purchase_floors":[20],"current_hp_per_floor":[73,67,67,65,65,55,55,34,34,37,37,37,31,34,34,44,67,61,43,43,26,21,0],"gold":35,"neow_bonus":"RANDOM_COLORLESS_2","is_prod":false,"is_daily":false,"chose_seed":false,"campfire_upgraded":3,"win_rate":0,"timestamp":1544195339,"path_taken":["M","M","?","M","?","M","R","E","T","M","?","R","E","M","R","BOSS","M","M","?","M","M","M"],"build_version":"2018-12-06","purchased_purges":2,"victory":false,"max_hp_per_floor":[75,75,75,75,75,75,75,75,75,75,75,75,75,75,75,75,75,75,75,75,75,75,75],"card_choices":[{"not_picked":["Wild Strike","Thunderclap"],"picked":"Iron Wave","floor":1},{"not_picked":["Sword Boomerang","Power Through"],"picked":"Shrug It Off","floor":2},{"not_picked":["Infernal Blade","Heavy Blade"],"picked":"True Grit","floor":4},{"not_picked":["Havoc","True Grit"],"picked":"Rampage","floor":5},{"not_picked":["Anger","Rampage"],"picked":"Spot Weakness","floor":6},{"not_picked":["Pommel Strike","Entrench"],"picked":"Offering","floor":8},{"not_picked":["Sword Boomerang","Power Through","Headbutt"],"picked":"SKIP","floor":10},{"not_picked":["Sword Boomerang","Power Through"],"picked":"Headbutt","floor":10},{"not_picked":["Thunderclap","Twin Strike","Rampage"],"picked":"SKIP","floor":13},{"not_picked":["Dropkick","Iron Wave","Combust"],"picked":"SKIP","floor":14},{"not_picked":["Brutality","Exhume"],"picked":"Immolate","floor":16},{"not_picked":["Armaments","Pommel Strike"],"picked":"Shrug It Off","floor":18},{"not_picked":["Burning Pact","Dropkick"],"picked":"Sword Boomerang","floor":19},{"not_picked":["Perfected Strike+1","Cleave"],"picked":"Battle Trance","floor":21},{"not_picked":["Warcry","Rupture","Flex"],"picked":"SKIP","floor":22},{"not_picked":["Warcry","Rupture"],"picked":"Flex","floor":22}],"player_experience":722239,"relics_obtained":[{"floor":8,"key":"Pocketwatch"},{"floor":9,"key":"WingedGreaves"},{"floor":13,"key":"Champion Belt"}],"event_choices":[{"damage_healed":0,"gold_gain":0,"player_choice":"Rummage","damage_taken":0,"relics_obtained":["WarpedTongs"],"max_hp_gain":0,"max_hp_loss":0,"event_name":"Accursed Blacksmith","floor":3,"gold_loss":0,"cards_obtained":["Pain"]}],"is_beta":false,"boss_relics":[{"not_picked":["Runic Dome","Lizard Tail"],"picked":"Mark of Pain"}],"items_purged_floors":[11,20],"is_endless":false,"potions_floor_spawned":[1,6,8,14,16,18,22],"killed_by":"Cultist and Chosen","ascension_level":17}