{"gold_per_floor":[15,15,27,27,27,61,61,89,89,89],"floor_reached":10,"playtime":500,"items_purged":[],"score":133,"play_id":"ce49f796-56df-49c4-9736-3651c8519b1f","local_time":"20190221191414","is_ascension_mode":true,"campfire_choices":[{"floor":7,"key":"REST"}],"neow_cost":"NO_GOLD","seed_source_timestamp":380251053164368,"circlet_count":0,"master_deck":["AscendersBane","Strike_R","Strike_R","Strike_R","Strike_R","Strike_R","Defend_R","Defend_R","Defend_R","Defend_R","Bash","Deep Breath","Forethought","Sword Boomerang","Whirlwind","Evolve+1"],"relics":["Burning Blood","Frozen Egg 2","Gremlin Horn","Question Card","Potion Belt"],"potions_floor_usage":[6,6],"damage_taken":[{"damage":15,"enemies":"Small Slimes","floor":1,"turns":3},{"damage":7,"enemies":"Jaw Worm","floor":3,"turns":3},{"damage":20,"enemies":"Gremlin Nob","floor":6,"turns":4},{"damage":45,"enemies":"3 Sentries","floor":8,"turns":10},{"damage":38,"enemies":"Gremlin Nob","floor":10,"turns":3}],"seed_played":"-8411022738010140261","potions_obtained":[{"floor":1,"key":"Energy Potion"},{"floor":3,"key":"Block Potion"}],"is_trial":false,"path_per_floor":["M","?","M","?","?","E","R","E","T","E"],"character_chosen":"IRONCLAD","items_purchased":[],"campfire_rested":1,"item_purchase_floors":[],"current_hp_per_floor":[59,41,40,40,40,26,48,9,9,0],"gold":89,"neow_bonus":"RANDOM_COLORLESS_2","is_prod":false,"is_daily":false,"chose_seed":false,"campfire_upgraded":0,"win_rate":0,"timestamp":1550805254,"path_taken":["M","?","M","?","?","E","R","E","T","E"],"build_version":"2019-01-23","purchased_purges":0,"victory":false,"max_hp_per_floor":[75,75,75,75,75,75,75,75,75,75],"card_choices":[{"not_picked":["Rupture","True Grit"],"picked":"Sword Boomerang","floor":1},{"not_picked":["Headbutt","Wild Strike"],"picked":"Whirlwind","floor":3},{"not_picked":["Feed","Iron Wave"],"picked":"Evolve+1","floor":6},{"not_picked":["Thunderclap","Clash","Cleave"],"picked":"SKIP","floor":8}],"player_experience":540517,"relics_obtained":[{"floor":6,"key":"Gremlin Horn"},{"floor":8,"key":"Question Card"},{"floor":9,"key":"Potion Belt"}],"event_choices":[{"damage_healed":0,"gold_gain":0,"player_choice":"Success","damage_taken":18,"relics_obtained":["Frozen Egg 2"],"max_hp_gain":0,"max_hp_loss":0,"event_name":"Scrap Ooze","floor":2,"gold_loss":0},{"damage_healed":0,"gold_gain":0,"player_choice":"Ignored","damage_taken":0,"max_hp_gain":0,"max_hp_loss":0,"event_name":"Liars Game","floor":4,"gold_loss":0},{"damage_healed":0,"gold_gain":0,"player_choice":"Ignored","damage_taken":0,"max_hp_gain":0,"max_hp_loss":0,"event_name":"Shining Light","floor":5,"gold_loss":0}],"is_beta":false,"boss_relics":[],"items_purged_floors":[],"is_endless":false,"potions_floor_spawned":[1,3],"killed_by":"Gremlin Nob","ascension_level":16}