{"gold_per_floor":[113,263,3,3,3,37,37,54,101,101,117,147,166,37,37,108,108,118,66,166,166,166,166,201,201,225,225,238,238,265,265,265,265],"floor_reached":33,"playtime":1741,"items_purged":["Doubt"],"score":574,"play_id":"57a6d29c-b6ff-485b-a236-ca8d8296dcf4","local_time":"20190210135508","is_ascension_mode":true,"campfire_choices":[{"floor":7.0,"key":"REST"},{"data":"Crippling Poison","floor":10.0,"key":"SMITH"},{"data":"Bane","floor":15.0,"key":"SMITH"},{"data":"Trip","floor":23.0,"key":"SMITH"},{"data":"Ghostly","floor":29.0,"key":"SMITH"},{"data":"Ghostly","floor":32.0,"key":"SMITH"}],"neow_cost":"NONE","seed_source_timestamp":0,"circlet_count":0,"master_deck":["AscendersBane","Defend_G","Defend_G","Defend_G+1","Defend_G","Defend_G+1","Strike_G","Strike_G","Strike_G","Strike_G","Strike_G","Survivor","Neutralize+1","Crippling Poison+1","Well Laid Plans","Dagger Spray","Trip+1","Quick Slash","Leg Sweep","Deadly Poison","Poisoned Stab","Bane+1","Heel Hook","PiercingWail","After Image","Escape Plan","Backflip","Backflip+1","Ghostly+1","Ghostly+1","Ghostly+1"],"special_seed":0,"relics":["Ring of the Snake","Snake Skull","Letter Opener","Juzu Bracelet","Bag of Marbles","Eternal Feather","Du-Vu Doll","Matryoshka","Bottled Lightning","Art of War","War Paint","Bottled Tornado"],"potions_floor_usage":[],"damage_taken":[{"damage":4.0,"enemies":"Jaw Worm","floor":1.0,"turns":4.0},{"damage":17.0,"enemies":"3 Sentries","floor":6.0,"turns":11.0},{"damage":0.0,"enemies":"Small Slimes","floor":8.0,"turns":3.0},{"damage":0.0,"enemies":"Cultist","floor":11.0,"turns":4.0},{"damage":6.0,"enemies":"Lagavulin","floor":12.0,"turns":6.0},{"damage":0.0,"enemies":"Looter","floor":13.0,"turns":2.0},{"damage":17.0,"enemies":"Slime Boss","floor":16.0,"turns":9.0},{"damage":4.0,"enemies":"Shell Parasite","floor":18.0,"turns":5.0},{"damage":5.0,"enemies":"Colosseum Slavers","floor":20.0,"turns":6.0},{"damage":16.0,"enemies":"Colosseum Nobs","floor":20.0,"turns":5.0},{"damage":25.0,"enemies":"Slavers","floor":24.0,"turns":5.0},{"damage":0.0,"enemies":"Chosen","floor":28.0,"turns":3.0},{"damage":12.0,"enemies":"Gremlin Leader","floor":30.0,"turns":6.0},{"damage":0,"enemies":"Champ","floor":33,"turns":1}],"seed_played":"5289678819956206798","potions_obtained":[{"floor":0.0,"key":"SpeedPotion"},{"floor":0.0,"key":"SteroidPotion"},{"floor":0.0,"key":"Poison Potion"},{"floor":8.0,"key":"Fruit Juice"},{"floor":12.0,"key":"Weak Potion"},{"floor":16.0,"key":"Weak Potion"},{"floor":18.0,"key":"SpeedPotion"},{"floor":20.0,"key":"GamblersBrew"},{"floor":30.0,"key":"SteroidPotion"}],"is_trial":false,"path_per_floor":["M","?","$","?","T","E","R","M","T","R","M","E","M","$","R","B",null,"M","$","?","?","?","R","E","?","T","?","M","R","E","?","R","B"],"character_chosen":"THE_SILENT","items_purchased":["Well Laid Plans","Dagger Spray","Trip","Quick Slash","PiercingWail","Backflip"],"campfire_rested":1,"item_purchase_floors":[3,3,3,3,14,19],"current_hp_per_floor":[55,55,55,35,35,18,37,37,37,37,37,31,31,31,31,19,58,54,54,33,33,33,48,23,23,23,16,16,34,22,30,40,40],"gold":265,"neow_bonus":"THREE_SMALL_POTIONS","is_prod":false,"is_daily":false,"chose_seed":false,"campfire_upgraded":5,"win_rate":0,"timestamp":1549803308,"path_taken":["M","?","$","?","?","E","R","M","T","R","M","E","M","?","R","BOSS","M","$","?","?","?","R","E","?","T","?","M","R","E","?","R","BOSS"],"build_version":"2019-01-23","purchased_purges":1,"victory":false,"max_hp_per_floor":[66,66,66,66,66,66,66,66,66,66,66,66,66,66,66,71,71,71,71,71,71,71,71,71,35,35,40,40,40,40,40,40,40],"card_choices":[{"not_picked":["Deadly Poison","Doppelganger"],"picked":"Crippling Poison","floor":1.0},{"not_picked":["Acrobatics","Dodge and Roll"],"picked":"Leg Sweep","floor":6.0},{"not_picked":["Concentrate","Sucker Punch"],"picked":"Deadly Poison","floor":8.0},{"not_picked":["All Out Attack","Distraction"],"picked":"Poisoned Stab","floor":11.0},{"not_picked":["Concentrate","Escape Plan"],"picked":"Bane","floor":12.0},{"not_picked":["Distraction","Slice"],"picked":"Heel Hook","floor":13.0},{"not_picked":["Phantasmal Killer","A Thousand Cuts"],"picked":"After Image","floor":16.0},{"not_picked":["Deadly Poison","Outmaneuver"],"picked":"Escape Plan","floor":18.0},{"not_picked":["Bouncing Flask","Escape Plan"],"picked":"Backflip+1","floor":24.0},{"not_picked":["Blade Dance+1","Poisoned Stab","Endless Agony"],"picked":"SKIP","floor":28.0},{"not_picked":["Die Die Die","Choke","Quick Slash"],"picked":"SKIP","floor":30.0}],"player_experience":973146,"relics_obtained":[{"floor":5.0,"key":"Snake Skull"},{"floor":6.0,"key":"Letter Opener"},{"floor":9.0,"key":"Juzu Bracelet"},{"floor":12.0,"key":"Bag of Marbles"},{"floor":20.0,"key":"Du-Vu Doll"},{"floor":20.0,"key":"Matryoshka"},{"floor":24.0,"key":"Bottled Lightning"},{"floor":26.0,"key":"Art of War"},{"floor":26.0,"key":"War Paint"},{"floor":30.0,"key":"Bottled Tornado"}],"event_choices":[{"damage_healed":0.0,"max_hp_gain":0.0,"max_hp_loss":0.0,"gold_gain":150.0,"event_name":"Liars Game","player_choice":"AGREE","floor":2.0,"gold_loss":0.0,"damage_taken":0.0,"cards_obtained":["Doubt"]},{"damage_healed":0.0,"max_hp_gain":0.0,"max_hp_loss":0.0,"gold_gain":0.0,"event_name":"Shining Light","player_choice":"Entered Light","floor":4.0,"gold_loss":0.0,"damage_taken":20.0,"cards_upgraded":["Defend_G","Neutralize"]},{"damage_healed":0.0,"max_hp_gain":0.0,"max_hp_loss":0.0,"gold_gain":0.0,"event_name":"Colosseum","player_choice":"Fight","floor":20.0,"gold_loss":0.0,"damage_taken":0.0},{"damage_healed":0.0,"max_hp_gain":0.0,"max_hp_loss":0.0,"gold_gain":0.0,"event_name":"Colosseum","player_choice":"Fought Nobs","floor":20.0,"gold_loss":0.0,"damage_taken":0.0},{"damage_healed":0.0,"max_hp_gain":0.0,"max_hp_loss":0.0,"gold_gain":0.0,"event_name":"Cursed Tome","player_choice":"Ignored","floor":21.0,"gold_loss":0.0,"damage_taken":0.0},{"damage_healed":0.0,"max_hp_gain":0.0,"max_hp_loss":0.0,"gold_gain":0.0,"event_name":"Match and Keep!","player_choice":"0 cards matched","floor":22.0,"gold_loss":0.0,"damage_taken":0.0,"cards_obtained":[]},{"damage_healed":0.0,"max_hp_gain":0.0,"max_hp_loss":36.0,"gold_gain":0.0,"event_name":"Ghosts","player_choice":"Became a Ghost","floor":25.0,"gold_loss":0.0,"damage_taken":0.0,"cards_obtained":["Ghostly","Ghostly","Ghostly"]},{"damage_healed":0.0,"max_hp_gain":5.0,"max_hp_loss":0.0,"gold_gain":0.0,"event_name":"Forgotten Altar","player_choice":"Shed Blood","floor":27.0,"gold_loss":0.0,"damage_taken":12.0},{"damage_healed":8.0,"max_hp_gain":0.0,"max_hp_loss":0.0,"gold_gain":0.0,"event_name":"The Library","player_choice":"Heal","floor":31.0,"gold_loss":0.0,"damage_taken":0.0}],"is_beta":false,"boss_relics":[{"not_picked":["White Beast Statue","Tiny House"],"picked":"Eternal Feather"}],"items_purged_floors":[14],"is_endless":false,"potions_floor_spawned":[8,12,16,18,20,30],"killed_by":"Champ","ascension_level":20}