{"gold_per_floor":[15,25,25,25,25,69,92,106,106,106,106,130,130,148,148,148],"floor_reached":16,"playtime":385,"items_purged":[],"score":204,"play_id":"46a552f7-13cf-4ebf-b62f-7d1c0b2c58e6","local_time":"20190214223038","is_ascension_mode":true,"campfire_choices":[{"floor":11,"key":"REST"},{"data":"Noxious Fumes","floor":13,"key":"SMITH"},{"floor":15,"key":"REST"}],"neow_cost":"NO_GOLD","seed_source_timestamp":38002242605872,"circlet_count":0,"master_deck":["AscendersBane","Defend_G","Defend_G","Defend_G","Defend_G","Defend_G","Strike_G","Strike_G","Strike_G","Strike_G","Strike_G","Survivor","Neutralize","Corpse Explosion","Crippling Poison","Noxious Fumes+1","Crippling Poison","Bane"],"relics":["Ring of the Snake","Golden Idol","Boot","Singing Bowl"],"potions_floor_usage":[16,16],"damage_taken":[{"damage":7,"enemies":"2 Louse","floor":1,"turns":3},{"damage":0,"enemies":"Cultist","floor":2,"turns":4},{"damage":26,"enemies":"3 Sentries","floor":6,"turns":5},{"damage":9,"enemies":"Small Slimes","floor":7,"turns":3},{"damage":10,"enemies":"Exordium Wildlife","floor":8,"turns":3},{"damage":1,"enemies":"Gremlin Gang","floor":12,"turns":2},{"damage":15,"enemies":"Red Slaver","floor":14,"turns":4},{"damage":32,"enemies":"Hexaghost","floor":16,"turns":9}],"seed_played":"-5486377922757442117","potions_obtained":[{"floor":1,"key":"Weak Potion"},{"floor":6,"key":"SteroidPotion"},{"floor":10,"key":"FearPotion"}],"is_trial":false,"path_per_floor":["M","M","?","?","$","E","M","M","T","?","R","M","R","M","R","B"],"character_chosen":"THE_SILENT","items_purchased":[],"campfire_rested":2,"item_purchase_floors":[],"current_hp_per_floor":[52,52,52,52,52,26,17,7,7,7,25,26,26,13,32,0],"gold":148,"neow_bonus":"THREE_RARE_CARDS","is_prod":false,"is_daily":false,"chose_seed":false,"campfire_upgraded":1,"win_rate":0,"timestamp":1550179838,"path_taken":["M","M","?","?","$","E","M","M","T","?","R","?","R","M","R","BOSS"],"build_version":"2019-01-23","purchased_purges":0,"victory":false,"max_hp_per_floor":[66,66,66,60,60,60,60,60,60,60,60,62,62,64,64,64],"card_choices":[{"not_picked":["Doppelganger","Tools of the Trade"],"picked":"Corpse Explosion","floor":0},{"not_picked":["Sucker Punch","Cloak And Dagger"],"picked":"Crippling Poison","floor":1},{"not_picked":["Dagger Spray","Dagger Throw"],"picked":"Noxious Fumes","floor":2},{"not_picked":["Heel Hook","Dagger Spray"],"picked":"Crippling Poison","floor":6},{"not_picked":["Blade Dance","Sucker Punch","Underhanded Strike"],"picked":"SKIP","floor":7},{"not_picked":["Dagger Throw","Riddle With Holes"],"picked":"Bane","floor":8},{"not_picked":["Tactician","Prepared","PiercingWail"],"picked":"Singing Bowl","floor":12},{"not_picked":["Prepared","Quick Slash","Underhanded Strike"],"picked":"Singing Bowl","floor":14}],"player_experience":990315,"relics_obtained":[{"floor":6,"key":"Boot"},{"floor":9,"key":"Singing Bowl"}],"event_choices":[{"damage_healed":0,"gold_gain":0,"player_choice":"Ignored","damage_taken":0,"max_hp_gain":0,"max_hp_loss":0,"event_name":"Shining Light","floor":3,"gold_loss":0},{"damage_healed":0,"gold_gain":0,"player_choice":"Lose Max HP","damage_taken":0,"relics_obtained":["Golden Idol"],"max_hp_gain":0,"max_hp_loss":6,"event_name":"Golden Idol","floor":4,"gold_loss":0},{"damage_healed":0,"gold_gain":0,"player_choice":"Got Potions","damage_taken":0,"max_hp_gain":0,"max_hp_loss":0,"event_name":"Lab","floor":10,"gold_loss":0}],"is_beta":false,"boss_relics":[],"items_purged_floors":[],"is_endless":false,"potions_floor_spawned":[1,6],"killed_by":"Hexaghost","ascension_level":20}