{"gold_per_floor":[119,129,37,95,95,122,122,148,148,158,158,178,178,192,192,267,267,282,282,298,312,327,327,345,345,369,427,427,34,66,77,77,149,149,165,125,125],"floor_reached":37,"playtime":1814,"items_purged":["Strike_G"],"score":800,"play_id":"36663994-7611-4add-8952-50dab0ed11b9","local_time":"20190110192435","is_ascension_mode":true,"campfire_choices":[{"data":"Dash","floor":7,"key":"SMITH"},{"data":"Tools of the Trade","floor":11,"key":"SMITH"},{"data":"Poisoned Stab","floor":13,"key":"SMITH"},{"data":"Poisoned Stab","floor":15,"key":"SMITH"},{"floor":23,"key":"REST"},{"floor":25,"key":"REST"},{"floor":28,"key":"REST"},{"floor":32,"key":"REST"}],"neow_cost":"NONE","seed_source_timestamp":1751324013093517,"circlet_count":0,"master_deck":["AscendersBane","Defend_G","Defend_G","Defend_G","Defend_G","Defend_G","Strike_G","Strike_G","Strike_G","Survivor","Neutralize","Dash+1","Infinite Blades","Poisoned Stab+1","Tools of the Trade+1","Flying Knee","PiercingWail","Poisoned Stab+1","Calculated Gamble","Backflip","Blur","Poisoned Stab","Wraith Form v2","Terror","Quick Slash+1","Bane","Blind","Leg Sweep","Poisoned Stab","A Thousand Cuts","Well Laid Plans"],"relics":["Busted Crown","PreservedInsect","Ginger","Pantograph","Orrery","Strawberry","Tiny Chest","Snake Skull","Meat on the Bone","Cursed Key"],"potions_floor_usage":[6,16,18,24,31,33],"damage_taken":[{"damage":9,"enemies":"Jaw Worm","floor":1,"turns":5},{"damage":0,"enemies":"2 Louse","floor":2,"turns":2},{"damage":8,"enemies":"Gremlin Nob","floor":6,"turns":4},{"damage":10,"enemies":"3 Sentries","floor":8,"turns":7},{"damage":0,"enemies":"Cultist","floor":10,"turns":3},{"damage":3,"enemies":"Exordium Wildlife","floor":12,"turns":4},{"damage":14,"enemies":"Gremlin Gang","floor":14,"turns":4},{"damage":18,"enemies":"Hexaghost","floor":16,"turns":11},{"damage":5,"enemies":"2 Thieves","floor":18,"turns":4},{"damage":8,"enemies":"Chosen","floor":20,"turns":6},{"damage":10,"enemies":"Centurion and Healer","floor":21,"turns":7},{"damage":21,"enemies":"Shelled Parasite and Fungi","floor":22,"turns":6},{"damage":30,"enemies":"3 Cultists","floor":24,"turns":7},{"damage":16,"enemies":"Slavers","floor":27,"turns":5},{"damage":14,"enemies":"Book of Stabbing","floor":30,"turns":5},{"damage":25,"enemies":"Cultist and Chosen","floor":31,"turns":6},{"damage":61,"enemies":"Collector","floor":33,"turns":11},{"damage":19,"enemies":"Orb Walker","floor":35,"turns":4},{"damage":0,"enemies":"3 Shapes","floor":37,"turns":3}],"seed_played":"-2643923621895573952","potions_obtained":[{"floor":1,"key":"Block Potion"},{"floor":2,"key":"AttackPotion"},{"floor":12,"key":"FearPotion"},{"floor":22,"key":"Regen Potion"},{"floor":24,"key":"GamblersBrew"},{"floor":27,"key":"Explosive Potion"},{"floor":33,"key":"Poison Potion"}],"is_trial":false,"path_per_floor":["M","M","$","?","?","E","R","E","T","M","R","M","R","M","R","B",null,"M","?","M","M","M","R","M","R","T","E","R","$","E","M","R","B",null,"M","$","M"],"character_chosen":"THE_SILENT","items_purchased":["Infinite Blades","Poisoned Stab","Snake Skull","Bane","Blind","Well Laid Plans"],"campfire_rested":4,"item_purchase_floors":[3,3,29,29,29,36],"current_hp_per_floor":[50,50,50,50,50,42,42,32,32,32,32,29,29,15,15,22,55,50,50,42,32,11,30,15,34,41,25,46,46,32,19,40,16,59,40,40,40],"gold":125,"neow_bonus":"BOSS_RELIC","is_prod":false,"is_daily":false,"chose_seed":false,"campfire_upgraded":4,"win_rate":0,"timestamp":1547144675,"path_taken":["M","M","$","?","?","E","R","E","T","M","R","?","R","M","R","BOSS","M","?","M","M","M","R","M","R","T","E","R","$","E","M","R","BOSS","M","$","?"],"build_version":"2019-01-03v4","purchased_purges":1,"victory":false,"max_hp_per_floor":[66,66,66,66,66,66,66,66,66,66,66,66,66,66,66,66,66,66,66,66,66,66,66,66,66,73,73,73,73,73,73,73,73,73,73,73,73],"card_choices":[{"not_picked":[],"picked":"Dash","floor":1},{"not_picked":["Reflex"],"picked":"SKIP","floor":2},{"not_picked":[],"picked":"Tools of the Trade","floor":6},{"not_picked":[],"picked":"Flying Knee","floor":8},{"not_picked":[],"picked":"PiercingWail","floor":10},{"not_picked":[],"picked":"Poisoned Stab","floor":12},{"not_picked":[],"picked":"Calculated Gamble","floor":14},{"not_picked":[],"picked":"Backflip","floor":17},{"not_picked":[],"picked":"Blur","floor":17},{"not_picked":[],"picked":"Poisoned Stab","floor":17},{"not_picked":["Calculated Gamble"],"picked":"SKIP","floor":18},{"not_picked":["Outmaneuver"],"picked":"SKIP","floor":20},{"not_picked":[],"picked":"Terror","floor":21},{"not_picked":["Outmaneuver"],"picked":"SKIP","floor":22},{"not_picked":[],"picked":"Quick Slash+1","floor":24},{"not_picked":["Caltrops"],"picked":"SKIP","floor":27},{"not_picked":[],"picked":"Leg Sweep","floor":30},{"not_picked":[],"picked":"Poisoned Stab","floor":31},{"not_picked":[],"picked":"A Thousand Cuts","floor":33},{"not_picked":["PiercingWail"],"picked":"SKIP","floor":35}],"player_experience":845495,"relics_obtained":[{"floor":6,"key":"PreservedInsect"},{"floor":8,"key":"Ginger"},{"floor":9,"key":"Pantograph"},{"floor":26,"key":"Strawberry"},{"floor":27,"key":"Tiny Chest"},{"floor":30,"key":"Meat on the Bone"}],"event_choices":[{"damage_healed":0,"gold_gain":58,"player_choice":"Gained Gold","damage_taken":0,"max_hp_gain":0,"max_hp_loss":0,"event_name":"Golden Wing","floor":4,"gold_loss":0},{"cards_removed":["Strike_G"],"damage_healed":0,"gold_gain":0,"player_choice":"Purged","damage_taken":0,"max_hp_gain":0,"max_hp_loss":0,"event_name":"Purifier","floor":5,"gold_loss":0},{"damage_healed":0,"gold_gain":0,"player_choice":"1 cards matched","damage_taken":0,"max_hp_gain":0,"max_hp_loss":0,"event_name":"Match and Keep!","floor":19,"gold_loss":0,"cards_obtained":["Wraith Form v2"]}],"is_beta":false,"boss_relics":[{"not_picked":["Runic Dome","Philosopher\u0027s Stone"],"picked":"Orrery"},{"not_picked":["Black Star","Coffee Dripper"],"picked":"Cursed Key"}],"items_purged_floors":[29],"is_endless":false,"potions_floor_spawned":[1,2,12,14,22,24,27,33],"killed_by":"3 Shapes","ascension_level":17}