{"gold_per_floor":[109,126,126,144,144,175,175,210,258,258,258,258,284,294,294,371,371,383,383,383],"floor_reached":20,"playtime":929,"items_purged":[],"score":342,"play_id":"1930ef26-ab6b-46da-8ae0-74ba385bf61a","local_time":"20190225214550","is_ascension_mode":true,"campfire_choices":[{"floor":7,"key":"REST"},{"floor":10,"key":"REST"},{"floor":12,"key":"REST"},{"floor":15,"key":"REST"}],"neow_cost":"NONE","seed_source_timestamp":734535856495052,"circlet_count":0,"master_deck":["AscendersBane","Strike_R","Strike_R","Strike_R","Strike_R","Strike_R","Defend_R","Defend_R","Defend_R","Defend_R","Bash","Perfected Strike","Twin Strike","Shrug It Off","Pommel Strike","Flame Barrier","Double Tap","Warcry","Reaper","Warcry","Ghostly","Ghostly","Ghostly"],"relics":["Runic Pyramid","Matryoshka","Potion Belt","Happy Flower","Art of War","Shuriken","White Beast Statue"],"potions_floor_usage":[14,16,20,20],"damage_taken":[{"damage":7,"enemies":"Jaw Worm","floor":1,"turns":3},{"damage":2,"enemies":"2 Louse","floor":2,"turns":3},{"damage":10,"enemies":"Small Slimes","floor":4,"turns":3},{"damage":20,"enemies":"Gremlin Nob","floor":6,"turns":4},{"damage":40,"enemies":"Lagavulin","floor":8,"turns":8},{"damage":38,"enemies":"Gremlin Nob","floor":13,"turns":5},{"damage":12,"enemies":"Exordium Wildlife","floor":14,"turns":3},{"damage":11,"enemies":"The Guardian","floor":16,"turns":15},{"damage":13,"enemies":"Spheric Guardian","floor":18,"turns":4},{"damage":4,"enemies":"Colosseum Slavers","floor":20,"turns":8},{"damage":76,"enemies":"Colosseum Nobs","floor":20,"turns":5}],"seed_played":"3949875625638724318","potions_obtained":[{"floor":13,"key":"Explosive Potion"},{"floor":14,"key":"Dexterity Potion"},{"floor":16,"key":"FearPotion"},{"floor":18,"key":"AttackPotion"}],"is_trial":false,"path_per_floor":["M","M","?","M","?","E","R","E","T","R","?","R","E","M","R","B",null,"M","?","?"],"character_chosen":"IRONCLAD","items_purchased":[],"campfire_rested":4,"item_purchase_floors":[],"current_hp_per_floor":[61,59,59,49,49,29,51,11,11,33,38,62,24,12,36,25,66,53,40,0],"gold":383,"neow_bonus":"BOSS_RELIC","is_prod":false,"is_daily":false,"chose_seed":false,"campfire_upgraded":0,"win_rate":0,"timestamp":1551159950,"path_taken":["M","M","?","M","?","E","R","E","T","R","?","R","E","M","R","BOSS","M","?","?"],"build_version":"2019-01-23","purchased_purges":0,"victory":false,"max_hp_per_floor":[75,75,75,75,75,75,75,75,75,75,80,80,80,80,80,80,80,80,40,40],"card_choices":[{"not_picked":["Clash","Sword Boomerang"],"picked":"Perfected Strike","floor":1},{"not_picked":["Wild Strike","Clothesline"],"picked":"Twin Strike","floor":2},{"not_picked":["Blood for Blood","Thunderclap"],"picked":"Shrug It Off","floor":4},{"not_picked":["Sever Soul","Havoc"],"picked":"Pommel Strike","floor":6},{"not_picked":["Ghostly Armor","Wild Strike"],"picked":"Flame Barrier","floor":8},{"not_picked":["Body Slam","Shrug It Off"],"picked":"Double Tap","floor":13},{"not_picked":["Combust","Shrug It Off"],"picked":"Warcry","floor":14},{"not_picked":["Exhume","Immolate"],"picked":"Reaper","floor":16},{"not_picked":["Clash","Shockwave"],"picked":"Warcry","floor":18}],"player_experience":558575,"relics_obtained":[{"floor":6,"key":"Matryoshka"},{"floor":8,"key":"Potion Belt"},{"floor":9,"key":"Happy Flower"},{"floor":9,"key":"Art of War"},{"floor":13,"key":"Shuriken"}],"event_choices":[{"damage_healed":0,"gold_gain":0,"player_choice":"Ignored","damage_taken":0,"max_hp_gain":0,"max_hp_loss":0,"event_name":"Liars Game","floor":3,"gold_loss":0},{"damage_healed":0,"gold_gain":0,"player_choice":"Ignored","damage_taken":0,"max_hp_gain":0,"max_hp_loss":0,"event_name":"Shining Light","floor":5,"gold_loss":0},{"damage_healed":0,"gold_gain":0,"player_choice":"Donut","damage_taken":0,"max_hp_gain":5,"max_hp_loss":0,"event_name":"Big Fish","floor":11,"gold_loss":0},{"damage_healed":0,"gold_gain":0,"player_choice":"Became a Ghost","damage_taken":0,"max_hp_gain":0,"max_hp_loss":40,"event_name":"Ghosts","floor":19,"gold_loss":0,"cards_obtained":["Ghostly","Ghostly","Ghostly"]},{"damage_healed":0,"gold_gain":0,"player_choice":"Fight","damage_taken":0,"max_hp_gain":0,"max_hp_loss":0,"event_name":"Colosseum","floor":20,"gold_loss":0},{"damage_healed":0,"gold_gain":0,"player_choice":"Fought Nobs","damage_taken":0,"max_hp_gain":0,"max_hp_loss":0,"event_name":"Colosseum","floor":20,"gold_loss":0}],"is_beta":false,"boss_relics":[{"not_picked":["Astrolabe","Cursed Key"],"picked":"White Beast Statue"}],"items_purged_floors":[],"is_endless":false,"potions_floor_spawned":[13,14,16,18,20],"killed_by":"Colosseum Nobs","ascension_level":16}