{"gold_per_floor":[109,109,124,137,157,157,186,186,268,268,298,298,314,348,348,443,443,462,462,462,462,462,462],"floor_reached":23,"playtime":1314,"items_purged":[],"score":300,"play_id":"8d4a9ed7-812d-4196-92d4-095c7bde35bf","local_time":"20190221141002","is_ascension_mode":true,"campfire_choices":[{"floor":6,"key":"REST"},{"data":"Armaments","floor":8,"key":"SMITH"},{"data":"Havoc","floor":15,"key":"SMITH"}],"neow_cost":"PERCENT_DAMAGE","seed_source_timestamp":498509923212904,"circlet_count":0,"master_deck":["Strike_R","Strike_R+1","Strike_R","Strike_R","Defend_R","Defend_R","Defend_R+1","Bash","Body Slam","Armaments+1","Havoc+1","Power Through","Demon Form","Feed","Warcry","Ghostly Armor","Pommel Strike"],"relics":["Burning Blood","Incense Burner","Magic Flower","Gremlin Horn","Matryoshka","Dream Catcher","Pantograph","Fusion Hammer","Red Skull","Juzu Bracelet","Shuriken"],"potions_floor_usage":[7,14,18],"damage_taken":[{"damage":10,"enemies":"2 Louse","floor":1,"turns":4},{"damage":5,"enemies":"Jaw Worm","floor":3,"turns":3},{"damage":1,"enemies":"Small Slimes","floor":4,"turns":5},{"damage":13,"enemies":"Blue Slaver","floor":5,"turns":4},{"damage":14,"enemies":"Gremlin Nob","floor":7,"turns":5},{"damage":10,"enemies":"Lagavulin","floor":11,"turns":7},{"damage":1,"enemies":"3 Louse","floor":13,"turns":4},{"damage":16,"enemies":"Gremlin Nob","floor":14,"turns":5},{"damage":51,"enemies":"The Guardian","floor":16,"turns":11},{"damage":8,"enemies":"3 Byrds","floor":18,"turns":7},{"damage":68,"enemies":"Gremlin Leader","floor":23,"turns":6}],"seed_played":"277972398890591064","potions_obtained":[{"floor":1,"key":"Weak Potion"},{"floor":7,"key":"EssenceOfSteel"},{"floor":14,"key":"Explosive Potion"}],"is_trial":false,"path_per_floor":["M","?","M","M","M","R","E","R","T","T","E","?","M","E","R","B",null,"M","?","?","T","?","E"],"character_chosen":"IRONCLAD","items_purchased":[],"campfire_rested":1,"item_purchase_floors":[],"current_hp_per_floor":[47,31,32,37,30,54,46,46,46,46,45,71,79,72,72,38,70,76,76,60,60,60,0],"gold":462,"neow_bonus":"ONE_RARE_RELIC","is_prod":false,"is_daily":false,"chose_seed":false,"campfire_upgraded":2,"win_rate":0,"timestamp":1550736602,"path_taken":["M","?","M","M","M","R","E","R","T","?","E","?","M","E","R","BOSS","M","?","?","?","?","E"],"build_version":"2019-01-23","purchased_purges":0,"victory":false,"max_hp_per_floor":[80,80,80,80,80,80,80,80,80,80,80,80,80,80,80,80,80,83,83,88,88,88,88],"card_choices":[{"not_picked":["Havoc","Blood for Blood"],"picked":"Body Slam","floor":1},{"not_picked":["Heavy Blade","True Grit"],"picked":"Armaments","floor":3},{"not_picked":["Twin Strike","Inflame","Cleave"],"picked":"SKIP","floor":4},{"not_picked":["Thunderclap","Spot Weakness"],"picked":"Havoc","floor":5},{"not_picked":["Clash","Body Slam"],"picked":"Power Through","floor":7},{"not_picked":["Clash","Intimidate","Anger"],"picked":"SKIP","floor":11},{"not_picked":["Combust","Twin Strike"],"picked":"Demon Form","floor":13},{"not_picked":["Armaments","Pommel Strike","Clothesline"],"picked":"SKIP","floor":14},{"not_picked":["Berserk","Demon Form"],"picked":"Feed","floor":16},{"not_picked":["Searing Blow","Cleave"],"picked":"Warcry","floor":18}],"player_experience":847632,"relics_obtained":[{"floor":7,"key":"Magic Flower"},{"floor":9,"key":"Gremlin Horn"},{"floor":10,"key":"Matryoshka"},{"floor":11,"key":"Dream Catcher"},{"floor":14,"key":"Pantograph"},{"floor":21,"key":"Juzu Bracelet"},{"floor":21,"key":"Shuriken"}],"event_choices":[{"damage_healed":0,"gold_gain":0,"player_choice":"Entered Light","damage_taken":16,"max_hp_gain":0,"max_hp_loss":0,"event_name":"Shining Light","floor":2,"gold_loss":0,"cards_upgraded":["Defend_R","Strike_R"]},{"damage_healed":26,"gold_gain":0,"player_choice":"Banana","damage_taken":0,"max_hp_gain":0,"max_hp_loss":0,"event_name":"Big Fish","floor":12,"gold_loss":0},{"damage_healed":0,"gold_gain":0,"player_choice":"Opened","damage_taken":0,"relics_obtained":["Red Skull"],"max_hp_gain":0,"max_hp_loss":0,"event_name":"The Mausoleum","floor":19,"gold_loss":0},{"damage_healed":0,"gold_gain":0,"player_choice":"Shed Blood","damage_taken":21,"max_hp_gain":5,"max_hp_loss":0,"event_name":"Forgotten Altar","floor":20,"gold_loss":0},{"damage_healed":0,"gold_gain":0,"cards_transformed":["Strike_R","Defend_R"],"player_choice":"Became Test Subject","damage_taken":0,"max_hp_gain":0,"max_hp_loss":0,"event_name":"Drug Dealer","floor":22,"gold_loss":0,"cards_obtained":["Ghostly Armor","Pommel Strike"]}],"is_beta":false,"boss_relics":[{"not_picked":["Tiny House","White Beast Statue"],"picked":"Fusion Hammer"}],"items_purged_floors":[],"is_endless":false,"potions_floor_spawned":[1,7,14],"killed_by":"Gremlin Leader","ascension_level":9}