{"gold_per_floor":[112,112,135,135,210,210,249,249,249,262,303,453,40,60,60,151,214,227,0,14,14,27,27,61,61,61,61,111,23,48,65,65,139,139,153,153,253,272,196,196,16,16,16,33,33,58,58,86,86,86],"floor_reached":51,"playtime":1735,"items_purged":["Doubt"],"score":1457,"play_id":"e2cddd4b-c516-4623-bf3f-da7dfc2ffa03","local_time":"20190220012239","is_ascension_mode":true,"campfire_choices":[{"data":"Heavy Blade","floor":6.0,"key":"SMITH"},{"data":"Armaments","floor":15.0,"key":"SMITH"},{"data":"Heavy Blade","floor":23.0,"key":"SMITH"},{"data":"Intimidate","floor":25.0,"key":"SMITH"},{"data":"Rage","floor":32.0,"key":"SMITH"},{"data":"Hemokinesis","floor":40.0,"key":"SMITH"},{"data":"Exhume","floor":47.0,"key":"SMITH"},{"data":"Seeing Red","floor":49.0,"key":"SMITH"}],"neow_cost":"NONE","seed_source_timestamp":0,"circlet_count":0,"master_deck":["AscendersBane","Strike_R","Strike_R","Strike_R+1","Defend_R","Defend_R","Defend_R","Defend_R","Bash+1","Heavy Blade+1","Intimidate+1","Feed","Hemokinesis+1","Ghostly Armor","Reaper","Armaments+1","Heavy Blade+1","Dropkick","Shrug It Off","Seeing Red+1","Rage+1","Seeing Red+1","Fiend Fire","Exhume+1","Reaper","Shrug It Off+1"],"special_seed":0,"relics":["Burning Blood","NeowsBlessing","Bloody Idol","Shuriken","Red Skull","Paper Frog","Tiny House","Brimstone","Ornamental Fan","Bag of Marbles","Pantograph","Coffee Dripper","Calipers","Toxic Egg 2","Vajra"],"potions_floor_usage":[50],"damage_taken":[{"damage":0.0,"enemies":"Jaw Worm","floor":1.0,"turns":1.0},{"damage":0.0,"enemies":"2 Louse","floor":3.0,"turns":1.0},{"damage":0.0,"enemies":"3 Sentries","floor":7.0,"turns":2.0},{"damage":9.0,"enemies":"Cultist","floor":10.0,"turns":3.0},{"damage":31.0,"enemies":"Lagavulin","floor":11.0,"turns":7.0},{"damage":12.0,"enemies":"Looter","floor":14.0,"turns":3.0},{"damage":23.0,"enemies":"Hexaghost","floor":16.0,"turns":7.0},{"damage":78.0,"enemies":"3 Byrds","floor":18.0,"turns":7.0},{"damage":0.0,"enemies":"Chosen","floor":20.0,"turns":2.0},{"damage":24.0,"enemies":"Snake Plant","floor":22.0,"turns":2.0},{"damage":10.0,"enemies":"Gremlin Leader","floor":24.0,"turns":4.0},{"damage":51.0,"enemies":"Slavers","floor":30.0,"turns":6.0},{"damage":4.0,"enemies":"Cultist and Chosen","floor":31.0,"turns":3.0},{"damage":46.0,"enemies":"Champ","floor":33.0,"turns":8.0},{"damage":17.0,"enemies":"3 Shapes","floor":35.0,"turns":6.0},{"damage":54.0,"enemies":"Mind Bloom Boss Battle","floor":37.0,"turns":5.0},{"damage":2.0,"enemies":"Orb Walker","floor":38.0,"turns":2.0},{"damage":23.0,"enemies":"Maw","floor":44.0,"turns":5.0},{"damage":76.0,"enemies":"Giant Head","floor":46.0,"turns":7.0},{"damage":71.0,"enemies":"Nemesis","floor":48.0,"turns":7.0},{"damage":151,"enemies":"Donu and Deca","floor":50,"turns":8}],"seed_played":"1193101014329271592","potions_obtained":[{"floor":3.0,"key":"Explosive Potion"},{"floor":14.0,"key":"GamblersBrew"},{"floor":20.0,"key":"SkillPotion"},{"floor":24.0,"key":"Fire Potion"},{"floor":44.0,"key":"Dexterity Potion"},{"floor":48.0,"key":"SteroidPotion"}],"is_trial":false,"path_per_floor":["M","?","M","?","?","R","E","?","T","M","E","?","$","M","R","B",null,"M","$","M","?","M","R","E","R","T","$","?","$","E","M","R","B",null,"M","?","?","M","$","R","$","?","T","M","$","E","R","E","R","B",null],"character_chosen":"IRONCLAD","items_purchased":["Paper Frog","Energy Potion","Brimstone","Rage","Exhume","Reaper"],"campfire_rested":0,"item_purchase_floors":[13,13,19,29,39,41],"current_hp_per_floor":[74,48,54,54,43,43,49,49,49,49,24,24,24,30,30,13,67,19,19,25,25,21,21,22,22,22,22,27,27,35,42,42,36,74,86,86,71,80,80,80,80,80,80,86,86,86,86,28,28,20],"gold":86,"neow_bonus":"THREE_ENEMY_KILL","is_prod":false,"is_daily":false,"chose_seed":false,"campfire_upgraded":8,"win_rate":0,"timestamp":1550596959,"path_taken":["M","?","M","?","?","R","E","?","T","?","E","?","$","M","R","BOSS","M","$","M","?","M","R","E","R","T","$","?","$","E","M","R","BOSS","M","?","?","M","$","R","$","?","T","?","?","E","R","E","R","BOSS"],"build_version":"2019-02-06","purchased_purges":1,"victory":true,"max_hp_per_floor":[75,75,75,75,75,75,75,75,75,78,78,78,78,78,78,78,83,83,83,83,83,83,83,83,83,83,83,83,83,86,86,86,86,86,86,86,86,86,86,86,86,86,86,86,86,86,86,86,86,86],"card_choices":[{"not_picked":["Cleave","Warcry"],"picked":"Heavy Blade","floor":1.0},{"not_picked":["Clash","Body Slam"],"picked":"Intimidate","floor":3.0},{"not_picked":["Wild Strike","Shockwave"],"picked":"Feed","floor":7.0},{"not_picked":["Wild Strike","Clothesline"],"picked":"Ghostly Armor","floor":10.0},{"not_picked":["Armaments","Pommel Strike"],"picked":"Reaper","floor":11.0},{"not_picked":["Twin Strike","Clothesline"],"picked":"Armaments","floor":14.0},{"not_picked":["Reaper","Immolate"],"picked":"Demon Form","floor":16.0},{"not_picked":["Warcry","Metallicize"],"picked":"Heavy Blade","floor":17.0},{"not_picked":["Flex","Clothesline"],"picked":"Dropkick","floor":18.0},{"not_picked":["Warcry","Blood for Blood+1","Anger"],"picked":"SKIP","floor":20.0},{"not_picked":["Thunderclap","Twin Strike"],"picked":"Shrug It Off","floor":22.0},{"not_picked":["Barricade","True Grit+1"],"picked":"Seeing Red+1","floor":24.0},{"not_picked":["Burning Pact+1","Twin Strike"],"picked":"Seeing Red","floor":30.0},{"not_picked":["Thunderclap+1","Clash","Dual Wield"],"picked":"SKIP","floor":31.0},{"not_picked":["Impervious","Bludgeon"],"picked":"Fiend Fire","floor":33.0},{"not_picked":["Shrug It Off","Cleave+1","Clash"],"picked":"SKIP","floor":35.0},{"not_picked":["Wild Strike+1","Power Through","Warcry"],"picked":"SKIP","floor":38.0},{"not_picked":["Anger+1","Feel No Pain","Warcry+1"],"picked":"SKIP","floor":44.0},{"not_picked":["Clothesline+1","Feel No Pain+1","Twin Strike"],"picked":"SKIP","floor":46.0},{"not_picked":["Bludgeon","Body Slam"],"picked":"Shrug It Off+1","floor":48.0}],"player_experience":723902,"relics_obtained":[{"floor":9.0,"key":"Shuriken"},{"floor":11.0,"key":"Red Skull"},{"floor":24.0,"key":"Ornamental Fan"},{"floor":26.0,"key":"Bag of Marbles"},{"floor":30.0,"key":"Pantograph"},{"floor":37.0,"key":"Calipers"},{"floor":46.0,"key":"Toxic Egg 2"},{"floor":48.0,"key":"Vajra"}],"event_choices":[{"damage_healed":0.0,"max_hp_gain":0.0,"max_hp_loss":0.0,"gold_gain":0.0,"event_name":"Golden Idol","player_choice":"Take Damage","floor":2.0,"gold_loss":0.0,"damage_taken":26.0,"relics_obtained":["Golden Idol"]},{"damage_healed":0.0,"max_hp_gain":0.0,"max_hp_loss":0.0,"gold_gain":0.0,"event_name":"Living Wall","player_choice":"Grow","floor":4.0,"gold_loss":0.0,"damage_taken":0.0,"cards_upgraded":["Bash"]},{"damage_healed":0.0,"max_hp_gain":0.0,"max_hp_loss":0.0,"gold_gain":75.0,"event_name":"World of Goop","player_choice":"Gather Gold","floor":5.0,"gold_loss":0.0,"damage_taken":11.0},{"damage_healed":0.0,"max_hp_gain":0.0,"max_hp_loss":0.0,"gold_gain":0.0,"cards_transformed":["Strike_R"],"event_name":"Transmorgrifier","player_choice":"Transformed","floor":8.0,"gold_loss":0.0,"damage_taken":0.0,"cards_obtained":["Hemokinesis"]},{"damage_healed":0.0,"max_hp_gain":0.0,"max_hp_loss":0.0,"gold_gain":150.0,"event_name":"Liars Game","player_choice":"AGREE","floor":12.0,"gold_loss":0.0,"damage_taken":0.0,"cards_obtained":["Doubt"]},{"damage_healed":0.0,"max_hp_gain":0.0,"max_hp_loss":0.0,"gold_gain":0.0,"event_name":"Forgotten Altar","player_choice":"Gave Idol","floor":21.0,"relics_lost":["Golden Idol"],"gold_loss":0.0,"damage_taken":0.0,"relics_obtained":["Bloody Idol"]},{"damage_healed":0.0,"max_hp_gain":0.0,"max_hp_loss":0.0,"gold_gain":50.0,"event_name":"Nest","player_choice":"Stole From Cult","floor":28.0,"gold_loss":0.0,"damage_taken":0.0},{"cards_removed":["Strike_R"],"damage_healed":0.0,"max_hp_gain":0.0,"max_hp_loss":0.0,"gold_gain":0.0,"event_name":"Falling","player_choice":"Removed Attack","floor":36.0,"gold_loss":0.0,"damage_taken":0.0},{"damage_healed":0.0,"max_hp_gain":0.0,"max_hp_loss":0.0,"gold_gain":0.0,"event_name":"MindBloom","player_choice":"Fight","floor":37.0,"gold_loss":0.0,"damage_taken":0.0},{"cards_removed":["Demon Form"],"damage_healed":0.0,"max_hp_gain":0.0,"max_hp_loss":0.0,"gold_gain":0.0,"event_name":"Purifier","player_choice":"Purged","floor":42.0,"gold_loss":0.0,"damage_taken":0.0}],"is_beta":true,"boss_relics":[{"not_picked":["White Beast Statue","Runic Dome"],"picked":"Tiny House"},{"not_picked":["Orrery","Runic Pyramid"],"picked":"Coffee Dripper"}],"items_purged_floors":[13],"is_endless":false,"potions_floor_spawned":[3,14,18,20,24,44,48],"ascension_level":17}