{"gold_per_floor":[110,125,125,140,158,185,203,203,203,203],"floor_reached":10,"playtime":451,"items_purged":[],"score":123,"play_id":"b94654bc-a736-4fbb-be87-53e83fe8842c","local_time":"20190114223639","is_ascension_mode":true,"campfire_choices":[{"floor":8,"key":"REST"}],"neow_cost":"CURSE","seed_source_timestamp":437410372783430,"circlet_count":0,"master_deck":["AscendersBane","Strike_R","Strike_R","Strike_R","Strike_R","Strike_R","Defend_R","Defend_R","Defend_R","Defend_R","Bash","Writhe","Wild Strike","Combust","Rupture","Corruption","Entrench","Power Through"],"relics":["Burning Blood","Du-Vu Doll","Girya","Mummified Hand","Ornamental Fan"],"potions_floor_usage":[6,6,7],"damage_taken":[{"damage":1,"enemies":"Cultist","floor":1,"turns":3},{"damage":0,"enemies":"Small Slimes","floor":2,"turns":3},{"damage":12,"enemies":"2 Louse","floor":4,"turns":2},{"damage":51,"enemies":"Exordium Thugs","floor":5,"turns":4},{"damage":14,"enemies":"Lagavulin","floor":6,"turns":5},{"damage":12,"enemies":"Red Slaver","floor":7,"turns":4},{"damage":35,"enemies":"3 Sentries","floor":10,"turns":7}],"seed_played":"342211466262780902","potions_obtained":[{"floor":2,"key":"GamblersBrew"},{"floor":5,"key":"PowerPotion"},{"floor":6,"key":"Strength Potion"}],"is_trial":false,"path_per_floor":["M","M","T","M","M","E","M","R","T","E"],"character_chosen":"IRONCLAD","items_purchased":[],"campfire_rested":1,"item_purchase_floors":[],"current_hp_per_floor":[73,75,75,69,24,16,10,32,32,0],"gold":203,"neow_bonus":"ONE_RARE_RELIC","is_prod":false,"is_daily":false,"chose_seed":false,"campfire_upgraded":0,"win_rate":0,"timestamp":1547534199,"path_taken":["M","?","?","?","M","E","M","R","T","E"],"build_version":"2019-01-10","purchased_purges":0,"victory":false,"max_hp_per_floor":[75,75,75,75,75,75,75,75,75,75],"card_choices":[{"not_picked":["Rage","Cleave"],"picked":"Wild Strike","floor":1},{"not_picked":["Flex","Flame Barrier"],"picked":"Combust","floor":2},{"not_picked":["Cleave","Wild Strike"],"picked":"Rupture","floor":4},{"not_picked":["Thunderclap","Infernal Blade"],"picked":"Corruption","floor":5},{"not_picked":["Cleave","Heavy Blade"],"picked":"Entrench","floor":6},{"not_picked":["Anger","Ghostly Armor"],"picked":"Power Through","floor":7}],"player_experience":483426,"relics_obtained":[{"floor":3,"key":"Girya"},{"floor":6,"key":"Mummified Hand"},{"floor":9,"key":"Ornamental Fan"}],"event_choices":[],"is_beta":false,"boss_relics":[],"items_purged_floors":[],"is_endless":false,"potions_floor_spawned":[2,5,6],"killed_by":"3 Sentries","ascension_level":15}