{"gold_per_floor":[11,25,45,61,71,71,86,86,86,99,116,116,134,148,148,251,251,269,237,237,237,152,164,47,59,59,78,95,95,95,114,114,211,211,226,241,255,255,255,271,286,286,286,298,309,309,322,322],"floor_reached":48,"playtime":6583,"items_purged":["Strike_R"],"score":490,"play_id":"f289ce16-f597-4e9f-b569-52eaf7acc372","local_time":"20190218002031","is_ascension_mode":false,"campfire_choices":[{"data":"Seeing Red","floor":6,"key":"SMITH"},{"data":"Flame Barrier","floor":8,"key":"SMITH"},{"floor":12,"key":"REST"},{"data":"Pommel Strike","floor":15,"key":"SMITH"},{"floor":23,"key":"REST"},{"floor":29,"key":"REST"},{"data":"Barricade","floor":32,"key":"SMITH"},{"floor":46,"key":"REST"}],"neow_cost":"NO_GOLD","seed_source_timestamp":0,"circlet_count":0,"master_deck":["Defend_R","Defend_R","Defend_R","Defend_R","Bash","Panacea","Blind","Flex","Burning Pact","Seeing Red+1","Cleave","Reckless Charge","Flame Barrier+1","Pommel Strike+1","Metallicize","Warcry","Iron Wave","Barricade+1","Carnage","Anger","Iron Wave+1","Entrench+1","Rage","Bite","Bite","Bite","Bite","Bite","Shrug It Off","Juggernaut","Pommel Strike","Headbutt+1","Battle Trance+1","Madness","Madness","Anger+1","Body Slam+1","Feel No Pain+1","Disarm"],"special_seed":0,"relics":["Black Blood","Shuriken","MutagenicStrength","MawBank","Meat on the Bone","Mark of Pain"],"potions_floor_usage":[42,44,45,48],"damage_taken":[{"damage":2.0,"enemies":"Small Slimes","floor":1.0,"turns":7.0},{"damage":7.0,"enemies":"2 Louse","floor":2.0,"turns":3.0},{"damage":0.0,"enemies":"Jaw Worm","floor":3.0,"turns":6.0},{"damage":4.0,"enemies":"Exordium Wildlife","floor":4.0,"turns":4.0},{"damage":9,"enemies":"Looter","floor":5,"turns":4},{"damage":9,"enemies":"Blue Slaver","floor":7,"turns":3},{"damage":20,"enemies":"Large Slime","floor":10,"turns":7},{"damage":7,"enemies":"Gremlin Gang","floor":11,"turns":2},{"damage":9,"enemies":"Exordium Wildlife","floor":13,"turns":4},{"damage":0,"enemies":"Looter","floor":14,"turns":2},{"damage":49,"enemies":"Hexaghost","floor":16,"turns":11},{"damage":32,"enemies":"Spheric Guardian","floor":18,"turns":9},{"damage":51,"enemies":"2 Thieves","floor":19,"turns":5},{"damage":22,"enemies":"3 Cultists","floor":25,"turns":6},{"damage":21,"enemies":"Cultist and Chosen","floor":27,"turns":8},{"damage":36,"enemies":"Snecko","floor":28,"turns":8},{"damage":21,"enemies":"Chosen and Byrds","floor":31,"turns":8},{"damage":40,"enemies":"Champ","floor":33,"turns":16},{"damage":19,"enemies":"3 Shapes","floor":35,"turns":6},{"damage":28,"enemies":"Orb Walker","floor":36,"turns":4},{"damage":13,"enemies":"Sphere and 2 Shapes","floor":37,"turns":5},{"damage":21,"enemies":"Transient","floor":40,"turns":5},{"damage":53,"enemies":"4 Shapes","floor":41,"turns":8},{"damage":21,"enemies":"Writhing Mass","floor":42,"turns":2},{"damage":20,"enemies":"Sphere and 2 Shapes","floor":44,"turns":7},{"damage":30,"enemies":"Jaw Worm Horde","floor":45,"turns":5},{"damage":46,"enemies":"3 Darklings","floor":47,"turns":8},{"damage":45,"enemies":"Spire Growth","floor":48,"turns":4}],"seed_played":"-5319523517684065364","potions_obtained":[{"floor":4,"key":"SteroidPotion"},{"floor":5,"key":"Ancient Potion"},{"floor":10,"key":"EssenceOfSteel"},{"floor":14,"key":"SmokeBomb"},{"floor":19,"key":"Weak Potion"},{"floor":25,"key":"Fire Potion"},{"floor":40,"key":"Energy Potion"},{"floor":45,"key":"GamblersBrew"}],"is_trial":false,"path_per_floor":["M","M","M","M","M","R","M","R","T","M","M","R","M","M","R","B",null,"M","M","?","?","?","R","$","M","T","M","M","R","?","M","R","B",null,"M","M","M","?","?","M","M","M","T","M","M","R","M","M"],"character_chosen":"IRONCLAD","items_purchased":["Anger"],"campfire_rested":4,"item_purchase_floors":[24],"current_hp_per_floor":[80,79,80,80,77,77,74,74,74,60,59,80,77,80,80,37,80,58,17,17,43,43,67,67,55,55,56,42,66,56,48,48,42,56,53,40,43,36,56,47,24,27,27,37,33,49,39,0],"gold":322,"neow_bonus":"RANDOM_COLORLESS_2","is_prod":false,"is_daily":false,"chose_seed":false,"campfire_upgraded":4,"win_rate":0.0,"timestamp":1550467231,"path_taken":["M","M","M","M","M","R","M","R","T","M","M","R","M","M","R","BOSS","M","M","?","?","?","R","?","M","T","?","M","R","?","M","R","BOSS","M","M","M","?","?","M","M","M","T","M","M","R","M","M"],"build_version":"2019-01-23","purchased_purges":1,"victory":false,"max_hp_per_floor":[80,80,80,80,80,80,80,80,80,80,80,80,80,80,80,80,80,80,80,80,80,80,80,80,80,80,80,80,80,56,56,56,56,56,56,56,56,56,56,56,56,56,56,56,56,56,56,56],"card_choices":[{"not_picked":["Armaments","Power Through"],"picked":"Flex","floor":1.0},{"not_picked":["Thunderclap","Twin Strike"],"picked":"Burning Pact","floor":2.0},{"not_picked":["Iron Wave","Pummel"],"picked":"Seeing Red","floor":3.0},{"not_picked":["True Grit","Body Slam"],"picked":"Cleave","floor":4},{"not_picked":["Searing Blow","Disarm"],"picked":"Reckless Charge","floor":5},{"not_picked":["Iron Wave","Reckless Charge"],"picked":"Flame Barrier","floor":7},{"not_picked":["Disarm","Flex"],"picked":"Pommel Strike","floor":10},{"not_picked":["Fire Breathing","Fiend Fire"],"picked":"Metallicize","floor":11},{"not_picked":["True Grit","Body Slam"],"picked":"Warcry","floor":13},{"not_picked":["Body Slam","Rupture"],"picked":"Iron Wave","floor":14},{"not_picked":["Berserk","Reaper"],"picked":"Barricade","floor":16},{"not_picked":["Thunderclap","Warcry"],"picked":"Carnage","floor":18},{"not_picked":["Sword Boomerang","Flex"],"picked":"Sever Soul","floor":19},{"not_picked":["Perfected Strike+1","Clothesline"],"picked":"Iron Wave+1","floor":25},{"not_picked":["Twin Strike+1","Armaments"],"picked":"Entrench+1","floor":27},{"not_picked":["Juggernaut","Sever Soul"],"picked":"Rage","floor":28},{"not_picked":["Shockwave","Clothesline"],"picked":"Shrug It Off","floor":31},{"not_picked":["Reaper","Bludgeon"],"picked":"Juggernaut","floor":33},{"not_picked":["Anger+1","Clothesline"],"picked":"Pommel Strike","floor":35},{"not_picked":["Anger","Burning Pact+1"],"picked":"Headbutt+1","floor":36},{"not_picked":["Clothesline+1","Headbutt+1"],"picked":"Battle Trance+1","floor":37},{"not_picked":["Perfected Strike+1","Warcry"],"picked":"Anger+1","floor":40},{"not_picked":["Pommel Strike","Carnage+1"],"picked":"Body Slam+1","floor":41},{"not_picked":["Cleave","Flex"],"picked":"Feel No Pain+1","floor":44},{"not_picked":["Perfected Strike","Headbutt"],"picked":"Disarm","floor":45},{"not_picked":["Sword Boomerang","Clothesline","Twin Strike"],"picked":"SKIP","floor":47}],"player_experience":13258,"relics_obtained":[{"floor":9,"key":"Shuriken"},{"floor":26,"key":"Meat on the Bone"}],"event_choices":[{"damage_healed":0,"gold_gain":0,"player_choice":"Inject Mutagens","damage_taken":0,"relics_obtained":["MutagenicStrength"],"max_hp_gain":0,"max_hp_loss":0,"event_name":"Drug Dealer","floor":20,"gold_loss":0},{"damage_healed":26,"gold_gain":0,"player_choice":"Heal","damage_taken":0,"max_hp_gain":0,"max_hp_loss":0,"event_name":"The Library","floor":21,"gold_loss":0},{"damage_healed":0,"gold_gain":0,"player_choice":"Obtained Relic","damage_taken":0,"relics_obtained":["MawBank"],"max_hp_gain":0,"max_hp_loss":0,"event_name":"Addict","floor":22,"gold_loss":85},{"damage_healed":0,"gold_gain":0,"player_choice":"Became a vampire","damage_taken":0,"max_hp_gain":0,"max_hp_loss":24,"event_name":"Vampires","floor":30,"gold_loss":0,"cards_obtained":["Bite","Bite","Bite","Bite","Bite"]},{"damage_healed":0,"gold_gain":0,"player_choice":"Embrace Madness","damage_taken":7,"max_hp_gain":0,"max_hp_loss":0,"event_name":"Winding Halls","floor":38,"gold_loss":0,"cards_obtained":["Madness","Madness"]},{"cards_removed":["Sever Soul"],"damage_healed":20,"gold_gain":0,"player_choice":"Offered Uncommon","damage_taken":0,"max_hp_gain":0,"max_hp_loss":0,"event_name":"Bonfire Elementals","floor":39,"gold_loss":0}],"is_beta":false,"boss_relics":[{"not_picked":["Runic Pyramid","White Beast Statue"],"picked":"Black Blood"},{"not_picked":["Coffee Dripper","Lizard Tail"],"picked":"Mark of Pain"}],"items_purged_floors":[24],"is_endless":false,"potions_floor_spawned":[4,5,10,14,16,19,25,31,37,40,41,42,45],"killed_by":"Spire Growth","ascension_level":0}