{"gold_per_floor":[111,261,17,17,17,17,51,51,51,81,94,94,94,112,112,188,188,207,218,218,236,120,120],"floor_reached":23,"playtime":1163,"items_purged":[],"score":345,"play_id":"7e49b12a-3d6b-4b52-bf34-7689a7d42208","local_time":"20190109232255","is_ascension_mode":true,"campfire_choices":[{"data":"Trip","floor":6,"key":"SMITH"},{"floor":8,"key":"REST"},{"floor":15,"key":"REST"}],"neow_cost":"NONE","seed_source_timestamp":7443044031963,"circlet_count":0,"master_deck":["AscendersBane","Strike_R","Strike_R","Strike_R","Defend_R","Defend_R","Defend_R","Defend_R","Bash","Trip+1","Dropkick","Flex","Iron Wave","Whirlwind","Clothesline","Reaper","Headbutt","RitualDagger","Impervious"],"relics":["Burning Blood","Paper Frog","Centennial Puzzle","Ornamental Fan","Shovel","Runic Pyramid","Potion Belt"],"potions_floor_usage":[10,16,21,21],"damage_taken":[{"damage":6,"enemies":"Cultist","floor":1,"turns":3},{"damage":50,"enemies":"3 Sentries","floor":7,"turns":9},{"damage":26,"enemies":"Lagavulin","floor":10,"turns":5},{"damage":6,"enemies":"2 Louse","floor":11,"turns":3},{"damage":8,"enemies":"Jaw Worm","floor":14,"turns":4},{"damage":4,"enemies":"Slime Boss","floor":16,"turns":7},{"damage":3,"enemies":"3 Byrds","floor":18,"turns":4},{"damage":6,"enemies":"Chosen","floor":19,"turns":4},{"damage":27,"enemies":"Centurion and Healer","floor":21,"turns":5},{"damage":86,"enemies":"Gremlin Leader","floor":23,"turns":9}],"seed_played":"-7719991130474409194","potions_obtained":[{"floor":7,"key":"Strength Potion"},{"floor":11,"key":"Energy Potion"},{"floor":16,"key":"Poison Potion"},{"floor":18,"key":"Explosive Potion"}],"is_trial":false,"path_per_floor":["M","?","$","?","$","R","E","R","T","E","M","?","?","M","R","B",null,"M","M","?","M","?","E"],"character_chosen":"IRONCLAD","items_purchased":["Paper Frog"],"campfire_rested":2,"item_purchase_floors":[3],"current_hp_per_floor":[68,68,68,68,68,68,24,46,46,26,26,19,19,17,39,41,67,75,75,69,68,68,0],"gold":120,"neow_bonus":"RANDOM_COLORLESS","is_prod":false,"is_daily":false,"chose_seed":false,"campfire_upgraded":1,"win_rate":0,"timestamp":1547104975,"path_taken":["M","?","$","?","?","R","E","R","T","E","?","?","?","M","R","BOSS","M","?","?","M","?","E"],"build_version":"2019-01-03v4","purchased_purges":0,"victory":false,"max_hp_per_floor":[75,75,75,75,75,75,75,75,75,75,75,75,75,75,75,75,75,75,75,75,75,75,75],"card_choices":[{"not_picked":["Armaments","Body Slam"],"picked":"Dropkick","floor":1},{"not_picked":["True Grit","Perfected Strike"],"picked":"Flex","floor":7},{"not_picked":["Battle Trance","Sword Boomerang"],"picked":"Iron Wave","floor":10},{"not_picked":["Battle Trance","Combust"],"picked":"Whirlwind","floor":11},{"not_picked":["Iron Wave","Disarm"],"picked":"Clothesline","floor":14},{"not_picked":["Feed","Immolate"],"picked":"Reaper","floor":16},{"not_picked":["Pummel","Cleave"],"picked":"Headbutt","floor":18},{"not_picked":["Clothesline+1","Body Slam","Havoc"],"picked":"SKIP","floor":19},{"not_picked":["Armaments","Feel No Pain"],"picked":"Impervious","floor":21}],"player_experience":458768,"relics_obtained":[{"floor":7,"key":"Centennial Puzzle"},{"floor":9,"key":"Ornamental Fan"},{"floor":10,"key":"Shovel"}],"event_choices":[{"damage_healed":0,"gold_gain":150,"player_choice":"AGREE","damage_taken":0,"max_hp_gain":0,"max_hp_loss":0,"event_name":"Liars Game","floor":2,"gold_loss":0,"cards_obtained":["Doubt"]},{"cards_removed":["Doubt"],"damage_healed":0,"gold_gain":0,"player_choice":"Forget","damage_taken":0,"max_hp_gain":0,"max_hp_loss":0,"event_name":"Living Wall","floor":4,"gold_loss":0},{"cards_removed":["Strike_R"],"damage_healed":0,"gold_gain":0,"player_choice":"Card Removal","damage_taken":7,"max_hp_gain":0,"max_hp_loss":0,"event_name":"Golden Wing","floor":12,"gold_loss":0},{"cards_removed":["Strike_R"],"damage_healed":0,"gold_gain":0,"player_choice":"Offered Basic","damage_taken":0,"max_hp_gain":0,"max_hp_loss":0,"event_name":"Bonfire Elementals","floor":13,"gold_loss":0},{"damage_healed":0,"gold_gain":0,"player_choice":"Joined the Cult","damage_taken":6,"max_hp_gain":0,"max_hp_loss":0,"event_name":"Nest","floor":20,"gold_loss":0,"cards_obtained":["RitualDagger"]},{"damage_healed":0,"gold_gain":0,"player_choice":"Paid Gold","damage_taken":0,"relics_obtained":["Potion Belt"],"max_hp_gain":0,"max_hp_loss":0,"event_name":"WeMeetAgain","floor":22,"gold_loss":116}],"is_beta":false,"boss_relics":[{"not_picked":["Mark of Pain","Runic Cube"],"picked":"Runic Pyramid"}],"items_purged_floors":[],"is_endless":false,"potions_floor_spawned":[7,11,16,18,19],"killed_by":"Gremlin Leader","ascension_level":15}