{"gold_per_floor":[116,131,149,149,162,162,192,267,320,320,347,312,337,352,352,426,426,426],"floor_reached":18,"playtime":732,"items_purged":[],"score":333,"play_id":"22a165d4-a8cf-4ba4-a21c-07e3a37bc144","local_time":"20190108123058","is_ascension_mode":true,"campfire_choices":[{"data":"Dagger Spray","floor":6,"key":"SMITH"},{"floor":10,"key":"REST"},{"floor":15,"key":"REST"}],"neow_cost":"NONE","seed_source_timestamp":1554787593321691,"circlet_count":0,"master_deck":["AscendersBane","Defend_G","Defend_G","Defend_G","Defend_G","Defend_G","Strike_G+1","Strike_G","Strike_G","Strike_G","Strike_G+1","Survivor","Neutralize","Night Terror","Dagger Throw","Sucker Punch","Dagger Spray+1","Backstab","Blur","Well Laid Plans+1","Backflip","Corpse Explosion"],"relics":["Ring of the Snake","Frozen Egg 2","Whetstone","Blood Vial","Smiling Mask","Philosopher\u0027s Stone"],"potions_floor_usage":[7,11,18],"damage_taken":[{"damage":0,"enemies":"2 Louse","floor":1,"turns":3},{"damage":4,"enemies":"Small Slimes","floor":2,"turns":4},{"damage":0,"enemies":"Cultist","floor":3,"turns":4},{"damage":7,"enemies":"3 Louse","floor":5,"turns":3},{"damage":7,"enemies":"3 Sentries","floor":7,"turns":4},{"damage":24,"enemies":"Gremlin Nob","floor":11,"turns":4},{"damage":33,"enemies":"Lagavulin","floor":13,"turns":7},{"damage":6,"enemies":"Gremlin Gang","floor":14,"turns":5},{"damage":27,"enemies":"The Guardian","floor":16,"turns":19},{"damage":25,"enemies":"Chosen","floor":18,"turns":6}],"seed_played":"897687374260572990","potions_obtained":[{"floor":3,"key":"SteroidPotion"},{"floor":7,"key":"Weak Potion"},{"floor":13,"key":"Energy Potion"},{"floor":14,"key":"GhostInAJar"}],"is_trial":false,"path_per_floor":["M","M","M","?","M","R","E","?","T","R","E","?","E","M","R","B",null,"M"],"character_chosen":"THE_SILENT","items_purchased":[],"campfire_rested":2,"item_purchase_floors":[],"current_hp_per_floor":[59,55,55,60,53,53,46,35,35,56,32,49,18,14,35,10,56,33],"gold":426,"neow_bonus":"ONE_RANDOM_RARE_CARD","is_prod":false,"is_daily":false,"chose_seed":false,"campfire_upgraded":1,"win_rate":0,"timestamp":1546947058,"path_taken":["M","M","M","?","M","R","E","?","T","R","E","?","E","M","R","BOSS","M"],"build_version":"2019-01-03v4","purchased_purges":0,"victory":false,"max_hp_per_floor":[66,66,66,71,71,71,71,71,71,71,71,71,71,71,71,71,71,71],"card_choices":[{"not_picked":["Quick Slash","Concentrate"],"picked":"Dagger Throw","floor":1},{"not_picked":["Outmaneuver","Acrobatics"],"picked":"Sucker Punch","floor":2},{"not_picked":["Finisher","Acrobatics"],"picked":"Dagger Spray","floor":3},{"not_picked":["Outmaneuver","Dagger Throw"],"picked":"Backstab","floor":5},{"not_picked":["Endless Agony","Slice"],"picked":"Blur","floor":11},{"not_picked":["Storm of Steel","Cloak And Dagger"],"picked":"Well Laid Plans+1","floor":13},{"not_picked":["Dodge and Roll","Deflect"],"picked":"Backflip","floor":14},{"not_picked":["Doppelganger","Tools of the Trade+1"],"picked":"Corpse Explosion","floor":16}],"player_experience":836687,"relics_obtained":[{"floor":7,"key":"Frozen Egg 2"},{"floor":9,"key":"Whetstone"},{"floor":11,"key":"Blood Vial"},{"floor":13,"key":"Smiling Mask"}],"event_choices":[{"damage_healed":0,"gold_gain":0,"player_choice":"Donut","damage_taken":0,"max_hp_gain":5,"max_hp_loss":0,"event_name":"Big Fish","floor":4,"gold_loss":0},{"damage_healed":0,"gold_gain":75,"player_choice":"Gather Gold","damage_taken":11,"max_hp_gain":0,"max_hp_loss":0,"event_name":"World of Goop","floor":8,"gold_loss":0},{"damage_healed":17,"gold_gain":0,"player_choice":"Healed","damage_taken":0,"max_hp_gain":0,"max_hp_loss":0,"event_name":"The Cleric","floor":12,"gold_loss":35}],"is_beta":false,"boss_relics":[{"not_picked":["Empty Cage","Runic Dome"],"picked":"Philosopher\u0027s Stone"}],"items_purged_floors":[],"is_endless":false,"potions_floor_spawned":[3,7,13,14,16],"killed_by":"Chosen","ascension_level":17}