{"gold_per_floor":[116,116,116,128,128,158,158,168,168,168,40,75,92,92,92,92],"floor_reached":16,"playtime":1020,"items_purged":[],"score":140,"play_id":"e2dffd2b-26a3-415f-bea7-aa36bbec9c6d","local_time":"20190212034906","is_ascension_mode":true,"campfire_choices":[{"floor":7,"key":"REST"},{"floor":10,"key":"REST"},{"data":"True Grit","floor":15,"key":"SMITH"}],"neow_cost":"NONE","seed_source_timestamp":887215228092762,"circlet_count":0,"master_deck":["Strike_R","Strike_R","Strike_R","Strike_R","Defend_R","Defend_R","Defend_R","Defend_R","Bash","Body Slam","Shockwave","Dark Embrace","True Grit+1","Sword Boomerang","Ghostly Armor","Whirlwind","Iron Wave","Pummel"],"relics":["Burning Blood","Dream Catcher","FossilizedHelix","Oddly Smooth Stone","Blood Vial"],"potions_floor_usage":[12,16],"damage_taken":[{"damage":3,"enemies":"2 Louse","floor":1,"turns":4},{"damage":14,"enemies":"Jaw Worm","floor":4,"turns":4},{"damage":66,"enemies":"Gremlin Nob","floor":6,"turns":6},{"damage":0,"enemies":"Cultist","floor":8,"turns":3},{"damage":42,"enemies":"Lagavulin","floor":12,"turns":7},{"damage":8,"enemies":"Lots of Slimes","floor":13,"turns":4},{"damage":49,"enemies":"The Guardian","floor":16,"turns":12}],"seed_played":"-1994320308360328495","potions_obtained":[{"floor":6,"key":"Weak Potion"},{"floor":8,"key":"LiquidBronze"}],"is_trial":false,"path_per_floor":["M","?","?","M","?","E","R","M","T","R","$","E","M","T","R","B"],"character_chosen":"IRONCLAD","items_purchased":["Whirlwind","Iron Wave"],"campfire_rested":2,"item_purchase_floors":[11,11],"current_hp_per_floor":[83,88,88,80,73,13,40,46,46,73,73,37,35,35,35,0],"gold":92,"neow_bonus":"TEN_PERCENT_HP_BONUS","is_prod":false,"is_daily":false,"chose_seed":false,"campfire_upgraded":1,"win_rate":0,"timestamp":1549939746,"path_taken":["M","?","?","M","?","E","R","M","T","R","$","E","?","?","R","BOSS"],"build_version":"2019-01-23","purchased_purges":0,"victory":false,"max_hp_per_floor":[88,93,93,93,93,93,93,93,93,93,93,93,93,93,93,93],"card_choices":[{"not_picked":["Clothesline","Thunderclap"],"picked":"Body Slam","floor":1},{"not_picked":["Heavy Blade","True Grit"],"picked":"Shockwave","floor":4},{"not_picked":["Disarm","Shockwave"],"picked":"Dark Embrace","floor":6},{"not_picked":["Anger","Wild Strike"],"picked":"True Grit","floor":7},{"not_picked":["Anger","Heavy Blade"],"picked":"Sword Boomerang","floor":8},{"not_picked":["Perfected Strike","Fire Breathing"],"picked":"Ghostly Armor","floor":10},{"not_picked":["Blood for Blood","Headbutt","Wild Strike"],"picked":"SKIP","floor":12},{"not_picked":["Fire Breathing","Clothesline"],"picked":"Pummel","floor":13}],"player_experience":377132,"relics_obtained":[{"floor":6,"key":"FossilizedHelix"},{"floor":12,"key":"Oddly Smooth Stone"},{"floor":14,"key":"Blood Vial"}],"event_choices":[{"damage_healed":0,"gold_gain":0,"player_choice":"Donut","damage_taken":0,"max_hp_gain":5,"max_hp_loss":0,"event_name":"Big Fish","floor":2,"gold_loss":0},{"cards_removed":["Strike_R"],"damage_healed":0,"gold_gain":0,"player_choice":"Forget","damage_taken":0,"max_hp_gain":0,"max_hp_loss":0,"event_name":"Living Wall","floor":3,"gold_loss":0},{"damage_healed":0,"gold_gain":0,"player_choice":"Success","damage_taken":7,"relics_obtained":["Dream Catcher"],"max_hp_gain":0,"max_hp_loss":0,"event_name":"Scrap Ooze","floor":5,"gold_loss":0}],"is_beta":false,"boss_relics":[],"items_purged_floors":[],"is_endless":false,"potions_floor_spawned":[6,8],"killed_by":"The Guardian","ascension_level":6}