{"gold_per_floor":[118,137,62,62,85,85,110,110,110,110,145,145,145,216,216,312,312,333,357,357,282,303,303,326,339,339,339,372,397,397],"floor_reached":30,"playtime":3492,"items_purged":[],"score":463,"play_id":"56788448-307e-4889-be21-f458c6750fa1","local_time":"20181114144314","is_ascension_mode":true,"campfire_choices":[{"data":"Streamline","floor":6,"key":"SMITH"},{"data":"Zap","floor":8,"key":"SMITH"},{"data":"Steam","floor":10,"key":"SMITH"},{"data":"Core Surge","floor":15,"key":"SMITH"},{"floor":23,"key":"REST"}],"neow_cost":"NONE","seed_source_timestamp":347897483255224,"circlet_count":0,"master_deck":["AscendersBane","Strike_B","Defend_B+1","Defend_B","Defend_B","Zap+1","Dualcast+1","Steam+1","Cold Snap","Streamline+1","Core Surge+1","Beam Cell+1","Biased Cognition","Sweeping Beam","Hologram","Go for the Eyes","Chaos","Compile Driver","Conserve Battery","Zap","BootSequence","Steam Power+1"],"relics":["Cracked Core","War Paint","Golden Idol","Juzu Bracelet","Blue Candle","Cables","Fusion Hammer","Bottled Flame","Frozen Egg 2"],"potions_floor_usage":[7,11,18,19,28,28],"damage_taken":[{"damage":1,"enemies":"Cultist","floor":1,"turns":3},{"damage":0,"enemies":"Jaw Worm","floor":2,"turns":4},{"damage":0,"enemies":"Small Slimes","floor":5,"turns":2},{"damage":19,"enemies":"Exordium Wildlife","floor":7,"turns":5},{"damage":24,"enemies":"Lagavulin","floor":11,"turns":5},{"damage":18,"enemies":"Hexaghost","floor":16,"turns":8},{"damage":0,"enemies":"Chosen","floor":18,"turns":3},{"damage":12,"enemies":"Shell Parasite","floor":19,"turns":3},{"damage":3,"enemies":"Centurion and Healer","floor":22,"turns":7},{"damage":14,"enemies":"Snecko","floor":24,"turns":5},{"damage":3,"enemies":"Snake Plant","floor":25,"turns":3},{"damage":24,"enemies":"Slavers","floor":28,"turns":5},{"damage":5,"enemies":"Cultist and Chosen","floor":29,"turns":4},{"damage":11,"enemies":"Shelled Parasite and Fungi","floor":30,"turns":4}],"seed_played":"8664109789749905103","potions_obtained":[{"floor":1,"key":"Energy Potion"},{"floor":5,"key":"Swift Potion"},{"floor":7,"key":"GamblersBrew"},{"floor":16,"key":"AttackPotion"},{"floor":18,"key":"GamblersBrew"},{"floor":19,"key":"Strength Potion"}],"is_trial":false,"path_per_floor":["M","M","?","?","M","R","M","R","T","R","E","?","T","?","R","B",null,"M","M","?","?","M","R","M","M","T","?","E","M","M"],"character_chosen":"DEFECT","items_purchased":[],"campfire_rested":1,"item_purchase_floors":[],"current_hp_per_floor":[63,63,63,63,63,63,44,44,44,44,20,20,20,20,20,2,49,49,37,37,37,34,53,39,36,36,36,12,7,0],"gold":397,"neow_bonus":"RANDOM_COMMON_RELIC","is_prod":false,"is_daily":false,"chose_seed":false,"campfire_upgraded":4,"win_rate":0,"timestamp":1542202994,"path_taken":["M","M","?","?","M","R","M","R","T","R","E","?","?","?","R","BOSS","M","M","?","?","M","R","M","M","T","?","E","M","M"],"build_version":"2018-11-08","purchased_purges":0,"victory":false,"max_hp_per_floor":[71,71,71,64,64,64,64,64,64,64,64,64,64,64,64,64,64,64,64,64,64,64,64,64,64,64,64,64,64,64],"card_choices":[{"not_picked":["Chill","Darkness"],"picked":"Steam","floor":1},{"not_picked":["Blizzard","Scrape"],"picked":"Cold Snap","floor":2},{"not_picked":["Consume","Skim"],"picked":"Streamline","floor":5},{"not_picked":["Force Field","Melter"],"picked":"Core Surge","floor":7},{"not_picked":["BootSequence","Coolheaded"],"picked":"Beam Cell","floor":11},{"not_picked":["Multi-Cast","Thunder Strike"],"picked":"Biased Cognition","floor":16},{"not_picked":["Stack","Go for the Eyes"],"picked":"Sweeping Beam","floor":18},{"not_picked":["Rebound","Fusion"],"picked":"Hologram","floor":19},{"not_picked":["Compile Driver","Scrape","Storm"],"picked":"SKIP","floor":22},{"not_picked":["Scrape","Storm"],"picked":"Compile Driver","floor":22},{"not_picked":["Steam","Go for the Eyes","Stack"],"picked":"SKIP","floor":24},{"not_picked":["Machine Learning","Barrage"],"picked":"Conserve Battery","floor":25},{"not_picked":["Turbo","Streamline"],"picked":"BootSequence","floor":28},{"not_picked":["Stack","Chaos"],"picked":"Steam Power+1","floor":29}],"player_experience":657778,"relics_obtained":[{"floor":9,"key":"Juzu Bracelet"},{"floor":11,"key":"Blue Candle"},{"floor":13,"key":"Cables"},{"floor":26,"key":"Bottled Flame"},{"floor":28,"key":"Frozen Egg 2"}],"event_choices":[{"cards_removed":["Defend_B"],"damage_healed":0,"gold_gain":0,"player_choice":"Card Removal","damage_taken":0,"max_hp_gain":0,"max_hp_loss":0,"event_name":"The Cleric","floor":3,"gold_loss":75},{"damage_healed":0,"gold_gain":0,"player_choice":"Lose Max HP","damage_taken":0,"relics_obtained":["Golden Idol"],"max_hp_gain":0,"max_hp_loss":7,"event_name":"Golden Idol","floor":4,"gold_loss":0},{"damage_healed":0,"gold_gain":0,"player_choice":"Upgraded","damage_taken":0,"max_hp_gain":0,"max_hp_loss":0,"event_name":"Upgrade Shrine","floor":12,"gold_loss":0,"cards_upgraded":["Beam Cell"]},{"damage_healed":0,"gold_gain":71,"player_choice":"Gained Gold","damage_taken":0,"max_hp_gain":0,"max_hp_loss":0,"event_name":"Golden Wing","floor":14,"gold_loss":0},{"damage_healed":0,"gold_gain":0,"cards_transformed":["Strike_B","Strike_B"],"player_choice":"Became Test Subject","damage_taken":0,"max_hp_gain":0,"max_hp_loss":0,"event_name":"Drug Dealer","floor":20,"gold_loss":0,"cards_obtained":["Go for the Eyes","Chaos"]},{"cards_removed":["Strike_B"],"damage_healed":0,"gold_gain":0,"player_choice":"Gave Gold","damage_taken":0,"max_hp_gain":0,"max_hp_loss":0,"event_name":"Beggar","floor":21,"gold_loss":75},{"damage_healed":0,"gold_gain":0,"player_choice":"1 cards matched","damage_taken":0,"max_hp_gain":0,"max_hp_loss":0,"event_name":"Match and Keep!","floor":27,"gold_loss":0,"cards_obtained":["Zap"]}],"is_beta":false,"boss_relics":[{"not_picked":["Calling Bell","Runic Dome"],"picked":"Fusion Hammer"}],"items_purged_floors":[],"is_endless":false,"potions_floor_spawned":[1,5,7,16,18,19,24],"killed_by":"Shelled Parasite and Fungi","ascension_level":17}