{"gold_per_floor":[111,127,4,15,190,190,36,36,61,61,80,114,114,127,127,224,224,237,267,287,187,187],"floor_reached":22,"playtime":2469,"items_purged":["Strike_R","Strike_R"],"score":212,"play_id":"180dba0a-aca2-412a-b60d-2bc9276bd3e7","local_time":"20180913205853","is_ascension_mode":true,"campfire_choices":[{"data":"Clothesline","floor":6.0,"key":"SMITH"},{"data":"Whirlwind","floor":8.0,"key":"SMITH"},{"data":"Bash","floor":10.0,"key":"SMITH"},{"floor":15.0,"key":"REST"}],"neow_cost":"NONE","seed_source_timestamp":0,"circlet_count":0,"master_deck":["Strike_R","Strike_R+1","Defend_R","Defend_R+1","Defend_R","Defend_R","Bash+1","Whirlwind+1","Sentinel","Clothesline+1","Doubt","Dual Wield","Iron Wave","True Grit","Offering"],"special_seed":0,"relics":["Burning Blood","Happy Flower","Centennial Puzzle","Shuriken","White Beast Statue","Tiny Chest"],"potions_floor_usage":[22,22],"damage_taken":[{"damage":0.0,"enemies":"Small Slimes","floor":1.0,"turns":4.0},{"damage":9.0,"enemies":"Cultist","floor":2.0,"turns":5.0},{"damage":6.0,"enemies":"Jaw Worm","floor":4.0,"turns":4.0},{"damage":11.0,"enemies":"Looter","floor":11.0,"turns":4.0},{"damage":22.0,"enemies":"3 Sentries","floor":12.0,"turns":8.0},{"damage":13.0,"enemies":"Exordium Thugs","floor":14.0,"turns":6.0},{"damage":29.0,"enemies":"Slime Boss","floor":16.0,"turns":14.0},{"damage":28,"enemies":"2 Thieves","floor":18,"turns":3},{"damage":15,"enemies":"Chosen","floor":20,"turns":4},{"damage":60,"enemies":"Centurion and Healer","floor":22,"turns":19}],"seed_played":"3647983647861385127","potions_obtained":[{"floor":1.0,"key":"GamblersBrew"},{"floor":11.0,"key":"AttackPotion"},{"floor":12.0,"key":"Block Potion"},{"floor":14.0,"key":"Block Potion"},{"floor":18,"key":"Strength Potion"},{"floor":20,"key":"PowerPotion"}],"is_trial":false,"path_per_floor":["M","M","$","M","?","R","$","R","T","R","M","E","?","M","R","B",null,"M","?","M","$"],"character_chosen":"IRONCLAD","items_purchased":["Energy Potion","Happy Flower"],"campfire_rested":1,"item_purchase_floors":[3,7],"current_hp_per_floor":[80,77,77,77,77,77,77,77,77,77,72,56,40,33,57,34,80,58,58,49,49,0],"gold":187,"neow_bonus":"REMOVE_CARD","is_prod":false,"is_daily":false,"chose_seed":false,"campfire_upgraded":3,"win_rate":0,"timestamp":1536890333,"path_taken":["M","M","$","M","?","R","?","R","T","R","?","E","?","?","R","BOSS","M","?","M","$","M"],"build_version":"2018-09-06","purchased_purges":2,"victory":false,"max_hp_per_floor":[80,80,80,80,80,80,80,80,80,80,80,80,80,80,80,80,80,80,80,80,80,80],"card_choices":[{"not_picked":["Anger","Corruption"],"picked":"Whirlwind","floor":1.0},{"not_picked":["Metallicize","Heavy Blade"],"picked":"Sentinel","floor":2.0},{"not_picked":["Twin Strike","Power Through"],"picked":"Clothesline","floor":4.0},{"not_picked":["Clothesline","Burning Pact"],"picked":"Dual Wield","floor":11.0},{"not_picked":["Thunderclap","Immolate"],"picked":"Iron Wave","floor":12.0},{"not_picked":["Sever Soul","Shrug It Off"],"picked":"True Grit","floor":14.0},{"not_picked":["Juggernaut","Bludgeon"],"picked":"Offering","floor":16.0},{"not_picked":["True Grit","Shrug It Off","Iron Wave"],"picked":"SKIP","floor":18},{"not_picked":["Cleave","Feel No Pain","Shockwave"],"picked":"SKIP","floor":20}],"player_experience":233841,"relics_obtained":[{"floor":9.0,"key":"Centennial Puzzle"},{"floor":12.0,"key":"Shuriken"},{"floor":19,"key":"Tiny Chest"}],"event_choices":[{"event_name":"Liars Game","player_choice":"agreed","floor":5.0,"damage_taken":0.0},{"event_name":"Shining Light","player_choice":"Entered Light","floor":13.0,"damage_taken":0.0},{"event_name":"Wheel of Change","player_choice":"Relic","floor":19,"damage_taken":0}],"is_beta":false,"boss_relics":[{"not_picked":["Black Star","Busted Crown"],"picked":"White Beast Statue"}],"items_purged_floors":[3,21],"is_endless":false,"potions_floor_spawned":[1,11,12,14,18,20],"killed_by":"Centurion and Healer","ascension_level":3}