{"gold_per_floor":[111,125,50,74,85,85,85,85,85,115,125,87,87,16,16,94,94,110,63,78,9,9,9,19,45,97,113,126,126,137,52,52,52],"floor_reached":33,"playtime":1486,"items_purged":["Defend_B"],"score":520,"play_id":"048ac731-c94a-40d1-adfd-de3717636e09","local_time":"20181025151055","is_ascension_mode":true,"campfire_choices":[{"data":"Genetic Algorithm","floor":6.0,"key":"SMITH"},{"data":"Lockon","floor":8.0,"key":"SMITH"},{"data":"Defragment","floor":13.0,"key":"SMITH"},{"data":"Defragment","floor":15.0,"key":"SMITH"},{"data":"Buffer","floor":23.0,"key":"SMITH"},{"data":"Fusion","floor":29,"key":"SMITH"},{"data":"Echo Form","floor":32,"key":"SMITH"}],"neow_cost":"TEN_PERCENT_HP_LOSS","seed_source_timestamp":8374936391222,"circlet_count":0,"master_deck":["Strike_B","Strike_B","Defend_B","Defend_B","Defend_B","Zap","Dualcast","AscendersBane","Double Energy","Lockon+1","Conserve Battery","Conserve Battery","Genetic Algorithm+1","Buffer+1","Capacitor","Defragment+1","Defragment+1","Echo Form+1","Cold Snap","Self Repair","Fusion+1","Writhe","Tempest","Coolheaded","Capacitor"],"special_seed":0,"relics":["Cracked Core","Bag of Preparation","Dead Branch","Centennial Puzzle","Cursed Key","Meat on the Bone","Pen Nib","Nunchaku"],"potions_floor_usage":[25,25,28],"damage_taken":[{"damage":0.0,"enemies":"Cultist","floor":1.0,"turns":2.0},{"damage":2.0,"enemies":"Jaw Worm","floor":2.0,"turns":3.0},{"damage":12.0,"enemies":"Small Slimes","floor":5.0,"turns":3.0},{"damage":5.0,"enemies":"Gremlin Nob","floor":10.0,"turns":4.0},{"damage":0.0,"enemies":"Blue Slaver","floor":11.0,"turns":3.0},{"damage":0.0,"enemies":"The Guardian","floor":16.0,"turns":7.0},{"damage":37.0,"enemies":"3 Byrds","floor":18.0,"turns":5.0},{"damage":3.0,"enemies":"Shell Parasite","floor":20.0,"turns":5.0},{"damage":14.0,"enemies":"Centurion and Healer","floor":24.0,"turns":9.0},{"damage":30,"enemies":"Slavers","floor":25,"turns":4},{"damage":0,"enemies":"Sentry and Sphere","floor":27,"turns":8},{"damage":0,"enemies":"Cultist and Chosen","floor":28,"turns":4},{"damage":0,"enemies":"Snecko","floor":30,"turns":8},{"damage":66,"enemies":"Automaton","floor":33,"turns":6}],"seed_played":"7796076138746787611","potions_obtained":[{"floor":5.0,"key":"Energy Potion"},{"floor":11.0,"key":"SkillPotion"},{"floor":16.0,"key":"SpeedPotion"},{"floor":18.0,"key":"PowerPotion"},{"floor":24.0,"key":"Strength Potion"},{"floor":27,"key":"SkillPotion"}],"is_trial":false,"path_per_floor":["M","M","$","T","M","R","?","R","T","E","M","$","R","$","R","B",null,"M","$","M","$","?","R","M","E","T","M","M","R","M","?","R"],"character_chosen":"DEFECT","items_purchased":["Defragment","Defragment","Cold Snap","Self Repair"],"campfire_rested":0,"item_purchase_floors":[12,14,19,21],"current_hp_per_floor":[68,66,66,66,54,54,54,54,54,49,49,49,49,49,49,49,63,26,26,23,23,45,45,38,8,8,27,39,39,53,53,53,0],"gold":52,"neow_bonus":"TRANSFORM_TWO_CARDS","is_prod":false,"is_daily":false,"chose_seed":false,"campfire_upgraded":7,"win_rate":0,"timestamp":1540473055,"path_taken":["M","M","$","?","M","R","?","R","T","E","M","$","R","?","R","BOSS","M","$","M","$","?","R","M","E","T","M","M","R","M","?","R","BOSS"],"build_version":"2018-10-18","purchased_purges":1,"victory":false,"max_hp_per_floor":[68,68,68,68,68,68,68,68,68,68,68,68,68,68,68,68,68,68,68,68,68,68,68,68,68,68,68,68,68,68,68,68,68],"card_choices":[{"not_picked":["Doom and Gloom","Leap"],"picked":"Conserve Battery","floor":1.0},{"not_picked":["Storm","Gash"],"picked":"Conserve Battery","floor":2.0},{"not_picked":["Force Field","Rebound"],"picked":"Genetic Algorithm","floor":5.0},{"not_picked":["Cold Snap","Double Energy"],"picked":"Buffer","floor":10.0},{"not_picked":["Turbo","Leap"],"picked":"Capacitor","floor":11.0},{"not_picked":["All For One","Amplify"],"picked":"Echo Form","floor":16.0},{"not_picked":["Reprogram","Stack+1","Hologram"],"picked":"SKIP","floor":18.0},{"not_picked":["Sweeping Beam","Static Discharge","White Noise"],"picked":"SKIP","floor":20.0},{"not_picked":["Sweeping Beam","Fusion","Turbo"],"picked":"SKIP","floor":24.0},{"not_picked":["Sweeping Beam","Turbo"],"picked":"Fusion","floor":24.0},{"not_picked":["Redo","Go for the Eyes+1","Aggregate"],"picked":"SKIP","floor":25},{"not_picked":["Rebound","Consume"],"picked":"Tempest","floor":27},{"not_picked":["Steam","Consume"],"picked":"Coolheaded","floor":28},{"not_picked":["Go for the Eyes","Gash"],"picked":"Capacitor","floor":30}],"player_experience":571766,"relics_obtained":[{"floor":4.0,"key":"Bag of Preparation"},{"floor":9.0,"key":"Dead Branch"},{"floor":10.0,"key":"Centennial Puzzle"},{"floor":25,"key":"Meat on the Bone"},{"floor":26,"key":"Pen Nib"}],"event_choices":[{"damage_healed":0.0,"max_hp_gain":0.0,"max_hp_loss":0.0,"gold_gain":0.0,"event_name":"Liars Game","player_choice":"Ignored","floor":7.0,"gold_loss":0.0,"damage_taken":0.0},{"damage_healed":22.0,"max_hp_gain":0.0,"max_hp_loss":0.0,"gold_gain":0.0,"event_name":"The Library","player_choice":"Heal","floor":22.0,"gold_loss":0.0,"damage_taken":0.0},{"damage_healed":0,"gold_gain":0,"player_choice":"Obtained Relic","damage_taken":0,"relics_obtained":["Nunchaku"],"max_hp_gain":0,"max_hp_loss":0,"event_name":"Addict","floor":31,"gold_loss":85}],"is_beta":false,"boss_relics":[{"not_picked":["Tiny House","Pandora\u0027s Box"],"picked":"Cursed Key"}],"items_purged_floors":[3],"is_endless":false,"potions_floor_spawned":[5,11,16,18,24,27],"killed_by":"Automaton","ascension_level":13}