{"gold_per_floor":[119,119,294,314,44,69,69,97,151,168,188,11,41,67,67,165,165,181,280,280,53,84,84,84],"floor_reached":24,"playtime":7267,"items_purged":["Doubt"],"score":376,"play_id":"6b10db43-1a7c-4ddb-abff-b2d1b1f77ef8","local_time":"20190202141947","is_ascension_mode":true,"campfire_choices":[{"data":"Apotheosis","floor":7.0,"key":"SMITH"},{"floor":15.0,"key":"REST"},{"data":"A Thousand Cuts","floor":23,"key":"SMITH"}],"neow_cost":"NONE","seed_source_timestamp":0,"circlet_count":0,"master_deck":["AscendersBane","Defend_G","Defend_G","Defend_G","Defend_G","Defend_G","Strike_G","Strike_G","Strike_G","Strike_G","Strike_G","Survivor","Neutralize","Dodge and Roll","Backflip","Apotheosis+1","Dash","Setup","Leg Sweep","Acrobatics","Master of Strategy","A Thousand Cuts+1","Dodge and Roll","Corpse Explosion","Quick Slash","Noxious Fumes","Slice"],"special_seed":0,"relics":["Ring of the Snake","NeowsBlessing","Oddly Smooth Stone","Tough Bandages","Bag of Marbles","Potion Belt","Odd Mushroom","Runic Dome","Nilry\u0027s Codex","Boot","Red Mask"],"potions_floor_usage":[22,22],"damage_taken":[{"damage":0.0,"enemies":"Jaw Worm","floor":1.0,"turns":1.0},{"damage":0.0,"enemies":"Small Slimes","floor":4.0,"turns":1.0},{"damage":0.0,"enemies":"Gremlin Nob","floor":6.0,"turns":1.0},{"damage":3.0,"enemies":"Lagavulin","floor":8.0,"turns":9.0},{"damage":0.0,"enemies":"2 Louse","floor":10.0,"turns":2.0},{"damage":0.0,"enemies":"Blue Slaver","floor":11.0,"turns":3.0},{"damage":37.0,"enemies":"Gremlin Nob","floor":13.0,"turns":6.0},{"damage":0.0,"enemies":"The Mushroom Lair","floor":14.0,"turns":6.0},{"damage":14.0,"enemies":"The Guardian","floor":16.0,"turns":16.0},{"damage":5.0,"enemies":"2 Thieves","floor":18.0,"turns":4.0},{"damage":2,"enemies":"Masked Bandits","floor":22,"turns":5},{"damage":47,"enemies":"Slavers","floor":24,"turns":3}],"seed_played":"3845340000701751700","potions_obtained":[{"floor":6.0,"key":"Fruit Juice"},{"floor":8.0,"key":"EssenceOfSteel"},{"floor":13.0,"key":"GamblersBrew"},{"floor":14.0,"key":"Explosive Potion"},{"floor":16.0,"key":"Energy Potion"}],"is_trial":false,"path_per_floor":["M","?","?","M","$","E","R","E","T","M","M","$","E","?","R","B",null,"M","?","?","$","?","R","E"],"character_chosen":"THE_SILENT","items_purchased":["Apotheosis","Master of Strategy","Boot","Noxious Fumes"],"campfire_rested":1,"item_purchase_floors":[5,12,21,21],"current_hp_per_floor":[63,63,63,63,63,63,63,65,65,65,65,65,28,28,50,36,65,60,60,44,44,42,42,0],"gold":84,"neow_bonus":"THREE_ENEMY_KILL","is_prod":false,"is_daily":false,"chose_seed":false,"campfire_upgraded":2,"win_rate":0,"timestamp":1549113587,"path_taken":["M","?","?","M","$","E","R","E","T","M","M","$","E","?","R","BOSS","M","?","?","$","?","R","E"],"build_version":"2019-01-23","purchased_purges":1,"victory":false,"max_hp_per_floor":[70,70,70,70,70,70,70,75,75,75,75,75,75,75,75,75,75,75,75,75,75,75,75,75],"card_choices":[{"not_picked":["Dagger Spray","Dagger Throw"],"picked":"Dodge and Roll","floor":1.0},{"not_picked":["Deadly Poison","Deflect"],"picked":"Backflip","floor":4.0},{"not_picked":["Dagger Spray","All Out Attack"],"picked":"Dash","floor":6.0},{"not_picked":["Dagger Spray","Underhanded Strike"],"picked":"Setup","floor":8.0},{"not_picked":["Calculated Gamble","Dagger Spray"],"picked":"Leg Sweep","floor":10.0},{"not_picked":["Deflect","Slice"],"picked":"Acrobatics","floor":11.0},{"not_picked":["Sucker Punch","Leg Sweep"],"picked":"A Thousand Cuts","floor":13.0},{"not_picked":["Blade Dance","Flying Knee"],"picked":"Dodge and Roll","floor":14.0},{"not_picked":["Unload","Tools of the Trade"],"picked":"Corpse Explosion","floor":16.0},{"not_picked":["Tactician+1","Dagger Spray"],"picked":"Quick Slash","floor":18.0},{"not_picked":["Acrobatics","Prepared"],"picked":"Slice","floor":22}],"player_experience":2086228,"relics_obtained":[{"floor":6.0,"key":"Oddly Smooth Stone"},{"floor":8.0,"key":"Tough Bandages"},{"floor":9.0,"key":"Bag of Marbles"},{"floor":13.0,"key":"Potion Belt"},{"floor":14.0,"key":"Odd Mushroom"},{"floor":20.0,"key":"Nilry\u0027s Codex"},{"floor":22,"key":"Red Mask"}],"event_choices":[{"damage_healed":0.0,"max_hp_gain":0.0,"max_hp_loss":0.0,"gold_gain":0.0,"event_name":"The Cleric","player_choice":"Leave","floor":2.0,"gold_loss":0.0,"damage_taken":0.0},{"damage_healed":0.0,"max_hp_gain":0.0,"max_hp_loss":0.0,"gold_gain":175.0,"event_name":"Liars Game","player_choice":"AGREE","floor":3.0,"gold_loss":0.0,"damage_taken":0.0,"cards_obtained":["Doubt"]},{"damage_healed":0.0,"max_hp_gain":0.0,"max_hp_loss":0.0,"gold_gain":0.0,"event_name":"Mushrooms","player_choice":"Fought Mushrooms","floor":14.0,"gold_loss":0.0,"damage_taken":0.0},{"damage_healed":0.0,"max_hp_gain":0.0,"max_hp_loss":0.0,"gold_gain":99.0,"event_name":"Nest","player_choice":"Stole From Cult","floor":19.0,"gold_loss":0.0,"damage_taken":0.0},{"damage_healed":0.0,"max_hp_gain":0.0,"max_hp_loss":0.0,"gold_gain":0.0,"event_name":"Cursed Tome","player_choice":"Obtained Book","floor":20.0,"gold_loss":0.0,"damage_taken":16.0},{"damage_healed":0,"gold_gain":0,"player_choice":"Fought Bandits","damage_taken":0,"max_hp_gain":0,"max_hp_loss":0,"event_name":"Masked Bandits","floor":22,"gold_loss":0}],"is_beta":false,"boss_relics":[{"not_picked":["Astrolabe","Orrery"],"picked":"Runic Dome"}],"items_purged_floors":[5],"is_endless":false,"potions_floor_spawned":[6,8,13,14,16],"killed_by":"Slavers","ascension_level":12}