{"gold_per_floor":[117,192,208,208,208,208,243,243,270,284,302,302,318,346,346,448,448,459,459,473,525,537,537,566,566,566,577,577,610,271,289,289,388,388,399,264,283,294,294,319,319,330,403,418,418,418,438,467,467,467,467,467,37,62,62],"floor_reached":56,"playtime":4136,"items_purged":["Strike_R","Strike_R+1","Defend_R"],"score":1634,"play_id":"a3afde3c-4445-48ec-abda-2c20632a6669","local_time":"20190227121625","is_ascension_mode":true,"campfire_choices":[{"data":"Shrug It Off","floor":6.0,"key":"SMITH"},{"data":"Shrug It Off","floor":8.0,"key":"SMITH"},{"data":"Armaments","floor":12.0,"key":"SMITH"},{"data":"Shrug It Off","floor":15.0,"key":"SMITH"},{"floor":23,"key":"REST"},{"data":"Offering","floor":28,"key":"SMITH"},{"floor":32,"key":"RECALL"},{"data":"1","floor":41,"key":"LIFT"},{"data":"2","floor":45,"key":"LIFT"},{"data":"3","floor":49,"key":"LIFT"},{"data":"Burning Pact","floor":52,"key":"SMITH"}],"neow_cost":"NONE","seed_source_timestamp":0,"circlet_count":0,"master_deck":["Defend_R","Defend_R+1","Defend_R","Bash","Shrug It Off+1","Feel No Pain","Uppercut","Shrug It Off+1","Armaments+1","Body Slam","Shrug It Off+1","Feed","Inflame","Offering+1","Ghostly","Ghostly","Ghostly","Ghostly","Ghostly","Spot Weakness","Body Slam+1","Armaments+1","Dark Embrace","Body Slam+1","Burning Pact+1","Body Slam+1","Body Slam+1","Shrug It Off+1","Entrench"],"special_seed":0,"relics":["Burning Blood","StoneCalendar","Blood Vial","Gremlin Horn","Philosopher\u0027s Stone","Enchiridion","Lantern","Oddly Smooth Stone","Pear","Molten Egg 2","Meat on the Bone","Empty Cage","Girya","Smiling Mask","Bag of Marbles","Orichalcum","Bottled Tornado"],"potions_floor_usage":[20,29,55,55,55],"damage_taken":[{"damage":10.0,"enemies":"Jaw Worm","floor":1.0,"turns":5.0},{"damage":0.0,"enemies":"2 Louse","floor":3.0,"turns":3.0},{"damage":38.0,"enemies":"Gremlin Nob","floor":7.0,"turns":5.0},{"damage":5.0,"enemies":"Small Slimes","floor":10.0,"turns":5.0},{"damage":14.0,"enemies":"Exordium Wildlife","floor":11.0,"turns":7.0},{"damage":0.0,"enemies":"Blue Slaver","floor":13.0,"turns":6.0},{"damage":5.0,"enemies":"3 Sentries","floor":14.0,"turns":7.0},{"damage":27.0,"enemies":"The Guardian","floor":16.0,"turns":15.0},{"damage":2.0,"enemies":"Shell Parasite","floor":18.0,"turns":6.0},{"damage":32,"enemies":"3 Byrds","floor":20,"turns":7},{"damage":3,"enemies":"Shelled Parasite and Fungi","floor":22,"turns":7},{"damage":26,"enemies":"Book of Stabbing","floor":24,"turns":6},{"damage":1,"enemies":"Centurion and Healer","floor":27,"turns":7},{"damage":30,"enemies":"Gremlin Leader","floor":29,"turns":7},{"damage":8,"enemies":"Chosen and Byrds","floor":31,"turns":7},{"damage":25,"enemies":"Automaton","floor":33,"turns":11},{"damage":5,"enemies":"3 Darklings","floor":35,"turns":7},{"damage":1,"enemies":"3 Shapes","floor":37,"turns":1},{"damage":1,"enemies":"Transient","floor":38,"turns":5},{"damage":3,"enemies":"Reptomancer","floor":40,"turns":6},{"damage":6,"enemies":"Spire Growth","floor":42,"turns":2},{"damage":4,"enemies":"Writhing Mass","floor":44,"turns":6},{"damage":1,"enemies":"Transient","floor":47,"turns":5},{"damage":6,"enemies":"Giant Head","floor":48,"turns":5},{"damage":44,"enemies":"Time Eater","floor":50,"turns":11},{"damage":3,"enemies":"Shield and Spear","floor":54,"turns":6},{"damage":7,"enemies":"The Heart","floor":55,"turns":7}],"seed_played":"4395400160443878791","potions_obtained":[{"floor":10.0,"key":"Explosive Potion"},{"floor":11.0,"key":"Weak Potion"},{"floor":14.0,"key":"Strength Potion"},{"floor":18.0,"key":"SpeedPotion"},{"floor":22,"key":"AttackPotion"},{"floor":24,"key":"EssenceOfSteel"},{"floor":29,"key":"Block Potion"},{"floor":35,"key":"GamblersBrew"},{"floor":42,"key":"Strength Potion"},{"floor":44,"key":"Regen Potion"},{"floor":47,"key":"PowerPotion"},{"floor":48,"key":"PowerPotion"}],"is_trial":false,"path_per_floor":["M","?","M","?","?","R","E","R","T","M","M","R","M","E","R","B",null,"M","?","M","T","M","R","E","?","T","M","R","E","$","M","R","B",null,"M","$","M","M","?","E","R","M","T","M","R","?","M","E","R","B",null,"R","$","E","B",null],"character_chosen":"IRONCLAD","items_purchased":["Body Slam+1","Meat on the Bone","Burning Pact","Entrench","Bag of Marbles","Orichalcum"],"campfire_rested":1,"item_purchase_floors":[30,30,36,53,53,53],"current_hp_per_floor":[76,65,71,71,53,53,21,21,21,24,18,18,26,29,29,10,69,75,59,39,39,47,75,57,47,57,57,57,33,33,48,48,43,56,59,59,63,63,63,63,63,63,63,63,63,60,60,60,60,34,54,54,54,59,60],"gold":62,"neow_bonus":"TEN_PERCENT_HP_BONUS","is_prod":false,"is_daily":false,"chose_seed":false,"campfire_upgraded":6,"win_rate":0,"timestamp":1551266185,"path_taken":["M","?","M","?","?","R","E","R","T","M","M","R","M","E","R","BOSS","M","?","M","?","M","R","E","?","T","?","R","E","$","M","R","BOSS","M","$","M","M","?","E","R","M","T","M","R","?","M","E","R","BOSS","R","$","E","BOSS"],"build_version":"2019-02-06","purchased_purges":3,"victory":true,"max_hp_per_floor":[88,88,88,88,88,88,88,88,88,88,88,88,88,88,88,88,88,88,88,92,92,95,95,95,47,57,57,57,57,57,60,60,60,60,60,60,63,63,63,63,63,63,63,63,63,60,60,60,60,60,60,60,60,60,60],"card_choices":[{"not_picked":["Armaments","True Grit"],"picked":"Shrug It Off","floor":1.0},{"not_picked":["Thunderclap","Wild Strike"],"picked":"Feel No Pain","floor":3.0},{"not_picked":["Ghostly Armor","Havoc"],"picked":"Shrug It Off","floor":7.0},{"not_picked":["Dual Wield","Anger"],"picked":"Armaments","floor":10.0},{"not_picked":["Uppercut","Corruption","Blood for Blood"],"picked":"SKIP","floor":11.0},{"not_picked":["Rampage","Perfected Strike"],"picked":"Body Slam","floor":13.0},{"not_picked":["Uppercut","Perfected Strike"],"picked":"Shrug It Off","floor":14.0},{"not_picked":["Limit Break","Brutality"],"picked":"Feed","floor":16.0},{"not_picked":["Hemokinesis","Perfected Strike","Infernal Blade"],"picked":"SKIP","floor":18.0},{"not_picked":["Combust+1","Clash","Clothesline"],"picked":"SKIP","floor":20},{"not_picked":["Clothesline","Ghostly Armor"],"picked":"Inflame","floor":22},{"not_picked":["Entrench","Pommel Strike+1"],"picked":"Offering","floor":24},{"not_picked":["Cleave+1","Iron Wave"],"picked":"Spot Weakness","floor":27},{"not_picked":["Dropkick","Shrug It Off","Combust"],"picked":"SKIP","floor":29},{"not_picked":["Hemokinesis+1","Heavy Blade+1"],"picked":"Armaments+1","floor":31},{"not_picked":["Bludgeon+1","Feed+1"],"picked":"Dark Embrace","floor":33},{"not_picked":["Headbutt+1","Heavy Blade+1"],"picked":"Body Slam+1","floor":35},{"not_picked":["Perfected Strike+1","Sever Soul+1","Cleave+1"],"picked":"SKIP","floor":37},{"not_picked":["True Grit","Flex","Armaments+1"],"picked":"SKIP","floor":38},{"not_picked":["Feel No Pain+1","Seeing Red+1"],"picked":"Body Slam+1","floor":40},{"not_picked":["Intimidate+1","Metallicize"],"picked":"Body Slam+1","floor":42},{"not_picked":["Headbutt+1","Whirlwind+1"],"picked":"Shrug It Off+1","floor":44},{"not_picked":["Hemokinesis+1","Perfected Strike+1","Body Slam+1"],"picked":"SKIP","floor":47},{"not_picked":["Sword Boomerang+1","Pommel Strike+1","Inflame"],"picked":"SKIP","floor":48},{"not_picked":["Second Wind+1","Feed+1","Thunderclap+1"],"picked":"SKIP","floor":54}],"player_experience":79887,"relics_obtained":[{"floor":7.0,"key":"StoneCalendar"},{"floor":9.0,"key":"Blood Vial"},{"floor":14.0,"key":"Gremlin Horn"},{"floor":19.0,"key":"Enchiridion"},{"floor":21,"key":"Lantern"},{"floor":24,"key":"Oddly Smooth Stone"},{"floor":26,"key":"Pear"},{"floor":29,"key":"Molten Egg 2"},{"floor":40,"key":"Girya"},{"floor":48,"key":"Smiling Mask"},{"floor":54,"key":"Bottled Tornado"}],"event_choices":[{"damage_healed":0.0,"max_hp_gain":0.0,"max_hp_loss":0.0,"gold_gain":75.0,"event_name":"World of Goop","player_choice":"Gather Gold","floor":2.0,"gold_loss":0.0,"damage_taken":11.0},{"damage_healed":0.0,"max_hp_gain":0.0,"max_hp_loss":0.0,"gold_gain":0.0,"cards_transformed":["Strike_R"],"event_name":"Living Wall","player_choice":"Change","floor":4.0,"gold_loss":0.0,"damage_taken":0.0,"cards_obtained":["Uppercut"]},{"damage_healed":0.0,"max_hp_gain":0.0,"max_hp_loss":0.0,"gold_gain":0.0,"event_name":"Shining Light","player_choice":"Entered Light","floor":5.0,"gold_loss":0.0,"damage_taken":18.0,"cards_upgraded":["Strike_R","Defend_R"]},{"damage_healed":0.0,"max_hp_gain":0.0,"max_hp_loss":0.0,"gold_gain":0.0,"event_name":"Cursed Tome","player_choice":"Obtained Book","floor":19.0,"gold_loss":0.0,"damage_taken":16.0},{"damage_healed":0,"gold_gain":0,"player_choice":"Became a Ghost","damage_taken":0,"max_hp_gain":0,"max_hp_loss":48,"event_name":"Ghosts","floor":25,"gold_loss":0,"cards_obtained":["Ghostly","Ghostly","Ghostly","Ghostly","Ghostly"]},{"damage_healed":0,"gold_gain":0,"player_choice":"Ignored","damage_taken":0,"max_hp_gain":0,"max_hp_loss":0,"event_name":"Tomb of Lord Red Mask","floor":39,"gold_loss":0},{"damage_healed":0,"gold_gain":0,"player_choice":"Max HP","damage_taken":0,"max_hp_gain":0,"max_hp_loss":3,"event_name":"Winding Halls","floor":46,"gold_loss":0}],"is_beta":true,"boss_relics":[{"not_picked":["Snecko Eye","Cursed Key"],"picked":"Philosopher\u0027s Stone"},{"not_picked":["Eternal Feather","Tiny House"],"picked":"Empty Cage"}],"items_purged_floors":[30,36,53],"is_endless":false,"potions_floor_spawned":[10,11,14,18,22,24,29,35,42,44,47,48],"ascension_level":6}