{"gold_per_floor":[111,127,139,154,40,75,75,90,90,90,90,108,108,135,135,209,209,226,226,151,151],"floor_reached":21,"playtime":1020,"items_purged":["Strike_R"],"score":350,"play_id":"69d7eb9a-2cd0-44cb-b947-1fcb818309f7","local_time":"20190131181441","is_ascension_mode":true,"campfire_choices":[{"floor":7,"key":"REST"},{"data":"Corruption","floor":11,"key":"SMITH"},{"data":"Dark Embrace","floor":13,"key":"SMITH"},{"floor":15,"key":"REST"}],"neow_cost":"NONE","seed_source_timestamp":6488471796497,"circlet_count":0,"master_deck":["AscendersBane","Strike_R","Strike_R","Defend_R","Defend_R","Defend_R","Defend_R","Bash","Rampage+1","Headbutt","Corruption+1","Battle Trance","Dark Embrace+1","Fiend Fire","Double Tap","Warcry+1"],"relics":["Burning Blood","Singing Bowl","Omamori","Oddly Smooth Stone","Fusion Hammer"],"potions_floor_usage":[6,6,12,14],"damage_taken":[{"damage":2,"enemies":"Cultist","floor":1,"turns":4},{"damage":10,"enemies":"Small Slimes","floor":2,"turns":3},{"damage":3,"enemies":"2 Louse","floor":3,"turns":4},{"damage":22,"enemies":"Exordium Wildlife","floor":4,"turns":4},{"damage":35,"enemies":"3 Sentries","floor":6,"turns":9},{"damage":12,"enemies":"Looter","floor":8,"turns":3},{"damage":15,"enemies":"Gremlin Gang","floor":12,"turns":5},{"damage":21,"enemies":"Gremlin Nob","floor":14,"turns":4},{"damage":30,"enemies":"Slime Boss","floor":16,"turns":6},{"damage":31,"enemies":"Chosen","floor":18,"turns":5},{"damage":43,"enemies":"Shell Parasite","floor":21,"turns":4}],"seed_played":"-1150361136893303746","potions_obtained":[{"floor":3,"key":"Dexterity Potion"},{"floor":4,"key":"Dexterity Potion"},{"floor":6,"key":"LiquidBronze"},{"floor":8,"key":"GamblersBrew"},{"floor":14,"key":"SteroidPotion"},{"floor":18,"key":"Block Potion"}],"is_trial":false,"path_per_floor":["M","?","?","?"],"character_chosen":"IRONCLAD","items_purchased":["Battle Trance"],"campfire_rested":2,"item_purchase_floors":[5],"current_hp_per_floor":[72,68,71,55,55,28,51,47,47,47,47,38,38,23,46,22,65,40,40,40,0],"gold":151,"neow_bonus":"REMOVE_CARD","is_prod":false,"is_daily":false,"chose_seed":false,"campfire_upgraded":2,"win_rate":0,"timestamp":1548929681,"path_taken":["M","M","M","M","$","E","R","?","T","?","R","M","R","E","R","BOSS","M","?","?","M"],"build_version":"2019-01-23","purchased_purges":1,"victory":false,"max_hp_per_floor":[75,75,75,75,75,77,77,79,79,79,79,79,79,79,79,79,79,79,79,79,79],"card_choices":[{"not_picked":["Thunderclap","Infernal Blade"],"picked":"Rampage","floor":1},{"not_picked":["Armaments","Infernal Blade"],"picked":"Headbutt","floor":2},{"not_picked":["Inflame","True Grit","Uppercut"],"picked":"SKIP","floor":3},{"not_picked":["Iron Wave","Havoc"],"picked":"Corruption","floor":4},{"not_picked":["Wild Strike","Heavy Blade","Disarm"],"picked":"Singing Bowl","floor":6},{"not_picked":["Clothesline","True Grit","Shrug It Off"],"picked":"Singing Bowl","floor":8},{"not_picked":["Armaments","Flame Barrier"],"picked":"Dark Embrace","floor":12},{"not_picked":["Armaments","Uppercut"],"picked":"Fiend Fire","floor":14},{"not_picked":["Limit Break","Demon Form"],"picked":"Double Tap","floor":16},{"not_picked":["Iron Wave","Clash"],"picked":"Warcry+1","floor":18}],"player_experience":190109,"relics_obtained":[{"floor":6,"key":"Singing Bowl"},{"floor":9,"key":"Omamori"},{"floor":14,"key":"Oddly Smooth Stone"}],"event_choices":[{"damage_healed":0,"gold_gain":0,"player_choice":"Upgraded","damage_taken":0,"max_hp_gain":0,"max_hp_loss":0,"event_name":"Upgrade Shrine","floor":10,"gold_loss":0,"cards_upgraded":["Rampage"]},{"damage_healed":0,"gold_gain":0,"player_choice":"Ignored","damage_taken":0,"max_hp_gain":0,"max_hp_loss":0,"event_name":"Vampires","floor":19,"gold_loss":0},{"cards_removed":["Strike_R"],"damage_healed":0,"gold_gain":0,"player_choice":"Gave Gold","damage_taken":0,"max_hp_gain":0,"max_hp_loss":0,"event_name":"Beggar","floor":20,"gold_loss":75}],"is_beta":false,"boss_relics":[{"not_picked":["Velvet Choker","Runic Cube"],"picked":"Fusion Hammer"}],"items_purged_floors":[5],"is_endless":false,"potions_floor_spawned":[3,4,6,8,14,18],"killed_by":"Shell Parasite","ascension_level":17}