{"gold_per_floor":[13,23,38,49,60,92,104,16,16,16,33,33,83,108,108,108],"floor_reached":16,"playtime":874,"items_purged":["Strike_R"],"score":207,"play_id":"3c3fb9f2-fdbd-434a-91c8-a6406f935a4b","local_time":"20190131191723","is_ascension_mode":true,"campfire_choices":[{"data":"Corruption","floor":7.0,"key":"SMITH"},{"data":"Warcry","floor":10.0,"key":"SMITH"},{"data":"Flex","floor":12.0,"key":"SMITH"},{"floor":15.0,"key":"REST"}],"neow_cost":"NO_GOLD","seed_source_timestamp":10270460130824,"circlet_count":0,"master_deck":["AscendersBane","Strike_R","Strike_R","Defend_R","Defend_R","Defend_R","Defend_R","Bash","Thunderclap","Twin Strike","Rampage","Shrug It Off","Reaper","Corruption+1","Warcry+1","Flex+1"],"special_seed":0,"relics":["Burning Blood","MawBank","Sundial","Calipers"],"potions_floor_usage":[],"damage_taken":[{"damage":6.0,"enemies":"Cultist","floor":1.0,"turns":3.0},{"damage":14.0,"enemies":"Small Slimes","floor":2.0,"turns":8.0},{"damage":2.0,"enemies":"2 Louse","floor":3.0,"turns":2.0},{"damage":12.0,"enemies":"Blue Slaver","floor":4.0,"turns":6.0},{"damage":14.0,"enemies":"3 Louse","floor":5.0,"turns":4.0},{"damage":25.0,"enemies":"Gremlin Nob","floor":6.0,"turns":4.0},{"damage":11.0,"enemies":"2 Fungi Beasts","floor":11.0,"turns":4.0},{"damage":17.0,"enemies":"Lagavulin","floor":14.0,"turns":7.0},{"damage":69,"enemies":"Slime Boss","floor":16,"turns":6}],"seed_played":"-878775765156755896","potions_obtained":[{"floor":1.0,"key":"Regen Potion"},{"floor":3.0,"key":"EssenceOfSteel"},{"floor":4.0,"key":"Poison Potion"},{"floor":11.0,"key":"SmokeBomb"}],"is_trial":false,"path_per_floor":["M","?"],"character_chosen":"IRONCLAD","items_purchased":["Warcry"],"campfire_rested":1,"item_purchase_floors":[8],"current_hp_per_floor":[68,60,64,58,50,31,31,31,31,31,45,45,45,38,60,0],"gold":108,"neow_bonus":"REMOVE_TWO","is_prod":false,"is_daily":false,"chose_seed":false,"campfire_upgraded":3,"win_rate":0,"timestamp":1548933443,"path_taken":["M","M","M","?","M","E","R","$","T","R","M","R","?","E","R","BOSS"],"build_version":"2019-01-23","purchased_purges":1,"victory":false,"max_hp_per_floor":[75,75,75,75,75,75,75,75,75,75,75,75,75,75,75,75],"card_choices":[{"not_picked":["Dual Wield","Anger"],"picked":"Thunderclap","floor":1.0},{"not_picked":["Warcry","Wild Strike"],"picked":"Twin Strike","floor":2.0},{"not_picked":["Evolve","Iron Wave"],"picked":"Rampage","floor":3.0},{"not_picked":["Clash","Body Slam"],"picked":"Shrug It Off","floor":4.0},{"not_picked":["Clash","Anger"],"picked":"Reaper","floor":5.0},{"not_picked":["Body Slam","Cleave"],"picked":"Corruption","floor":6.0},{"not_picked":["Sword Boomerang","Iron Wave"],"picked":"Flex","floor":11.0},{"not_picked":["Seeing Red","Perfected Strike","Twin Strike"],"picked":"SKIP","floor":14.0}],"player_experience":193017,"relics_obtained":[{"floor":6.0,"key":"MawBank"},{"floor":9.0,"key":"Sundial"},{"floor":14.0,"key":"Calipers"}],"event_choices":[{"damage_healed":0.0,"max_hp_gain":0.0,"max_hp_loss":0.0,"gold_gain":50.0,"event_name":"Golden Shrine","player_choice":"Pray","floor":13.0,"gold_loss":0.0,"damage_taken":0.0}],"is_beta":false,"boss_relics":[],"items_purged_floors":[8],"is_endless":false,"potions_floor_spawned":[1,3,4,11],"killed_by":"Slime Boss","ascension_level":17}