{"gold_per_floor":[13,28,28,44,44,44,119,144,169,169,169,169,184,209,209,283,283,255,255,274,21,40,40,40,40,40,51,51,51,51,65,65,142,142,160,15,15,15,15,40,0,14,14,14,14,14,45,61,61,61],"floor_reached":51,"playtime":1910,"items_purged":["Strike_R"],"score":1203,"play_id":"ea4a1dbb-4e2d-42d2-bf57-87e7fcac82a5","local_time":"20181016163515","is_ascension_mode":true,"campfire_choices":[{"data":"Bash","floor":6,"key":"SMITH"},{"floor":10,"key":"REST"},{"data":"True Grit","floor":12,"key":"SMITH"},{"data":"Spot Weakness","floor":15,"key":"SMITH"},{"floor":23,"key":"REST"},{"floor":28,"key":"REST"},{"data":"Limit Break","floor":30,"key":"SMITH"},{"floor":32,"key":"REST"},{"data":"Evolve","floor":44,"key":"SMITH"},{"floor":46,"key":"REST"},{"floor":49,"key":"DIG"}],"neow_cost":"NO_GOLD","seed_source_timestamp":533661579637292,"circlet_count":0,"master_deck":["Strike_R+1","Strike_R+1","Defend_R+1","Defend_R+1","Defend_R+1","Defend_R+1","Bash+1","AscendersBane","True Grit+1","Reckless Charge+1","Evolve+1","Wild Strike+1","Power Through+1","Ghostly Armor+1","Battle Trance+1","Uppercut+1","Headbutt+1","Spot Weakness+1","Limit Break+1","Twin Strike+1","Metallicize+1","Shockwave+1","Panacea+1","Pummel+1","Ghostly Armor+1","Shrug It Off+1","Sword Boomerang+1","Shrug It Off+1","Sever Soul+1","Power Through+1"],"relics":["Burning Blood","Prayer Wheel","FaceOfCleric","Juzu Bracelet","Dream Catcher","Bag of Preparation","Velvet Choker","Charon\u0027s Ashes","Philosopher\u0027s Stone","Oddly Smooth Stone","Vajra","Red Mask","FossilizedHelix","Mark of the Bloom","Shovel","Mummified Hand"],"potions_floor_usage":[8,14,16,27,33,40,47],"damage_taken":[{"damage":2,"enemies":"2 Louse","floor":1,"turns":3},{"damage":7,"enemies":"Jaw Worm","floor":2,"turns":2},{"damage":0,"enemies":"Small Slimes","floor":4,"turns":4},{"damage":36,"enemies":"Lagavulin","floor":8,"turns":9},{"damage":0,"enemies":"2 Fungi Beasts","floor":13,"turns":4},{"damage":3,"enemies":"3 Sentries","floor":14,"turns":7},{"damage":47,"enemies":"The Guardian","floor":16,"turns":15},{"damage":14,"enemies":"2 Thieves","floor":18,"turns":5},{"damage":19,"enemies":"Colosseum Slavers","floor":19,"turns":5},{"damage":21,"enemies":"Shell Parasite","floor":20,"turns":6},{"damage":28,"enemies":"Cultist and Chosen","floor":22,"turns":7},{"damage":12,"enemies":"Centurion and Healer","floor":27,"turns":3},{"damage":2,"enemies":"Snecko","floor":31,"turns":5},{"damage":72,"enemies":"Collector","floor":33,"turns":9},{"damage":3,"enemies":"3 Shapes","floor":35,"turns":5},{"damage":23,"enemies":"Giant Head","floor":40,"turns":7},{"damage":0,"enemies":"Orb Walker","floor":42,"turns":3},{"damage":2,"enemies":"Nemesis","floor":47,"turns":7},{"damage":0,"enemies":"Sphere and 2 Shapes","floor":48,"turns":4},{"damage":41,"enemies":"Awakened One","floor":50,"turns":8}],"seed_played":"2327640988248600074","potions_obtained":[{"floor":4,"key":"Energy Potion"},{"floor":8,"key":"Energy Potion"},{"floor":14,"key":"Weak Potion"},{"floor":18,"key":"LiquidBronze"},{"floor":22,"key":"AttackPotion"},{"floor":33,"key":"Weak Potion"},{"floor":35,"key":"BloodPotion"}],"is_trial":false,"path_per_floor":["M","M","?","M","?","R","?","E","T","R","?","R","M","E","R","B",null,"M","?","M","$","M","R","T","?","T","M","R","$","R","M","R","B",null,"M","$","?","?","?","E","?","M","T","R","?","R","E","M","R","B"],"character_chosen":"IRONCLAD","items_purchased":["Heavy Blade","Shockwave","Panacea","Oddly Smooth Stone"],"campfire_rested":5,"item_purchase_floors":[21,21,21,36],"current_hp_per_floor":[72,71,64,70,70,70,59,30,30,52,52,52,59,63,63,23,65,58,46,32,32,11,35,35,35,35,30,55,55,55,60,85,20,70,74,74,74,74,74,58,58,65,65,65,65,65,63,63,63,22],"gold":61,"neow_bonus":"ONE_RARE_RELIC","is_prod":false,"is_daily":false,"chose_seed":false,"campfire_upgraded":5,"win_rate":0,"timestamp":1539700515,"path_taken":["M","M","?","M","?","R","?","E","T","R","?","R","M","E","R","BOSS","M","?","M","?","M","R","?","?","T","M","R","$","R","M","R","BOSS","M","$","?","?","?","E","?","M","T","R","?","R","E","M","R","BOSS"],"build_version":"2018-10-11","purchased_purges":1,"victory":true,"max_hp_per_floor":[75,75,75,75,75,75,75,76,76,76,76,76,77,78,78,79,79,80,81,82,82,83,83,83,83,83,84,84,84,84,85,85,86,86,87,87,83,83,83,84,84,85,85,85,85,85,86,87,87,88],"card_choices":[{"not_picked":["Clash","Armaments"],"picked":"True Grit","floor":1},{"not_picked":["Havoc","Dropkick"],"picked":"Reckless Charge","floor":1},{"not_picked":["Clash","Entrench"],"picked":"Evolve","floor":2},{"not_picked":["Clothesline","Sword Boomerang"],"picked":"Wild Strike","floor":2},{"not_picked":["Feel No Pain","Body Slam"],"picked":"Power Through","floor":4},{"not_picked":["Clash","Feed"],"picked":"Ghostly Armor","floor":4},{"not_picked":["Sword Boomerang","Flex"],"picked":"Battle Trance","floor":8},{"not_picked":["Twin Strike","Thunderclap"],"picked":"Headbutt","floor":13},{"not_picked":["Anger","Iron Wave","Thunderclap"],"picked":"SKIP","floor":13},{"not_picked":["Perfected Strike","Carnage"],"picked":"Spot Weakness","floor":14},{"not_picked":["Demon Form","Double Tap"],"picked":"Limit Break","floor":16},{"not_picked":["Evolve+1","Shrug It Off"],"picked":"Twin Strike+1","floor":18},{"not_picked":["Flex","Havoc","Intimidate"],"picked":"SKIP","floor":18},{"not_picked":["Shockwave+1","Spot Weakness"],"picked":"Metallicize+1","floor":20},{"not_picked":["Clothesline","Combust","Body Slam"],"picked":"SKIP","floor":20},{"not_picked":["Inflame+1","Anger"],"picked":"Pummel","floor":22},{"not_picked":["Heavy Blade","Headbutt","Rupture"],"picked":"SKIP","floor":22},{"not_picked":["Twin Strike","Pummel"],"picked":"Ghostly Armor","floor":27},{"not_picked":["Burning Pact","Pommel Strike"],"picked":"Shrug It Off","floor":27},{"not_picked":["Thunderclap+1","Shrug It Off"],"picked":"Sword Boomerang","floor":28},{"not_picked":["Uppercut","Heavy Blade"],"picked":"Shrug It Off","floor":31},{"not_picked":["Armaments","Flex","Sever Soul"],"picked":"SKIP","floor":31},{"not_picked":["Armaments","Flex"],"picked":"Sever Soul","floor":31},{"not_picked":["Armaments","Heavy Blade","Entrench"],"picked":"SKIP","floor":35},{"not_picked":["Pummel+1","Warcry+1","Heavy Blade"],"picked":"SKIP","floor":35},{"not_picked":["Seeing Red","Armaments+1","Twin Strike"],"picked":"SKIP","floor":40},{"not_picked":["Flex","Dropkick"],"picked":"Power Through+1","floor":42},{"not_picked":["Pommel Strike","Thunderclap","True Grit"],"picked":"SKIP","floor":42},{"not_picked":["Uppercut","Bloodletting","Infernal Blade"],"picked":"SKIP","floor":47},{"not_picked":["Anger","Feed","Dual Wield"],"picked":"SKIP","floor":48},{"not_picked":["Shrug It Off","Clothesline+1","Wild Strike"],"picked":"SKIP","floor":48}],"player_experience":526322,"relics_obtained":[{"floor":8,"key":"Juzu Bracelet"},{"floor":9,"key":"Dream Catcher"},{"floor":14,"key":"Bag of Preparation"},{"floor":24,"key":"Charon\u0027s Ashes"},{"floor":40,"key":"Vajra"},{"floor":43,"key":"FossilizedHelix"},{"floor":47,"key":"Shovel"},{"floor":49,"key":"Mummified Hand"}],"event_choices":[{"event_name":"Golden Wing","player_choice":"Card Removal","floor":3,"damage_taken":0},{"event_name":"FaceTrader","player_choice":"Trade","floor":5,"damage_taken":0},{"event_name":"World of Goop","player_choice":"Gather Gold","floor":7,"damage_taken":0},{"event_name":"Transmorgrifier","player_choice":"Transform","floor":11,"damage_taken":0},{"event_name":"Colosseum","player_choice":"Fight","floor":19,"damage_taken":0},{"event_name":"Colosseum","player_choice":"Fled From Nobs","floor":19,"damage_taken":0},{"event_name":"Vampires","player_choice":"Ignored","floor":25,"damage_taken":0},{"event_name":"Winding Halls","player_choice":"Max HP","floor":37,"damage_taken":0},{"event_name":"Mysterious Sphere","player_choice":"Ignore","floor":38,"damage_taken":0},{"event_name":"Falling","player_choice":"Removed Attack","floor":39,"damage_taken":0},{"event_name":"Tomb of Lord Red Mask","player_choice":"Paid","floor":41,"damage_taken":0},{"event_name":"MindBloom","player_choice":"Upgrade","floor":45,"damage_taken":0}],"is_beta":false,"boss_relics":[{"not_picked":["Tiny House","Black Blood"],"picked":"Velvet Choker"},{"not_picked":["Runic Cube","Empty Cage"],"picked":"Philosopher\u0027s Stone"}],"items_purged_floors":[21],"is_endless":false,"potions_floor_spawned":[4,8,14,18,22,33,35],"ascension_level":15}