{"gold_per_floor":[109,121,137,149,167,184,216,91,91,106,141,154,154,1,1,98,98,108,127,37,49,49,49,49,49,128,28,47,47,47,47,47,47],"floor_reached":33,"playtime":2149,"items_purged":["Strike_R","Strike_R"],"score":451,"play_id":"1b466960-77b6-4b17-ab8b-b8179a422bc3","local_time":"20181020134454","is_ascension_mode":true,"campfire_choices":[{"data":"Seeing Red","floor":13.0,"key":"SMITH"},{"floor":15.0,"key":"REST"},{"floor":23,"key":"REST"},{"data":"Body Slam","floor":29,"key":"SMITH"},{"floor":32,"key":"REST"}],"neow_cost":"NONE","seed_source_timestamp":0,"circlet_count":0,"master_deck":["Defend_R","Defend_R","Defend_R","Defend_R","Bash","AscendersBane","Trip","Seeing Red+1","Clothesline","Carnage","Metallicize","Cleave","Flex","Shrug It Off","Battle Trance","Headbutt","Uppercut","Swift Strike","Double Tap","Flame Barrier","Anger","Dramatic Entrance","Exhume","Body Slam+1","Bite","Bite","Bite","Bite","Bite","Good Instincts"],"special_seed":0,"relics":["Burning Blood","Oddly Smooth Stone","Shuriken","Matryoshka","Runic Cube","Mercury Hourglass","Juzu Bracelet","Letter Opener"],"potions_floor_usage":[22],"damage_taken":[{"damage":0.0,"enemies":"Cultist","floor":1.0,"turns":4.0},{"damage":0.0,"enemies":"2 Louse","floor":2.0,"turns":2.0},{"damage":7.0,"enemies":"Small Slimes","floor":3.0,"turns":3.0},{"damage":5.0,"enemies":"Red Slaver","floor":4.0,"turns":3.0},{"damage":11.0,"enemies":"2 Fungi Beasts","floor":5.0,"turns":4.0},{"damage":0.0,"enemies":"Exordium Wildlife","floor":6.0,"turns":3.0},{"damage":34.0,"enemies":"Lagavulin","floor":7.0,"turns":6.0},{"damage":16.0,"enemies":"3 Louse","floor":10.0,"turns":3.0},{"damage":0.0,"enemies":"Gremlin Nob","floor":11.0,"turns":2.0},{"damage":8.0,"enemies":"Looter","floor":12.0,"turns":2.0},{"damage":30.0,"enemies":"The Guardian","floor":16.0,"turns":10.0},{"damage":18,"enemies":"2 Thieves","floor":18,"turns":3},{"damage":21,"enemies":"Spheric Guardian","floor":19,"turns":4},{"damage":13,"enemies":"3 Cultists","floor":21,"turns":6},{"damage":14,"enemies":"Colosseum Slavers","floor":22,"turns":3},{"damage":12,"enemies":"Cultist and Chosen","floor":28,"turns":3},{"damage":87,"enemies":"Automaton","floor":33,"turns":6}],"seed_played":"8279826818890035976","potions_obtained":[{"floor":1.0,"key":"FearPotion"},{"floor":6.0,"key":"Strength Potion"},{"floor":7.0,"key":"Poison Potion"},{"floor":10.0,"key":"Energy Potion"},{"floor":11.0,"key":"Regen Potion"},{"floor":12.0,"key":"LiquidBronze"},{"floor":21,"key":"SkillPotion"}],"is_trial":false,"path_per_floor":["M","M","M","M","M","M","E","$","T","M","E","M","R","$","R","B",null,"M","M","$","M","?","R","?","$","T","$","M","R","?","?","R"],"character_chosen":"IRONCLAD","items_purchased":["Shrug It Off","Uppercut","Swift Strike","Dramatic Entrance"],"campfire_rested":3,"item_purchase_floors":[8,14,14,20],"current_hp_per_floor":[78,80,79,80,75,80,52,52,52,42,48,46,46,46,70,59,75,63,48,48,41,33,57,57,57,57,57,51,51,51,39,55,0],"gold":47,"neow_bonus":"RANDOM_COLORLESS","is_prod":false,"is_daily":false,"chose_seed":false,"campfire_upgraded":2,"win_rate":0,"timestamp":1540068294,"path_taken":["M","M","M","M","M","?","E","$","T","M","E","M","R","$","R","BOSS","M","?","$","M","?","R","?","$","T","?","M","R","?","?","R","BOSS"],"build_version":"2018-10-18","purchased_purges":2,"victory":false,"max_hp_per_floor":[80,80,80,80,80,80,80,80,80,80,80,80,80,80,80,80,80,80,80,80,80,80,80,80,80,80,80,80,80,56,56,56,56],"card_choices":[{"not_picked":["Blood for Blood","Fire Breathing"],"picked":"Seeing Red","floor":1.0},{"not_picked":["Entrench","Warcry"],"picked":"Clothesline","floor":2.0},{"not_picked":["Fire Breathing","Havoc"],"picked":"Carnage","floor":3.0},{"not_picked":["Armaments","Power Through"],"picked":"Metallicize","floor":4.0},{"not_picked":["Pommel Strike","Searing Blow"],"picked":"Cleave","floor":5.0},{"not_picked":["True Grit","Armaments","Perfected Strike"],"picked":"SKIP","floor":6.0},{"not_picked":["Sentinel","Armaments"],"picked":"Flex","floor":7.0},{"not_picked":["Body Slam","Blood for Blood"],"picked":"Battle Trance","floor":10.0},{"not_picked":["Flex","Battle Trance","Thunderclap"],"picked":"SKIP","floor":11.0},{"not_picked":["Pommel Strike","Immolate"],"picked":"Headbutt","floor":12.0},{"not_picked":["Feed","Dark Embrace"],"picked":"Double Tap","floor":16.0},{"not_picked":["Heavy Blade","Cleave"],"picked":"Flame Barrier","floor":18},{"not_picked":["Perfected Strike","Clothesline"],"picked":"Anger","floor":19},{"not_picked":["Thunderclap","Clothesline"],"picked":"Exhume","floor":21},{"not_picked":["Clothesline","Shockwave"],"picked":"Body Slam","floor":28}],"player_experience":356552,"relics_obtained":[{"floor":7.0,"key":"Oddly Smooth Stone"},{"floor":9.0,"key":"Shuriken"},{"floor":11.0,"key":"Matryoshka"},{"floor":24,"key":"Mercury Hourglass"},{"floor":26,"key":"Juzu Bracelet"},{"floor":26,"key":"Letter Opener"}],"event_choices":[{"damage_healed":0,"gold_gain":0,"player_choice":"Fight","damage_taken":0,"max_hp_gain":0,"max_hp_loss":0,"event_name":"Colosseum","floor":22,"gold_loss":0},{"damage_healed":0,"gold_gain":0,"player_choice":"Fled From Nobs","damage_taken":0,"max_hp_gain":0,"max_hp_loss":0,"event_name":"Colosseum","floor":22,"gold_loss":0},{"damage_healed":0,"gold_gain":0,"player_choice":"Relic","damage_taken":0,"max_hp_gain":0,"max_hp_loss":0,"event_name":"Wheel of Change","floor":24,"gold_loss":0},{"damage_healed":0,"gold_gain":0,"player_choice":"Became a vampire","damage_taken":0,"max_hp_gain":0,"max_hp_loss":24,"event_name":"Vampires","floor":30,"gold_loss":0,"cards_obtained":["Bite","Bite","Bite","Bite","Bite"]},{"damage_healed":0,"gold_gain":0,"player_choice":"CARD ","damage_taken":12,"max_hp_gain":0,"max_hp_loss":0,"event_name":"Knowing Skull","floor":31,"potions_obtained":[],"gold_loss":0,"cards_obtained":["Good Instincts"]}],"is_beta":false,"boss_relics":[{"not_picked":["Ectoplasm","Black Blood"],"picked":"Runic Cube"}],"items_purged_floors":[8,27],"is_endless":false,"potions_floor_spawned":[1,6,7,10,11,12,21],"killed_by":"Automaton","ascension_level":10}