{"gold_per_floor":[110,110,185,185,53,86,111,111,184,204,242,242,262,316,316,410,410,435,435,452,652,662,662,390,305,355,374,374,374,387,413,413,413],"floor_reached":33,"playtime":848,"items_purged":["Strike_R","Strike_R"],"score":551,"play_id":"c28f9b63-4d59-47db-883d-dde6f0b8f8a8","local_time":"20181116010717","is_ascension_mode":true,"campfire_choices":[{"data":"Bash","floor":8,"key":"SMITH"},{"data":"Cleave","floor":12,"key":"SMITH"},{"data":"Heavy Blade","floor":15,"key":"SMITH"},{"data":"Offering","floor":23,"key":"SMITH"},{"data":"Heavy Blade","floor":29,"key":"SMITH"},{"data":"Carnage","floor":32,"key":"SMITH"}],"neow_cost":"NONE","seed_source_timestamp":42998809260105,"circlet_count":0,"master_deck":["AscendersBane","Strike_R","Strike_R","Strike_R","Defend_R","Defend_R","Defend_R+1","Defend_R","Bash+1","Inflame+1","Shrug It Off","Cleave+1","Thunderclap","Heavy Blade+1","Offering+1","Flex+1","Whirlwind","Carnage+1","Heavy Blade+1","Offering"],"relics":["Burning Blood","NeowsBlessing","Bloody Idol","Blood Vial","Bottled Flame","Bottled Tornado","Bag of Marbles","Snecko Eye","Strawberry","Juzu Bracelet","Mummified Hand","Art of War"],"potions_floor_usage":[11,22,31,33,33],"damage_taken":[{"damage":0,"enemies":"Jaw Worm","floor":1,"turns":1},{"damage":0,"enemies":"Lagavulin","floor":6,"turns":1},{"damage":0,"enemies":"Small Slimes","floor":7,"turns":1},{"damage":0,"enemies":"2 Louse","floor":10,"turns":2},{"damage":24,"enemies":"Gremlin Nob","floor":11,"turns":4},{"damage":4,"enemies":"Looter","floor":13,"turns":4},{"damage":44,"enemies":"The Guardian","floor":16,"turns":12},{"damage":0,"enemies":"Chosen","floor":18,"turns":3},{"damage":14,"enemies":"3 Byrds","floor":20,"turns":4},{"damage":12,"enemies":"Snake Plant","floor":22,"turns":2},{"damage":14,"enemies":"Centurion and Healer","floor":27,"turns":4},{"damage":0,"enemies":"Cultist and Chosen","floor":30,"turns":3},{"damage":4,"enemies":"Book of Stabbing","floor":31,"turns":2},{"damage":99,"enemies":"Automaton","floor":33,"turns":6}],"seed_played":"8912685411009632841","potions_obtained":[{"floor":7,"key":"SteroidPotion"},{"floor":16,"key":"Swift Potion"},{"floor":20,"key":"Block Potion"},{"floor":27,"key":"Explosive Potion"},{"floor":31,"key":"Regen Potion"}],"is_trial":false,"path_per_floor":["M","?","?","?","$","E","M","R","T","M","E","R","M","T","R","B",null,"M","?","M","?","M","R","$","?","T","M","T","R","M","E","R","B"],"character_chosen":"IRONCLAD","items_purchased":["Shrug It Off","Whirlwind","Carnage"],"campfire_rested":0,"item_purchase_floors":[5,24,24],"current_hp_per_floor":[74,68,57,37,37,43,51,51,51,59,43,43,47,47,47,11,54,62,62,61,66,67,67,67,74,75,72,72,72,75,75,75,0],"gold":413,"neow_bonus":"THREE_ENEMY_KILL","is_prod":false,"is_daily":false,"chose_seed":false,"campfire_upgraded":6,"win_rate":0,"timestamp":1542326837,"path_taken":["M","?","?","?","$","E","M","R","T","M","E","R","M","?","R","BOSS","M","?","M","?","?","R","$","?","T","M","?","R","M","E","R","BOSS"],"build_version":"2018-11-08","purchased_purges":2,"victory":false,"max_hp_per_floor":[75,68,68,68,68,68,68,68,68,68,68,68,68,68,68,68,68,68,68,68,68,68,68,68,75,75,75,75,75,75,75,75,75],"card_choices":[{"not_picked":["Clash","Sword Boomerang"],"picked":"Inflame","floor":1},{"not_picked":["Rupture","Burning Pact"],"picked":"Cleave","floor":6},{"not_picked":["Evolve","Searing Blow"],"picked":"Thunderclap","floor":7},{"not_picked":["Wild Strike","Rupture","Thunderclap"],"picked":"SKIP","floor":10},{"not_picked":["Sentinel","Body Slam","Warcry"],"picked":"SKIP","floor":11},{"not_picked":["Ghostly Armor","Rupture"],"picked":"Heavy Blade","floor":13},{"not_picked":["Dark Embrace","Feed"],"picked":"Offering","floor":16},{"not_picked":["True Grit","Sword Boomerang","Thunderclap"],"picked":"SKIP","floor":18},{"not_picked":["Sentinel","Intimidate","Anger"],"picked":"SKIP","floor":20},{"not_picked":["Wild Strike","Warcry"],"picked":"Flex+1","floor":22},{"not_picked":["Twin Strike","Body Slam"],"picked":"Heavy Blade","floor":27},{"not_picked":["Thunderclap+1","Rupture","True Grit"],"picked":"SKIP","floor":30},{"not_picked":["Anger","Carnage"],"picked":"Offering","floor":31}],"player_experience":663989,"relics_obtained":[{"floor":6,"key":"Blood Vial"},{"floor":9,"key":"Bottled Flame"},{"floor":11,"key":"Bottled Tornado"},{"floor":14,"key":"Bag of Marbles"},{"floor":26,"key":"Juzu Bracelet"},{"floor":28,"key":"Mummified Hand"},{"floor":31,"key":"Art of War"}],"event_choices":[{"damage_healed":0,"gold_gain":0,"player_choice":"Lose Max HP","damage_taken":0,"relics_obtained":["Golden Idol"],"max_hp_gain":0,"max_hp_loss":7,"event_name":"Golden Idol","floor":2,"gold_loss":0},{"damage_healed":0,"gold_gain":75,"player_choice":"Gather Gold","damage_taken":11,"max_hp_gain":0,"max_hp_loss":0,"event_name":"World of Goop","floor":3,"gold_loss":0},{"damage_healed":0,"gold_gain":0,"player_choice":"Entered Light","damage_taken":20,"max_hp_gain":0,"max_hp_loss":0,"event_name":"Shining Light","floor":4,"gold_loss":0,"cards_upgraded":["Defend_R","Inflame"]},{"damage_healed":0,"gold_gain":0,"player_choice":"Gave Idol","damage_taken":0,"relics_obtained":["Bloody Idol"],"max_hp_gain":0,"max_hp_loss":0,"event_name":"Forgotten Altar","floor":19,"relics_lost":["Golden Idol"],"gold_loss":0},{"damage_healed":0,"gold_gain":200,"player_choice":"Gold","damage_taken":0,"max_hp_gain":0,"max_hp_loss":0,"event_name":"Wheel of Change","floor":21,"gold_loss":0},{"damage_healed":0,"gold_gain":0,"player_choice":"Obtained Relic","damage_taken":0,"relics_obtained":["Strawberry"],"max_hp_gain":0,"max_hp_loss":0,"event_name":"Addict","floor":25,"gold_loss":85}],"is_beta":false,"boss_relics":[{"not_picked":["Runic Cube","Pandora\u0027s Box"],"picked":"Snecko Eye"}],"items_purged_floors":[5,24],"is_endless":false,"potions_floor_spawned":[7,16,20,27,31],"killed_by":"Automaton","ascension_level":17}