{"gold_per_floor":[112,112,127,139,156,184,184,215,245,245,258,258,271,92,92,169,169,184,184,184],"floor_reached":20,"playtime":1082,"items_purged":["Pain"],"score":304,"play_id":"157d5fe7-fc37-446d-b79f-6e947e5f71d4","local_time":"20190108163655","is_ascension_mode":true,"campfire_choices":[{"floor":7,"key":"REST"},{"floor":10,"key":"REST"},{"data":"Entrench","floor":12,"key":"SMITH"},{"floor":15,"key":"REST"}],"neow_cost":"NONE","seed_source_timestamp":275692111156695,"circlet_count":0,"master_deck":["AscendersBane","Bash","Exhume","Warcry","Heavy Blade","Anger","Dual Wield","Bloodletting","Entrench+1","Twin Strike","Corruption","Pommel Strike","Limit Break","Exhume","Combust","Double Tap","Iron Wave","Shrug It Off","Perfected Strike","Searing Blow","Demon Form","Reckless Charge","Burning Pact"],"relics":["Burning Blood","WarpedTongs","Letter Opener","Bronze Scales","Tiny Chest","Pandora\u0027s Box","Girya"],"potions_floor_usage":[5,6,16,16],"damage_taken":[{"damage":13,"enemies":"Small Slimes","floor":1,"turns":5},{"damage":17,"enemies":"Cultist","floor":3,"turns":5},{"damage":5,"enemies":"Jaw Worm","floor":4,"turns":3},{"damage":13,"enemies":"Blue Slaver","floor":5,"turns":4},{"damage":24,"enemies":"Lagavulin","floor":6,"turns":7},{"damage":51,"enemies":"3 Sentries","floor":8,"turns":10},{"damage":3,"enemies":"2 Fungi Beasts","floor":11,"turns":3},{"damage":11,"enemies":"3 Louse","floor":13,"turns":3},{"damage":45,"enemies":"The Guardian","floor":16,"turns":9},{"damage":49,"enemies":"2 Thieves","floor":18,"turns":4},{"damage":21,"enemies":"3 Byrds","floor":20,"turns":2}],"seed_played":"-7089555890455541904","potions_obtained":[{"floor":3,"key":"Poison Potion"},{"floor":5,"key":"Fire Potion"},{"floor":11,"key":"FearPotion"},{"floor":13,"key":"Dexterity Potion"}],"is_trial":false,"path_per_floor":["M","?","M","M","M","E","R","E","T","R","M","R","M","$","R","B",null,"M","T","M"],"character_chosen":"IRONCLAD","items_purchased":["Pommel Strike","Poison Potion"],"campfire_rested":3,"item_purchase_floors":[14,14],"current_hp_per_floor":[65,65,54,55,48,30,54,9,9,33,36,36,31,31,55,16,64,21,21,0],"gold":184,"neow_bonus":"ONE_RANDOM_RARE_CARD","is_prod":false,"is_daily":false,"chose_seed":false,"campfire_upgraded":1,"win_rate":0,"timestamp":1546994215,"path_taken":["M","?","M","M","?","E","R","E","T","R","M","R","?","$","R","BOSS","M","?","M"],"build_version":"2019-01-03v4","purchased_purges":1,"victory":false,"max_hp_per_floor":[80,80,80,80,80,80,80,80,80,80,80,80,80,80,80,80,80,80,80,80],"card_choices":[{"not_picked":["Clash","Ghostly Armor"],"picked":"Warcry","floor":1},{"not_picked":["Bloodletting","Brutality"],"picked":"Heavy Blade","floor":3},{"not_picked":["Warcry","Inflame"],"picked":"Anger","floor":4},{"not_picked":["Pummel","Clash"],"picked":"Dual Wield","floor":5},{"not_picked":["Ghostly Armor","Thunderclap"],"picked":"Bloodletting","floor":6},{"not_picked":["Heavy Blade","Pummel"],"picked":"Entrench","floor":8},{"not_picked":["Clothesline","Dual Wield"],"picked":"Twin Strike","floor":11},{"not_picked":["Infernal Blade","Rupture"],"picked":"Corruption","floor":13},{"not_picked":["Barricade","Bludgeon"],"picked":"Limit Break","floor":16},{"not_picked":["Sword Boomerang","Twin Strike"],"picked":"Burning Pact","floor":18}],"player_experience":450227,"relics_obtained":[{"floor":6,"key":"Letter Opener"},{"floor":8,"key":"Bronze Scales"},{"floor":9,"key":"Tiny Chest"},{"floor":19,"key":"Girya"}],"event_choices":[{"damage_healed":0,"gold_gain":0,"player_choice":"Rummage","damage_taken":0,"relics_obtained":["WarpedTongs"],"max_hp_gain":0,"max_hp_loss":0,"event_name":"Accursed Blacksmith","floor":2,"gold_loss":0,"cards_obtained":["Pain"]}],"is_beta":false,"boss_relics":[{"not_picked":["Black Star","Tiny House"],"picked":"Pandora\u0027s Box"}],"items_purged_floors":[14],"is_endless":false,"potions_floor_spawned":[3,5,11,13],"killed_by":"3 Byrds","ascension_level":13}