{"gold_per_floor":[116,116,116,130,57,57,72,92,92,110,129,2,2,23,23,122,122,135,135,150,249,259,259,259,259,284,74,74,86,47,62,62,139,139,152,1,11,26,44,44,63,63,133,133,146,146,146,146,146,146],"floor_reached":51,"playtime":2375,"items_purged":["Strike_B"],"score":1091,"play_id":"2f6c7815-1983-4724-b87c-7ae7678416e7","local_time":"20181026222641","is_ascension_mode":true,"campfire_choices":[{"data":"Zap","floor":6.0,"key":"SMITH"},{"data":"Blizzard","floor":15.0,"key":"SMITH"},{"data":"Blizzard","floor":23.0,"key":"SMITH"},{"data":"Glacier","floor":25.0,"key":"SMITH"},{"data":"Defragment","floor":32,"key":"SMITH"},{"floor":40,"key":"REST"},{"floor":42,"key":"REST"},{"data":"Buffer","floor":44,"key":"SMITH"},{"floor":49,"key":"REST"}],"neow_cost":"NONE","seed_source_timestamp":0,"circlet_count":0,"master_deck":["Strike_B+1","Defend_B+1","Defend_B+1","Defend_B+1","Defend_B+1","Zap+1","Dualcast+1","AscendersBane","Coolheaded+1","Injury","Compile Driver+1","Blizzard+1","Coolheaded+1","Glacier+1","Coolheaded+1","Beam Cell+1","Echo Form+1","Blizzard+1","Skim+1","Stack+1","Barrage+1","Chill+1","Defragment+1","Ball Lightning+1","Buffer+1","Defragment+1","Blizzard+1","Glacier+1","Static Discharge+1","Coolheaded"],"special_seed":0,"relics":["Cracked Core","DataDisk","Bloody Idol","Shuriken","Du-Vu Doll","Runic Dome","Dream Catcher","ClockworkSouvenir","Busted Crown","Frozen Egg 2","Mark of the Bloom"],"potions_floor_usage":[41],"damage_taken":[{"damage":0.0,"enemies":"Jaw Worm","floor":1.0,"turns":3.0},{"damage":6.0,"enemies":"Small Slimes","floor":4.0,"turns":3.0},{"damage":3.0,"enemies":"2 Louse","floor":7.0,"turns":3.0},{"damage":3.0,"enemies":"Blue Slaver","floor":8.0,"turns":4.0},{"damage":13.0,"enemies":"3 Louse","floor":10.0,"turns":2.0},{"damage":9.0,"enemies":"Red Slaver","floor":11.0,"turns":3.0},{"damage":1.0,"enemies":"Exordium Thugs","floor":14.0,"turns":7.0},{"damage":12.0,"enemies":"Slime Boss","floor":16.0,"turns":7.0},{"damage":16.0,"enemies":"3 Byrds","floor":18.0,"turns":4.0},{"damage":5.0,"enemies":"Shell Parasite","floor":20.0,"turns":4.0},{"damage":20.0,"enemies":"Snecko","floor":22.0,"turns":6.0},{"damage":11.0,"enemies":"Sentry and Sphere","floor":29.0,"turns":6.0},{"damage":0.0,"enemies":"Centurion and Healer","floor":31.0,"turns":5.0},{"damage":32,"enemies":"Champ","floor":33,"turns":8},{"damage":8,"enemies":"3 Shapes","floor":35,"turns":5},{"damage":18,"enemies":"3 Darklings","floor":37,"turns":4},{"damage":8,"enemies":"Maw","floor":38,"turns":7},{"damage":13,"enemies":"Writhing Mass","floor":39,"turns":7},{"damage":5,"enemies":"4 Shapes","floor":41,"turns":5},{"damage":15,"enemies":"Transient","floor":45,"turns":5},{"damage":22,"enemies":"Awakened One","floor":50,"turns":10}],"seed_played":"7689895095190621276","potions_obtained":[{"floor":7.0,"key":"Explosive Potion"},{"floor":10.0,"key":"Fire Potion"},{"floor":18.0,"key":"Poison Potion"},{"floor":29.0,"key":"Poison Potion"},{"floor":38,"key":"Regen Potion"}],"is_trial":false,"path_per_floor":["M","?","?","M","$","R","M","M","T","M","M","$","$","M","R","B",null,"M","?","M","?","M","R","?","R","T","$","?","M","$","M","R","B",null,"M","$","M","M","M","R","M","R","T","R","M","?","?","$","R","B"],"character_chosen":"DEFECT","items_purchased":["Blizzard","Coolheaded","ClockworkSouvenir","Defragment","Defragment","Blizzard"],"campfire_rested":3,"item_purchase_floors":[5,12,27,30,36,36],"current_hp_per_floor":[68,68,65,59,59,59,56,53,53,40,31,31,31,30,30,18,61,45,45,45,50,35,35,35,35,40,40,40,34,34,39,39,12,59,56,56,43,40,32,54,54,75,75,75,65,65,65,65,65,43],"gold":146,"neow_bonus":"RANDOM_COMMON_RELIC","is_prod":false,"is_daily":false,"chose_seed":false,"campfire_upgraded":6,"win_rate":0,"timestamp":1540585601,"path_taken":["M","?","?","M","$","R","M","M","T","M","?","?","$","M","R","BOSS","M","?","M","?","M","R","?","R","T","$","?","M","?","M","R","BOSS","M","$","M","M","?","R","M","R","T","R","M","?","?","$","R","BOSS"],"build_version":"2018-10-25v2","purchased_purges":1,"victory":true,"max_hp_per_floor":[75,75,75,75,75,75,75,75,75,75,75,75,75,75,75,75,75,75,75,75,75,75,75,75,75,75,75,75,75,75,75,75,75,75,75,75,75,75,75,75,75,75,75,75,75,75,71,71,71,71],"card_choices":[{"not_picked":["Barrage","Stack"],"picked":"Coolheaded","floor":1.0},{"not_picked":["Static Discharge","Go for the Eyes"],"picked":"Compile Driver","floor":4.0},{"not_picked":["Stack","Conserve Battery"],"picked":"Coolheaded","floor":7.0},{"not_picked":["Double Energy","Sweeping Beam","Static Discharge"],"picked":"SKIP","floor":8.0},{"not_picked":["Compile Driver","Steam Power"],"picked":"Glacier","floor":10.0},{"not_picked":["Melter","Streamline","Gash"],"picked":"SKIP","floor":11.0},{"not_picked":["Steam","Conserve Battery"],"picked":"Beam Cell","floor":14.0},{"not_picked":["Hyperbeam","Amplify"],"picked":"Echo Form","floor":16.0},{"not_picked":["Coolheaded","Turbo"],"picked":"Blizzard","floor":18.0},{"not_picked":["Aggregate","Beam Cell"],"picked":"Skim","floor":20.0},{"not_picked":["Chaos","Compile Driver","Conserve Battery"],"picked":"SKIP","floor":22.0},{"not_picked":["Turbo","Consume"],"picked":"Chill+1","floor":29.0},{"not_picked":["Conserve Battery","Leap"],"picked":"Ball Lightning","floor":31.0},{"not_picked":["Hyperbeam","Machine Learning"],"picked":"Buffer","floor":33},{"not_picked":["Go for the Eyes"],"picked":"SKIP","floor":35},{"not_picked":["Turbo+1"],"picked":"SKIP","floor":37},{"not_picked":["Steam"],"picked":"SKIP","floor":38},{"not_picked":["Rebound"],"picked":"SKIP","floor":39},{"not_picked":[],"picked":"Glacier+1","floor":41},{"not_picked":[],"picked":"Static Discharge+1","floor":45},{"not_picked":[],"picked":"Coolheaded","floor":49}],"player_experience":584605,"relics_obtained":[{"floor":9.0,"key":"Du-Vu Doll"},{"floor":26.0,"key":"Dream Catcher"},{"floor":43,"key":"Frozen Egg 2"}],"event_choices":[{"damage_healed":0.0,"max_hp_gain":0.0,"max_hp_loss":0.0,"gold_gain":0.0,"event_name":"Golden Idol","player_choice":"Take Wound","floor":2.0,"gold_loss":0.0,"damage_taken":0.0,"relics_obtained":["Golden Idol"],"cards_obtained":["Injury"]},{"damage_healed":0.0,"max_hp_gain":0.0,"max_hp_loss":0.0,"gold_gain":0.0,"event_name":"Scrap Ooze","player_choice":"Success","floor":3.0,"gold_loss":0.0,"damage_taken":3.0,"relics_obtained":["Shuriken"]},{"damage_healed":0.0,"max_hp_gain":0.0,"max_hp_loss":0.0,"gold_gain":0.0,"event_name":"Forgotten Altar","player_choice":"Gave Idol","floor":19.0,"relics_lost":["Golden Idol"],"gold_loss":0.0,"damage_taken":0.0,"relics_obtained":["Bloody Idol"]},{"damage_healed":0.0,"max_hp_gain":0.0,"max_hp_loss":0.0,"gold_gain":99.0,"event_name":"Nest","player_choice":"Stole From Cult","floor":21.0,"gold_loss":0.0,"damage_taken":0.0},{"damage_healed":0.0,"max_hp_gain":0.0,"max_hp_loss":0.0,"gold_gain":0.0,"cards_transformed":["Strike_B","Strike_B"],"event_name":"Drug Dealer","player_choice":"Became Test Subject","floor":24.0,"gold_loss":0.0,"damage_taken":0.0,"cards_obtained":["Stack","Barrage"]},{"damage_healed":0.0,"max_hp_gain":0.0,"max_hp_loss":0.0,"gold_gain":0.0,"event_name":"Beggar","player_choice":"Ignored","floor":28.0,"gold_loss":0.0,"damage_taken":0.0},{"damage_healed":0,"gold_gain":0,"player_choice":"Upgrade","damage_taken":0,"relics_obtained":["Mark of the Bloom"],"max_hp_gain":0,"max_hp_loss":0,"event_name":"MindBloom","floor":46,"gold_loss":0,"cards_upgraded":["Strike_B","Defend_B","Defend_B","Defend_B","Defend_B","Dualcast","Coolheaded","Compile Driver","Coolheaded","Coolheaded","Beam Cell","Echo Form","Skim","Stack","Barrage","Ball Lightning","Defragment","Blizzard"]},{"damage_healed":0,"gold_gain":0,"player_choice":"Max HP","damage_taken":0,"max_hp_gain":0,"max_hp_loss":4,"event_name":"Winding Halls","floor":47,"gold_loss":0}],"is_beta":false,"boss_relics":[{"not_picked":["Empty Cage","Fusion Hammer"],"picked":"Runic Dome"},{"not_picked":["White Beast Statue","Calling Bell"],"picked":"Busted Crown"}],"items_purged_floors":[12],"is_endless":false,"potions_floor_spawned":[7,10,18,29,37,38,39],"ascension_level":13}