{"gold_per_floor":[110,125,137,62,62,62,100,134,160,160,190,229,244,258,258,347,347,362,362,381,381],"floor_reached":21,"playtime":1179,"items_purged":[],"score":331,"play_id":"e91ad1d7-4213-4332-b463-9be84deafd8a","local_time":"20190119205854","is_ascension_mode":true,"campfire_choices":[{"data":"Fire Breathing","floor":6,"key":"SMITH"},{"data":"Bludgeon","floor":10,"key":"SMITH"},{"floor":15,"key":"REST"}],"neow_cost":"NONE","seed_source_timestamp":862840039914526,"circlet_count":0,"master_deck":["AscendersBane","Strike_R","Strike_R","Strike_R","Strike_R","Strike_R","Defend_R","Defend_R","Defend_R","Defend_R","Bash","Heavy Blade","Anger","Sword Boomerang","Fire Breathing+1","Bludgeon+1","Bludgeon","Second Wind","Clothesline","Demon Form","Armaments","True Grit"],"relics":["Burning Blood","Golden Idol","Odd Mushroom","Ancient Tea Set","Singing Bowl","Mark of Pain","Nloth\u0027s Gift"],"potions_floor_usage":[7,7,12,16,20],"damage_taken":[{"damage":6,"enemies":"Cultist","floor":1,"turns":4},{"damage":4,"enemies":"Small Slimes","floor":2,"turns":3},{"damage":0,"enemies":"2 Louse","floor":3,"turns":3},{"damage":11,"enemies":"The Mushroom Lair","floor":7,"turns":5},{"damage":8,"enemies":"Gremlin Nob","floor":8,"turns":3},{"damage":15,"enemies":"Lagavulin","floor":12,"turns":5},{"damage":11,"enemies":"Looter","floor":13,"turns":2},{"damage":19,"enemies":"Lots of Slimes","floor":14,"turns":5},{"damage":18,"enemies":"Slime Boss","floor":16,"turns":6},{"damage":34,"enemies":"2 Thieves","floor":18,"turns":3},{"damage":51,"enemies":"3 Byrds","floor":20,"turns":6},{"damage":8,"enemies":"Shelled Parasite and Fungi","floor":21,"turns":2}],"seed_played":"7162134919666652962","potions_obtained":[{"floor":2,"key":"Energy Potion"},{"floor":3,"key":"Weak Potion"},{"floor":8,"key":"Poison Potion"},{"floor":12,"key":"FearPotion"},{"floor":16,"key":"BloodPotion"}],"is_trial":false,"path_per_floor":["M","M","M","$","?","R","?","E","T","R","?","E","M","M","R","B",null,"M","?","M","M"],"character_chosen":"IRONCLAD","items_purchased":["Fire Breathing"],"campfire_rested":1,"item_purchase_floors":[4],"current_hp_per_floor":[75,77,82,82,54,54,49,47,47,47,47,38,33,22,47,35,72,44,44,7,0],"gold":381,"neow_bonus":"TEN_PERCENT_HP_BONUS","is_prod":false,"is_daily":false,"chose_seed":false,"campfire_upgraded":2,"win_rate":0,"timestamp":1547960334,"path_taken":["M","M","M","?","?","R","?","E","T","R","?","E","M","M","R","BOSS","M","?","?","M"],"build_version":"2019-01-17v2","purchased_purges":0,"victory":false,"max_hp_per_floor":[82,82,82,82,82,82,82,82,82,82,82,82,82,84,84,84,84,84,84,84,84],"card_choices":[{"not_picked":["Thunderclap","Burning Pact"],"picked":"Heavy Blade","floor":1},{"not_picked":["Sentinel","Havoc"],"picked":"Anger","floor":2},{"not_picked":["Heavy Blade","Headbutt"],"picked":"Sword Boomerang","floor":3},{"not_picked":["Sword Boomerang","Armaments"],"picked":"Bludgeon","floor":7},{"not_picked":["Pommel Strike","Thunderclap"],"picked":"Bludgeon","floor":8},{"not_picked":["True Grit","Headbutt"],"picked":"Second Wind","floor":12},{"not_picked":["Pommel Strike","Power Through"],"picked":"Clothesline","floor":13},{"not_picked":["Anger","Headbutt","Combust"],"picked":"Singing Bowl","floor":14},{"not_picked":["Impervious","Exhume"],"picked":"Demon Form","floor":16},{"not_picked":["Twin Strike","Iron Wave"],"picked":"Armaments","floor":18},{"not_picked":["Fiend Fire","Impervious"],"picked":"True Grit","floor":20}],"player_experience":490482,"relics_obtained":[{"floor":7,"key":"Odd Mushroom"},{"floor":8,"key":"Ancient Tea Set"},{"floor":9,"key":"Smiling Mask"},{"floor":12,"key":"Singing Bowl"}],"event_choices":[{"damage_healed":0,"gold_gain":0,"player_choice":"Take Damage","damage_taken":28,"relics_obtained":["Golden Idol"],"max_hp_gain":0,"max_hp_loss":0,"event_name":"Golden Idol","floor":5,"gold_loss":0},{"damage_healed":0,"gold_gain":0,"player_choice":"Fought Mushrooms","damage_taken":0,"max_hp_gain":0,"max_hp_loss":0,"event_name":"Mushrooms","floor":7,"gold_loss":0},{"damage_healed":0,"gold_gain":30,"player_choice":"Searched \u00272\u0027 times","damage_taken":0,"max_hp_gain":0,"max_hp_loss":0,"event_name":"Dead Adventurer","floor":11,"gold_loss":0},{"damage_healed":0,"gold_gain":0,"player_choice":"Traded Relic","damage_taken":0,"relics_obtained":["Nloth\u0027s Gift"],"max_hp_gain":0,"max_hp_loss":0,"event_name":"N\u0027loth","floor":19,"relics_lost":["Smiling Mask"],"gold_loss":0}],"is_beta":false,"boss_relics":[{"not_picked":["Runic Cube","Eternal Feather"],"picked":"Mark of Pain"}],"items_purged_floors":[],"is_endless":false,"potions_floor_spawned":[2,3,8,12,16],"killed_by":"Shelled Parasite and Fungi","ascension_level":15}