{"gold_per_floor":[360,35,48,48,68,68,103,113,113,124,64,64,81,110,110,110],"floor_reached":16,"playtime":542,"items_purged":[],"score":207,"play_id":"8e4725f3-6fbe-48eb-92c2-8113e29908f4","local_time":"20190108020704","is_ascension_mode":true,"campfire_choices":[{"data":"Skewer","floor":6,"key":"SMITH"},{"floor":12,"key":"REST"},{"data":"Neutralize","floor":15,"key":"SMITH"}],"neow_cost":"TEN_PERCENT_HP_LOSS","seed_source_timestamp":1517542368308430,"circlet_count":0,"master_deck":["AscendersBane","Defend_G","Defend_G","Defend_G","Defend_G","Strike_G","Strike_G","Strike_G","Strike_G","Strike_G","Survivor","Neutralize+1","Deflect","Backflip+1","Endless Agony","Skewer+1","Bouncing Flask+1","Predator+1","Bullet Time+1","PiercingWail+1"],"relics":["Ring of the Snake","Toxic Egg 2","The Specimen","Molten Egg 2","Gremlin Horn"],"potions_floor_usage":[7,16,16],"damage_taken":[{"damage":5,"enemies":"Jaw Worm","floor":1,"turns":6},{"damage":6,"enemies":"Small Slimes","floor":3,"turns":4},{"damage":0,"enemies":"2 Louse","floor":5,"turns":4},{"damage":12,"enemies":"Lagavulin","floor":7,"turns":7},{"damage":0,"enemies":"Looter","floor":8,"turns":3},{"damage":17,"enemies":"Gremlin Gang","floor":10,"turns":6},{"damage":1,"enemies":"Exordium Wildlife","floor":13,"turns":3},{"damage":15,"enemies":"3 Sentries","floor":14,"turns":7},{"damage":17,"enemies":"Hexaghost","floor":16,"turns":7}],"seed_played":"-7363280685055122157","potions_obtained":[{"floor":1,"key":"Dexterity Potion"},{"floor":5,"key":"PowerPotion"},{"floor":13,"key":"PowerPotion"},{"floor":14,"key":"PowerPotion"}],"is_trial":false,"path_per_floor":["M","$","M","?","M","R","E","M","T","M","?","R","M","E","R","B"],"character_chosen":"THE_SILENT","items_purchased":["Toxic Egg 2","Backflip+1"],"campfire_rested":1,"item_purchase_floors":[2,2],"current_hp_per_floor":[54,54,48,41,41,41,29,29,29,12,12,30,29,14,14,0],"gold":110,"neow_bonus":"TWO_FIFTY_GOLD","is_prod":false,"is_daily":false,"chose_seed":false,"campfire_upgraded":2,"win_rate":0,"timestamp":1546909624,"path_taken":["M","$","M","?","M","R","E","M","T","M","?","R","M","E","R","BOSS"],"build_version":"2019-01-03v4","purchased_purges":0,"victory":false,"max_hp_per_floor":[60,60,60,60,60,60,60,60,60,60,60,60,60,60,60,60],"card_choices":[{"not_picked":["Concentrate","Prepared"],"picked":"Deflect","floor":1},{"not_picked":["Prepared+1","Bane"],"picked":"Endless Agony","floor":3},{"not_picked":["Deflect+1","Prepared+1"],"picked":"Skewer","floor":5},{"not_picked":["Outmaneuver+1","Prepared+1","Flechettes"],"picked":"SKIP","floor":7},{"not_picked":["Cloak And Dagger+1","PiercingWail+1"],"picked":"Bouncing Flask+1","floor":8},{"not_picked":["Heel Hook+1","Acrobatics+1"],"picked":"Predator+1","floor":10},{"not_picked":["Infinite Blades","Dagger Spray+1"],"picked":"Bullet Time+1","floor":13},{"not_picked":["Accuracy","Choke+1"],"picked":"PiercingWail+1","floor":14}],"player_experience":836097,"relics_obtained":[{"floor":7,"key":"The Specimen"},{"floor":9,"key":"Molten Egg 2"},{"floor":14,"key":"Gremlin Horn"}],"event_choices":[{"cards_removed":["Defend_G"],"damage_healed":0,"gold_gain":0,"player_choice":"Card Removal","damage_taken":7,"max_hp_gain":0,"max_hp_loss":0,"event_name":"Golden Wing","floor":4,"gold_loss":0},{"damage_healed":0,"gold_gain":0,"player_choice":"Left Gold","damage_taken":0,"max_hp_gain":0,"max_hp_loss":0,"event_name":"World of Goop","floor":11,"gold_loss":60}],"is_beta":false,"boss_relics":[],"items_purged_floors":[],"is_endless":false,"potions_floor_spawned":[1,5,13,14],"killed_by":"Hexaghost","ascension_level":17}