{"gold_per_floor":[118,136,136,61,74,74,102,13,13,30,30,30,44,57,57,157,157,175,137,137,0,0,0,20,20,45,45,58,91,91,101,101,206,206,221,143,143,93,93,93,108,108,132,132,150,161,179,211,211,211],"floor_reached":51,"playtime":2191,"items_purged":["Strike_R"],"score":1050,"play_id":"97841a44-ded2-4c0d-b9f1-5c19b0b7fe0d","local_time":"20181003174338","is_ascension_mode":true,"campfire_choices":[{"data":"Fiend Fire","floor":6,"key":"SMITH"},{"data":"Armaments","floor":11,"key":"SMITH"},{"data":"Bash","floor":15,"key":"SMITH"},{"data":"Corruption","floor":23,"key":"SMITH"},{"data":"Demon Form","floor":25,"key":"SMITH"},{"data":"Barricade","floor":27,"key":"SMITH"},{"floor":30,"key":"REST"},{"data":"Offering","floor":32,"key":"SMITH"},{"floor":40,"key":"REST"},{"floor":42,"key":"REST"},{"floor":44,"key":"REST"},{"floor":49,"key":"REST"}],"neow_cost":"NONE","seed_source_timestamp":22839675059025,"circlet_count":0,"master_deck":["Strike_R+1","Strike_R+1","Strike_R+1","Defend_R+1","Defend_R+1","Defend_R+1","Defend_R+1","Bash+1","AscendersBane","Shrug It Off","Sword Boomerang","Fiend Fire+1","Wild Strike","Blind","Armaments+1","Demon Form+1","Intimidate","True Grit","True Grit","Feel No Pain","Barricade+1","Corruption+1","Entrench+1","Offering+1","Exhume","Feel No Pain","Heavy Blade","Battle Trance","Pummel+1","Shrug It Off+1","Shrug It Off"],"relics":["Burning Blood","Ancient Tea Set","Bird Faced Urn","Magic Flower","Orrery","Bag of Marbles","Vajra","Fusion Hammer","Ornamental Fan","Smiling Mask","Bag of Preparation"],"potions_floor_usage":[10,18,31],"damage_taken":[{"damage":6,"enemies":"Cultist","floor":1,"turns":4},{"damage":0,"enemies":"Small Slimes","floor":2,"turns":6},{"damage":4,"enemies":"Jaw Worm","floor":5,"turns":5},{"damage":23,"enemies":"Gremlin Nob","floor":7,"turns":4},{"damage":15,"enemies":"Gremlin Gang","floor":10,"turns":4},{"damage":0,"enemies":"Large Slime","floor":13,"turns":4},{"damage":8,"enemies":"Blue Slaver","floor":14,"turns":3},{"damage":25,"enemies":"The Guardian","floor":16,"turns":15},{"damage":27,"enemies":"3 Byrds","floor":18,"turns":7},{"damage":2,"enemies":"2 Thieves","floor":24,"turns":5},{"damage":6,"enemies":"Centurion and Healer","floor":28,"turns":7},{"damage":77,"enemies":"Slavers","floor":29,"turns":9},{"damage":6,"enemies":"3 Cultists","floor":31,"turns":7},{"damage":46,"enemies":"Collector","floor":33,"turns":9},{"damage":42,"enemies":"3 Shapes","floor":35,"turns":7},{"damage":12,"enemies":"3 Darklings","floor":41,"turns":5},{"damage":12,"enemies":"Spire Growth","floor":45,"turns":5},{"damage":6,"enemies":"Maw","floor":46,"turns":6},{"damage":21,"enemies":"Reptomancer","floor":47,"turns":5},{"damage":22,"enemies":"Nemesis","floor":48,"turns":9},{"damage":22,"enemies":"Time Eater","floor":50,"turns":7}],"seed_played":"-2535306755529435872","potions_obtained":[{"floor":7,"key":"Explosive Potion"},{"floor":13,"key":"Explosive Potion"},{"floor":18,"key":"SpeedPotion"},{"floor":29,"key":"Block Potion"},{"floor":48,"key":"BloodPotion"}],"is_trial":false,"path_per_floor":["M","M","?","$","M","R","E","$","T","M","R","?","M","M","R","B",null,"M","$","?","?","$","R","M","R","T","R","M","E","R","M","R","B",null,"M","$","?","$","T","R","M","R","T","R","M","M","M","E","R","B"],"character_chosen":"IRONCLAD","items_purchased":["Blind","Corruption","Feel No Pain","Heavy Blade"],"campfire_rested":5,"item_purchase_floors":[8,19,36,38],"current_hp_per_floor":[72,78,78,78,80,80,63,63,63,57,57,50,59,60,60,44,71,59,59,59,59,59,59,72,72,72,72,80,15,39,51,51,26,67,46,46,46,46,46,70,80,80,80,80,80,80,77,79,80,79],"gold":211,"neow_bonus":"RANDOM_COMMON_RELIC","is_prod":false,"is_daily":false,"chose_seed":false,"campfire_upgraded":7,"win_rate":0,"timestamp":1538581418,"path_taken":["M","?","?","$","M","R","E","$","T","?","R","?","M","M","R","BOSS","M","$","?","?","?","R","M","R","T","R","M","E","R","?","R","BOSS","M","$","?","?","?","R","M","R","T","R","M","?","M","E","R","BOSS"],"build_version":"2018-09-27","purchased_purges":1,"victory":true,"max_hp_per_floor":[80,80,80,80,80,80,80,80,80,80,80,80,80,80,80,80,80,80,80,80,80,80,80,80,80,80,80,80,80,80,80,80,80,80,80,80,80,80,80,80,80,80,80,80,80,80,80,80,80,80],"card_choices":[{"not_picked":["Twin Strike","Havoc"],"picked":"Shrug It Off","floor":1},{"not_picked":["Perfected Strike","Flex"],"picked":"Sword Boomerang","floor":2},{"not_picked":["Cleave","Sever Soul"],"picked":"Fiend Fire","floor":5},{"not_picked":["Dark Embrace","Warcry"],"picked":"Wild Strike","floor":7},{"not_picked":["Cleave","Clothesline"],"picked":"Armaments","floor":10},{"not_picked":["Sword Boomerang","Cleave","Twin Strike"],"picked":"SKIP","floor":13},{"not_picked":["Clash","Clothesline","Double Tap"],"picked":"SKIP","floor":14},{"not_picked":["Double Tap","Juggernaut"],"picked":"Demon Form","floor":16},{"not_picked":["Heavy Blade","Pommel Strike"],"picked":"Intimidate","floor":17},{"not_picked":["Warcry","Thunderclap"],"picked":"True Grit","floor":17},{"not_picked":["Burning Pact","Body Slam"],"picked":"True Grit","floor":17},{"not_picked":["Carnage","Thunderclap"],"picked":"Feel No Pain","floor":17},{"not_picked":["Flex+1","Perfected Strike+1"],"picked":"Barricade","floor":18},{"not_picked":["Armaments","Shrug It Off+1"],"picked":"Spot Weakness","floor":24},{"not_picked":["Flex+1","Havoc"],"picked":"Entrench+1","floor":28},{"not_picked":["Ghostly Armor","Berserk"],"picked":"Offering","floor":29},{"not_picked":["Seeing Red","Flex","Wild Strike"],"picked":"SKIP","floor":31},{"not_picked":["Demon Form","Feed"],"picked":"Exhume","floor":33},{"not_picked":["Inflame+1","Second Wind","Havoc"],"picked":"SKIP","floor":35},{"not_picked":["Anger","Clash+1","Thunderclap+1"],"picked":"SKIP","floor":41},{"not_picked":["Flex+1","Feed"],"picked":"Battle Trance","floor":45},{"not_picked":["True Grit","Clash"],"picked":"Pummel+1","floor":46},{"not_picked":["Carnage+1","Flex+1"],"picked":"Shrug It Off+1","floor":47},{"not_picked":["Fiend Fire","Blood for Blood"],"picked":"Shrug It Off","floor":48}],"player_experience":485964,"relics_obtained":[{"floor":7,"key":"Bird Faced Urn"},{"floor":9,"key":"Magic Flower"},{"floor":26,"key":"Bag of Marbles"},{"floor":29,"key":"Vajra"},{"floor":39,"key":"Ornamental Fan"},{"floor":43,"key":"Smiling Mask"},{"floor":48,"key":"Bag of Preparation"}],"event_choices":[{"event_name":"The Woman in Blue","player_choice":"Bought 0 Potions","floor":3,"damage_taken":0},{"event_name":"Golden Wing","player_choice":"Card Removal","floor":12,"damage_taken":0},{"event_name":"Back to Basics","player_choice":"Simplicity","floor":20,"damage_taken":0},{"event_name":"Masked Bandits","player_choice":"Paid Fearfully","floor":21,"damage_taken":0},{"event_name":"Falling","player_choice":"Removed Skill","floor":37,"damage_taken":0}],"is_beta":false,"boss_relics":[{"not_picked":["Philosopher\u0027s Stone","Calling Bell"],"picked":"Orrery"},{"not_picked":["Eternal Feather","Astrolabe"],"picked":"Fusion Hammer"}],"items_purged_floors":[4],"is_endless":false,"potions_floor_spawned":[7,13,18,29,48],"ascension_level":11}