{"gold_per_floor":[13,13,24,44,55,55,74,74,74,74,88,99,111,111,111,207,207,223,223,242,0,10,10,45,45,72,84,84,97,97,22,22,122,122,140,150,201,221,237,237],"floor_reached":40,"playtime":1842,"items_purged":["Defend_B"],"score":429,"play_id":"ec3b9241-d2fa-4c8e-9b70-f16f1711c649","local_time":"20190226005440","is_ascension_mode":false,"campfire_choices":[{"data":"Zap","floor":6,"key":"SMITH"},{"data":"Dualcast","floor":8,"key":"SMITH"},{"data":"Barrage","floor":10,"key":"SMITH"},{"data":"Hologram","floor":15,"key":"SMITH"},{"data":"Barrage","floor":23,"key":"SMITH"},{"data":"Gash","floor":25,"key":"SMITH"},{"floor":30,"key":"REST"},{"floor":32,"key":"RECALL"}],"neow_cost":"NO_GOLD","seed_source_timestamp":815437055663361,"circlet_count":0,"master_deck":["Strike_B","Strike_B","Strike_B","Strike_B","Defend_B","Defend_B","Defend_B","Zap+1","Dualcast+1","Leap","Barrage+1","Cold Snap","Ball Lightning","Hologram+1","Gash+1","J.A.X.","Leap","Barrage+1","Gash+1","Steam+1","Compile Driver","Go for the Eyes+1","Cold Snap+1","Barrage+1","Gash","Coolheaded","Sweeping Beam+1","Ball Lightning+1","Parasite","Gash+1","Leap"],"relics":["Cracked Core","Ornamental Fan","Gremlin Horn","Mercury Hourglass","Lizard Tail","Sundial","Orrery","Bag of Marbles"],"potions_floor_usage":[12,13,22,24,33,33],"damage_taken":[{"damage":1,"enemies":"Jaw Worm","floor":1,"turns":3},{"damage":0,"enemies":"Cultist","floor":3,"turns":3},{"damage":0,"enemies":"Small Slimes","floor":4,"turns":3},{"damage":0,"enemies":"3 Louse","floor":5,"turns":3},{"damage":0,"enemies":"Blue Slaver","floor":7,"turns":3},{"damage":0,"enemies":"Large Slime","floor":11,"turns":5},{"damage":0,"enemies":"Lots of Slimes","floor":12,"turns":2},{"damage":0,"enemies":"Red Slaver","floor":13,"turns":2},{"damage":24,"enemies":"Hexaghost","floor":16,"turns":9},{"damage":0,"enemies":"Chosen","floor":18,"turns":3},{"damage":3,"enemies":"3 Byrds","floor":20,"turns":3},{"damage":5,"enemies":"Centurion and Healer","floor":22,"turns":5},{"damage":13,"enemies":"Gremlin Leader","floor":24,"turns":6},{"damage":8,"enemies":"Snecko","floor":27,"turns":5},{"damage":8,"enemies":"Shelled Parasite and Fungi","floor":29,"turns":5},{"damage":62,"enemies":"Collector","floor":33,"turns":11},{"damage":10,"enemies":"Orb Walker","floor":35,"turns":3},{"damage":0,"enemies":"3 Shapes","floor":36,"turns":3},{"damage":35,"enemies":"Writhing Mass","floor":38,"turns":7},{"damage":13,"enemies":"Maw","floor":39,"turns":8},{"damage":22,"enemies":"Giant Head","floor":40,"turns":5}],"seed_played":"-4331736946814369154","potions_obtained":[{"floor":3,"key":"Block Potion"},{"floor":7,"key":"Block Potion"},{"floor":11,"key":"SkillPotion"},{"floor":12,"key":"PowerPotion"},{"floor":13,"key":"Block Potion"},{"floor":27,"key":"SpeedPotion"},{"floor":38,"key":"Energy Potion"}],"is_trial":false,"path_per_floor":["M","?","M","M","M","R","M","R","T","R","M","M","M","?","R","B",null,"M","?","M","?","M","R","E","R","T","M","?","M","R","$","R","B",null,"M","M","T","M","M","E"],"character_chosen":"DEFECT","items_purchased":[],"campfire_rested":1,"item_purchase_floors":[],"current_hp_per_floor":[74,74,74,74,74,74,74,74,74,74,74,74,74,62,62,38,75,75,75,72,72,67,67,54,54,54,46,46,38,60,60,60,37,75,65,65,65,30,17,0],"gold":237,"neow_bonus":"THREE_RARE_CARDS","is_prod":false,"is_daily":false,"chose_seed":false,"campfire_upgraded":6,"win_rate":0,"timestamp":1551138880,"path_taken":["M","?","M","M","M","R","M","R","T","R","M","M","?","?","R","BOSS","M","?","M","?","M","R","E","R","T","M","?","?","R","$","R","BOSS","M","M","?","M","?","E"],"build_version":"2019-01-23","purchased_purges":1,"victory":false,"max_hp_per_floor":[75,75,75,75,75,75,75,75,75,75,75,75,75,75,75,75,75,75,75,75,75,75,75,75,75,75,75,75,75,75,75,75,75,75,75,75,75,75,75,75],"card_choices":[{"not_picked":["Go for the Eyes","Steam Power"],"picked":"Leap","floor":1},{"not_picked":["Skim","White Noise","Genetic Algorithm"],"picked":"SKIP","floor":3},{"not_picked":["Skim","White Noise","Genetic Algorithm"],"picked":"SKIP","floor":3},{"not_picked":["Compile Driver","Reprogram"],"picked":"Barrage","floor":4},{"not_picked":["Defragment","Seek"],"picked":"Cold Snap","floor":5},{"not_picked":["Barrage","Steam Power"],"picked":"Ball Lightning","floor":7},{"not_picked":["Glacier","Streamline"],"picked":"Hologram","floor":11},{"not_picked":["Rebound","Genetic Algorithm","Leap"],"picked":"SKIP","floor":12},{"not_picked":["Rebound","Genetic Algorithm","Leap"],"picked":"SKIP","floor":12},{"not_picked":["Fission","Glacier","Redo"],"picked":"SKIP","floor":13},{"not_picked":["Force Field","Redo"],"picked":"Gash+1","floor":18},{"not_picked":["FTL+1","Turbo"],"picked":"Leap","floor":20},{"not_picked":["Rebound","Steam"],"picked":"Barrage","floor":22},{"not_picked":["Blizzard","Electrodynamics"],"picked":"Gash","floor":24},{"not_picked":["Gash","Go for the Eyes"],"picked":"Steam+1","floor":27},{"not_picked":["Rebound","BootSequence"],"picked":"Compile Driver","floor":29},{"not_picked":["Lockon+1","Loop"],"picked":"Go for the Eyes+1","floor":34},{"not_picked":["Beam Cell","Blizzard"],"picked":"Cold Snap+1","floor":34},{"not_picked":["Gash","Rebound+1"],"picked":"Barrage+1","floor":34},{"not_picked":["Melter","FTL"],"picked":"Gash","floor":34},{"not_picked":["Fission","Ball Lightning"],"picked":"Coolheaded","floor":34},{"not_picked":["Gash","Beam Cell+1"],"picked":"Sweeping Beam+1","floor":35},{"not_picked":["Defragment","Gash"],"picked":"Ball Lightning+1","floor":36},{"not_picked":["Ball Lightning+1","Melter"],"picked":"Gash+1","floor":38},{"not_picked":["Aggregate","Rebound"],"picked":"Leap","floor":39}],"player_experience":460392,"relics_obtained":[{"floor":2,"key":"Ornamental Fan"},{"floor":9,"key":"Gremlin Horn"},{"floor":24,"key":"Sundial"},{"floor":37,"key":"Bag of Marbles"}],"event_choices":[{"damage_healed":0,"gold_gain":0,"player_choice":"Relic","damage_taken":0,"max_hp_gain":0,"max_hp_loss":0,"event_name":"Wheel of Change","floor":2,"gold_loss":0},{"damage_healed":0,"gold_gain":0,"player_choice":"Success","damage_taken":12,"relics_obtained":["Mercury Hourglass"],"max_hp_gain":0,"max_hp_loss":0,"event_name":"Scrap Ooze","floor":14,"gold_loss":0},{"damage_healed":0,"gold_gain":0,"player_choice":"Obtain J.A.X.","damage_taken":0,"max_hp_gain":0,"max_hp_loss":0,"event_name":"Drug Dealer","floor":19,"gold_loss":0,"cards_obtained":["J.A.X."]},{"damage_healed":0,"gold_gain":0,"player_choice":"Paid Fearfully","damage_taken":0,"max_hp_gain":0,"max_hp_loss":0,"event_name":"Masked Bandits","floor":21,"gold_loss":242},{"damage_healed":0,"gold_gain":0,"player_choice":"Ignored","damage_taken":0,"max_hp_gain":0,"max_hp_loss":0,"event_name":"Transmorgrifier","floor":28,"gold_loss":0}],"is_beta":false,"boss_relics":[{"not_picked":["White Beast Statue","Runic Pyramid"],"picked":"Lizard Tail"},{"not_picked":["Busted Crown","Coffee Dripper"],"picked":"Orrery"}],"items_purged_floors":[31],"is_endless":false,"potions_floor_spawned":[3,7,11,12,13,18,20,27,38],"killed_by":"Giant Head","ascension_level":0}