{"gold_per_floor":[116,132,132,147,167,167,194,194,194,204,235,246,274,289,289,367,367,385,310,310,410,429,429,429,429],"floor_reached":25,"playtime":1131,"items_purged":[],"score":424,"play_id":"f3b35921-1477-4c21-ba4f-03b60f8324d1","local_time":"20181225194046","is_ascension_mode":true,"campfire_choices":[{"data":"Uppercut","floor":6,"key":"SMITH"},{"data":"True Grit","floor":8,"key":"SMITH"},{"data":"Seeing Red","floor":15,"key":"SMITH"},{"floor":23,"key":"REST"}],"neow_cost":"NONE","seed_source_timestamp":370539771182246,"circlet_count":0,"master_deck":["AscendersBane","Strike_R","Defend_R","Defend_R","Defend_R","Defend_R","Bash","Battle Trance","Uppercut+1","Bludgeon","Seeing Red+1","True Grit+1","Carnage","Cleave","Double Tap","Fire Breathing+1","Evolve+1","Battle Trance+1","Bloodletting","Shockwave"],"relics":["Burning Blood","Meat on the Bone","Pantograph","Strawberry","Happy Flower","Astrolabe","Champion Belt","Bottled Flame"],"potions_floor_usage":[7,11,14,18,21,21],"damage_taken":[{"damage":7,"enemies":"Small Slimes","floor":1,"turns":5},{"damage":2,"enemies":"Cultist","floor":2,"turns":4},{"damage":11,"enemies":"Jaw Worm","floor":4,"turns":5},{"damage":10,"enemies":"Large Slime","floor":5,"turns":8},{"damage":25,"enemies":"Lagavulin","floor":7,"turns":5},{"damage":21,"enemies":"3 Louse","floor":10,"turns":4},{"damage":2,"enemies":"Gremlin Nob","floor":11,"turns":3},{"damage":6,"enemies":"2 Fungi Beasts","floor":12,"turns":3},{"damage":21,"enemies":"Lagavulin","floor":13,"turns":5},{"damage":13,"enemies":"Exordium Thugs","floor":14,"turns":3},{"damage":71,"enemies":"Slime Boss","floor":16,"turns":12},{"damage":27,"enemies":"3 Byrds","floor":18,"turns":4},{"damage":39,"enemies":"Colosseum Slavers","floor":21,"turns":6},{"damage":44,"enemies":"Colosseum Nobs","floor":21,"turns":4},{"damage":21,"enemies":"Chosen","floor":22,"turns":4},{"damage":49,"enemies":"Book of Stabbing","floor":25,"turns":4}],"seed_played":"4853371394033830966","potions_obtained":[{"floor":1,"key":"Regen Potion"},{"floor":7,"key":"PowerPotion"},{"floor":11,"key":"GamblersBrew"},{"floor":12,"key":"Regen Potion"},{"floor":16,"key":"Fruit Juice"},{"floor":18,"key":"Explosive Potion"}],"is_trial":false,"path_per_floor":["M","M","?","M","M","R","E","R","T","M","E","M","E","M","R","B",null,"M","?","?","?","M","R","?","E"],"character_chosen":"IRONCLAD","items_purchased":[],"campfire_rested":1,"item_purchase_floors":[],"current_hp_per_floor":[74,78,78,73,69,69,64,64,64,49,60,60,57,62,62,34,75,59,59,59,24,21,49,49,0],"gold":429,"neow_bonus":"TEN_PERCENT_HP_BONUS","is_prod":false,"is_daily":false,"chose_seed":false,"campfire_upgraded":3,"win_rate":0,"timestamp":1545763246,"path_taken":["M","M","?","M","?","R","E","R","T","M","E","M","E","M","R","BOSS","M","?","?","?","M","R","?","E"],"build_version":"2018-12-20","purchased_purges":0,"victory":false,"max_hp_per_floor":[82,82,82,82,82,82,82,82,82,82,89,89,89,89,89,89,89,94,94,94,94,94,94,94,94],"card_choices":[{"not_picked":["Perfected Strike","Heavy Blade"],"picked":"Battle Trance","floor":1},{"not_picked":["Clothesline","Armaments"],"picked":"Uppercut","floor":2},{"not_picked":["Body Slam","Clothesline"],"picked":"Bludgeon","floor":4},{"not_picked":["Sever Soul","Inflame"],"picked":"Seeing Red","floor":5},{"not_picked":["Pommel Strike","Clash"],"picked":"True Grit","floor":7},{"not_picked":["Havoc","Pommel Strike","Thunderclap"],"picked":"SKIP","floor":10},{"not_picked":["Iron Wave","Dual Wield","Body Slam"],"picked":"SKIP","floor":11},{"not_picked":["Thunderclap","Exhume","Armaments"],"picked":"SKIP","floor":12},{"not_picked":["Clothesline","Iron Wave"],"picked":"Carnage","floor":13},{"not_picked":["Iron Wave","Havoc"],"picked":"Cleave","floor":14},{"not_picked":["Limit Break","Bludgeon"],"picked":"Double Tap","floor":16},{"not_picked":["Headbutt","Hemokinesis+1"],"picked":"Bloodletting","floor":18},{"not_picked":["Warcry","Clothesline","Sword Boomerang"],"picked":"SKIP","floor":22}],"player_experience":787414,"relics_obtained":[{"floor":7,"key":"Meat on the Bone"},{"floor":9,"key":"Pantograph"},{"floor":11,"key":"Strawberry"},{"floor":13,"key":"Happy Flower"},{"floor":21,"key":"Champion Belt"},{"floor":21,"key":"Bottled Flame"}],"event_choices":[{"damage_healed":0,"gold_gain":0,"player_choice":"0 cards matched","damage_taken":0,"max_hp_gain":0,"max_hp_loss":0,"event_name":"Match and Keep!","floor":3,"gold_loss":0,"cards_obtained":[]},{"cards_removed":["Strike_R"],"damage_healed":0,"gold_gain":0,"player_choice":"Gave Gold","damage_taken":0,"max_hp_gain":0,"max_hp_loss":0,"event_name":"Beggar","floor":19,"gold_loss":75},{"damage_healed":0,"gold_gain":0,"player_choice":"Read","damage_taken":0,"max_hp_gain":0,"max_hp_loss":0,"event_name":"The Library","floor":20,"gold_loss":0,"cards_obtained":["Shockwave"]},{"damage_healed":0,"gold_gain":0,"player_choice":"Fight","damage_taken":0,"max_hp_gain":0,"max_hp_loss":0,"event_name":"Colosseum","floor":21,"gold_loss":0},{"damage_healed":0,"gold_gain":0,"player_choice":"Fought Nobs","damage_taken":0,"max_hp_gain":0,"max_hp_loss":0,"event_name":"Colosseum","floor":21,"gold_loss":0},{"damage_healed":0,"gold_gain":0,"player_choice":"Ignored","damage_taken":0,"max_hp_gain":0,"max_hp_loss":0,"event_name":"Vampires","floor":24,"gold_loss":0}],"is_beta":false,"boss_relics":[{"not_picked":["Calling Bell","Empty Cage"],"picked":"Astrolabe"}],"items_purged_floors":[],"is_endless":false,"potions_floor_spawned":[1,7,11,12,13,16,18],"killed_by":"Book of Stabbing","ascension_level":18}