{"gold_per_floor":[19,32,49,25,40,40,65,65,65,65,100,115,190,26,26,26],"floor_reached":16,"playtime":750,"items_purged":["Defend_R"],"score":154,"play_id":"b4c5003a-5e32-4e7c-86b6-a8f2810a20d4","local_time":"20190223152912","is_ascension_mode":true,"campfire_choices":[{"data":"True Grit","floor":6,"key":"SMITH"},{"data":"Bash","floor":8,"key":"SMITH"},{"floor":10,"key":"REST"},{"data":"Entrench","floor":15,"key":"SMITH"}],"neow_cost":"NO_GOLD","seed_source_timestamp":609799673865233,"circlet_count":0,"master_deck":["Strike_R","Strike_R","Strike_R","Strike_R","Strike_R","Defend_R","Defend_R","Defend_R","Bash+1","Shrug It Off","Iron Wave","True Grit+1","Clothesline","Warcry","Entrench+1","Deep Breath"],"relics":["Burning Blood","StoneCalendar","Meat on the Bone","Gremlin Horn","Potion Belt"],"potions_floor_usage":[7,16],"damage_taken":[{"damage":10,"enemies":"Cultist","floor":1,"turns":5},{"damage":2,"enemies":"Jaw Worm","floor":2,"turns":5},{"damage":0,"enemies":"2 Louse","floor":3,"turns":3},{"damage":16,"enemies":"Exordium Thugs","floor":5,"turns":7},{"damage":35,"enemies":"Gremlin Nob","floor":7,"turns":6},{"damage":13,"enemies":"Lagavulin","floor":11,"turns":7},{"damage":1,"enemies":"Red Slaver","floor":12,"turns":6},{"damage":50,"enemies":"Hexaghost","floor":16,"turns":14}],"seed_played":"2851264716636994647","potions_obtained":[{"floor":3,"key":"LiquidBronze"},{"floor":11,"key":"EssenceOfSteel"},{"floor":12,"key":"Regen Potion"}],"is_trial":false,"path_per_floor":["M","M","M","$","M","R","E","R","T","R","E","M","?","$","R","B"],"character_chosen":"IRONCLAD","items_purchased":["True Grit","Deep Breath"],"campfire_rested":1,"item_purchase_floors":[4,14],"current_hp_per_floor":[68,72,78,78,68,68,39,39,39,63,56,61,50,50,50,0],"gold":26,"neow_bonus":"ONE_RARE_RELIC","is_prod":false,"is_daily":false,"chose_seed":false,"campfire_upgraded":3,"win_rate":0,"timestamp":1550932152,"path_taken":["M","?","M","$","M","R","E","R","T","R","E","M","?","$","R","BOSS"],"build_version":"2019-01-23","purchased_purges":1,"victory":false,"max_hp_per_floor":[80,80,80,80,80,80,80,80,80,80,80,80,80,80,80,80],"card_choices":[{"not_picked":["Body Slam","Sever Soul"],"picked":"Shrug It Off","floor":1},{"not_picked":["Pommel Strike","Wild Strike"],"picked":"Iron Wave","floor":2},{"not_picked":["Cleave","Headbutt","Sword Boomerang"],"picked":"SKIP","floor":3},{"not_picked":["Bloodletting","Cleave"],"picked":"Clothesline","floor":5},{"not_picked":["Wild Strike","Whirlwind","Carnage"],"picked":"SKIP","floor":7},{"not_picked":["Berserk","Cleave"],"picked":"Warcry","floor":11},{"not_picked":["Havoc","Wild Strike"],"picked":"Entrench","floor":12}],"player_experience":449721,"relics_obtained":[{"floor":7,"key":"Meat on the Bone"},{"floor":9,"key":"Gremlin Horn"},{"floor":11,"key":"Potion Belt"}],"event_choices":[{"damage_healed":0,"gold_gain":75,"player_choice":"Gather Gold","damage_taken":11,"max_hp_gain":0,"max_hp_loss":0,"event_name":"World of Goop","floor":13,"gold_loss":0}],"is_beta":false,"boss_relics":[],"items_purged_floors":[14],"is_endless":false,"potions_floor_spawned":[3,11,12],"killed_by":"Hexaghost","ascension_level":8}