{"gold_per_floor":[112,125,140,151,151,151,176,195,195,195,221,221,237,262,262,363,363,379,379,40,53,68,68,81,91,91,91,106,106],"floor_reached":29,"playtime":2461,"items_purged":[],"score":239,"play_id":"7047908c-6a3e-4fb6-bac5-6ea1bfa9b93d","local_time":"20190226003319","is_ascension_mode":false,"campfire_choices":[{"floor":6,"key":"REST"},{"floor":10,"key":"REST"},{"floor":12,"key":"REST"},{"floor":15,"key":"REST"},{"floor":23,"key":"REST"}],"neow_cost":"NONE","seed_source_timestamp":299174657571293,"circlet_count":0,"master_deck":["Strike_B","Strike_B","Strike_B","Strike_B","Defend_B","Defend_B","Defend_B","Defend_B","Zap","Dualcast","Redo","Conserve Battery","Gash+1","Coolheaded","Fusion","All For One","Go for the Eyes","Force Field","Electrodynamics","BootSequence+1","Redo+1","Lockon","Go for the Eyes+1","Chill+1","Redo+1","Ball Lightning","Barrage+1"],"relics":["Cracked Core","Blood Vial","Bag of Preparation","Juzu Bracelet","Orichalcum","White Beast Statue","Toxic Egg 2","Mercury Hourglass","Singing Bowl"],"potions_floor_usage":[16,18],"damage_taken":[{"damage":3,"enemies":"Small Slimes","floor":1,"turns":3},{"damage":1,"enemies":"Cultist","floor":2,"turns":3},{"damage":0,"enemies":"2 Louse","floor":3,"turns":2},{"damage":26,"enemies":"Exordium Thugs","floor":4,"turns":5},{"damage":35,"enemies":"Lagavulin","floor":7,"turns":6},{"damage":12,"enemies":"3 Louse","floor":8,"turns":4},{"damage":47,"enemies":"Gremlin Nob","floor":11,"turns":5},{"damage":17,"enemies":"Gremlin Gang","floor":13,"turns":5},{"damage":43,"enemies":"The Guardian","floor":16,"turns":16},{"damage":14,"enemies":"3 Byrds","floor":18,"turns":5},{"damage":0,"enemies":"Chosen","floor":21,"turns":4},{"damage":34,"enemies":"Centurion and Healer","floor":22,"turns":10},{"damage":25,"enemies":"Snake Plant","floor":24,"turns":6},{"damage":25,"enemies":"Snecko","floor":25,"turns":7},{"damage":1,"enemies":"Cultist and Chosen","floor":28,"turns":4},{"damage":21,"enemies":"Shelled Parasite and Fungi","floor":29,"turns":3}],"seed_played":"-231591135290232891","potions_obtained":[{"floor":1,"key":"Energy Potion"},{"floor":4,"key":"Energy Potion"},{"floor":7,"key":"SkillPotion"},{"floor":11,"key":"Weak Potion"},{"floor":18,"key":"SneckoOil"},{"floor":21,"key":"Swift Potion"}],"is_trial":false,"path_per_floor":["M","M","M","M","?","R","E","M","T","R","E","R","M","T","R","B",null,"M","?","$","M","M","R","M","M","T","T","M","M"],"character_chosen":"DEFECT","items_purchased":["Toxic Egg 2","Redo+1","Lockon"],"campfire_rested":5,"item_purchase_floors":[20,20,20],"current_hp_per_floor":[79,78,78,52,52,76,41,31,31,55,10,34,19,19,43,2,82,68,68,68,70,38,62,39,16,16,16,17,0],"gold":106,"neow_bonus":"TEN_PERCENT_HP_BONUS","is_prod":false,"is_daily":false,"chose_seed":false,"campfire_upgraded":0,"win_rate":0.0,"timestamp":1551112399,"path_taken":["M","M","M","M","?","R","E","?","T","R","E","R","M","?","R","BOSS","M","?","$","M","M","R","M","M","T","?","M","M"],"build_version":"2019-01-23","purchased_purges":0,"victory":false,"max_hp_per_floor":[82,82,82,82,82,82,82,82,82,82,82,82,82,82,82,82,82,82,82,82,82,82,82,82,82,82,82,82,82],"card_choices":[{"not_picked":["Hello World","Reinforced Body"],"picked":"Redo","floor":1},{"not_picked":["Stack","Redo"],"picked":"Conserve Battery","floor":2},{"not_picked":["Leap","Ball Lightning"],"picked":"Gash","floor":3},{"not_picked":["Beam Cell","Capacitor"],"picked":"Coolheaded","floor":4},{"not_picked":["Consume","Heatsinks"],"picked":"Fusion","floor":7},{"not_picked":["Auto Shields","Self Repair"],"picked":"All For One","floor":8},{"not_picked":["Ball Lightning","Barrage"],"picked":"Go for the Eyes","floor":11},{"not_picked":["Barrage","Leap"],"picked":"Force Field","floor":13},{"not_picked":["Reboot","Rainbow"],"picked":"Electrodynamics","floor":16},{"not_picked":["Conserve Battery","Steam"],"picked":"BootSequence+1","floor":18},{"not_picked":["Consume+1","Ball Lightning"],"picked":"Go for the Eyes+1","floor":21},{"not_picked":["Cold Snap+1","Melter"],"picked":"Chill+1","floor":22},{"not_picked":["Beam Cell","Go for the Eyes"],"picked":"Redo+1","floor":24},{"not_picked":["Chill+1","Sweeping Beam"],"picked":"Ball Lightning","floor":25},{"not_picked":["Self Repair","Sweeping Beam+1"],"picked":"Barrage+1","floor":28}],"player_experience":81124,"relics_obtained":[{"floor":7,"key":"Blood Vial"},{"floor":9,"key":"Bag of Preparation"},{"floor":11,"key":"Juzu Bracelet"},{"floor":14,"key":"Orichalcum"},{"floor":26,"key":"Mercury Hourglass"},{"floor":27,"key":"Singing Bowl"}],"event_choices":[{"damage_healed":0,"gold_gain":0,"player_choice":"Upgraded","damage_taken":0,"max_hp_gain":0,"max_hp_loss":0,"event_name":"Upgrade Shrine","floor":5,"gold_loss":0,"cards_upgraded":["Gash"]},{"damage_healed":0,"gold_gain":0,"player_choice":"Ignored","damage_taken":0,"max_hp_gain":0,"max_hp_loss":0,"event_name":"Beggar","floor":19,"gold_loss":0}],"is_beta":false,"boss_relics":[{"not_picked":["Coffee Dripper","Cursed Key"],"picked":"White Beast Statue"}],"items_purged_floors":[],"is_endless":false,"potions_floor_spawned":[1,4,7,8,11,18,21,22,24,25,28],"killed_by":"Shelled Parasite and Fungi","ascension_level":0}