{"gold_per_floor":[360,55,330,69,69,99,99,428,428,428,499,529,529,542,542,619,619,636,655,689,689,26,26,46,46,46,79,79,89,5,33,33,33],"floor_reached":33,"playtime":1756,"items_purged":["Normality","Regret"],"score":560,"play_id":"9cecbf0e-82e1-4949-9489-ecf41ca041da","local_time":"20190216214827","is_ascension_mode":true,"campfire_choices":[{"data":"Body Slam","floor":7.0,"key":"SMITH"},{"floor":10.0,"key":"REST"},{"data":"Armaments","floor":13.0,"key":"SMITH"},{"floor":15.0,"key":"REST"},{"floor":23,"key":"REST"},{"floor":25,"key":"REST"},{"data":"Trip","floor":28,"key":"SMITH"},{"data":"True Grit","floor":32,"key":"SMITH"}],"neow_cost":"CURSE","seed_source_timestamp":0,"circlet_count":0,"master_deck":["AscendersBane","Strike_R","Strike_R","Strike_R","Strike_R","Strike_R","Defend_R","Defend_R","Defend_R","Defend_R","Bash","Shrug It Off","Trip+1","True Grit+1","Body Slam+1","Armaments+1","Evolve","Sentinel","Demon Form","Shrug It Off","Reckless Charge","Cleave","Wild Strike","Finesse","Power Through","Headbutt","Combust"],"special_seed":0,"relics":["Burning Blood","Medical Kit","Bronze Scales","Self Forming Clay","WingedGreaves","Old Coin","Ginger","Bottled Lightning","Pocketwatch","Velvet Choker","Red Mask","Mummified Hand","Kunai","Boot","Bottled Flame"],"potions_floor_usage":[20,21,24,24,27,31,31],"damage_taken":[{"damage":6.0,"enemies":"Cultist","floor":1.0,"turns":4.0},{"damage":31.0,"enemies":"Lagavulin","floor":6.0,"turns":8.0},{"damage":22.0,"enemies":"Gremlin Nob","floor":8.0,"turns":4.0},{"damage":31.0,"enemies":"Lagavulin","floor":12.0,"turns":7.0},{"damage":7.0,"enemies":"Jaw Worm","floor":14.0,"turns":2.0},{"damage":23.0,"enemies":"The Guardian","floor":16.0,"turns":13.0},{"damage":8,"enemies":"3 Byrds","floor":18,"turns":3},{"damage":12,"enemies":"Chosen","floor":19,"turns":6},{"damage":35,"enemies":"Masked Bandits","floor":20,"turns":4},{"damage":25,"enemies":"Colosseum Slavers","floor":21,"turns":5},{"damage":3,"enemies":"Snake Plant","floor":24,"turns":3},{"damage":23,"enemies":"Slavers","floor":27,"turns":7},{"damage":0,"enemies":"Centurion and Healer","floor":29,"turns":5},{"damage":14,"enemies":"Book of Stabbing","floor":31,"turns":4},{"damage":54,"enemies":"Collector","floor":33,"turns":5}],"seed_played":"5643200578463108246","potions_obtained":[{"floor":1.0,"key":"SteroidPotion"},{"floor":6.0,"key":"SkillPotion"},{"floor":14.0,"key":"FearPotion"},{"floor":18,"key":"LiquidBronze"},{"floor":24,"key":"AttackPotion"},{"floor":27,"key":"SkillPotion"}],"is_trial":false,"path_per_floor":["M","$","?","$","T","E","R","E","T","R","T","E","R","M","R","B",null,"M","M","?","?","$","R","M","R","T","E","R","M","$","E","R","B"],"character_chosen":"IRONCLAD","items_purchased":["Medical Kit","Trip","Bronze Scales","True Grit","Wild Strike","Mummified Hand","BloodPotion","Explosive Potion","Finesse","Regen Potion"],"campfire_rested":4,"item_purchase_floors":[2,2,4,4,22,22,22,22,22,30],"current_hp_per_floor":[68,68,68,68,68,43,43,27,27,49,49,24,24,23,45,28,63,61,55,26,7,7,29,39,61,61,44,44,50,50,54,54,0],"gold":33,"neow_bonus":"TWO_FIFTY_GOLD","is_prod":false,"is_daily":false,"chose_seed":false,"campfire_upgraded":4,"win_rate":0,"timestamp":1550382507,"path_taken":["M","$","?","$","?","E","R","E","T","R","?","E","R","M","R","BOSS","M","M","?","?","$","R","M","R","T","E","R","M","?","E","R","BOSS"],"build_version":"2019-01-23","purchased_purges":2,"victory":false,"max_hp_per_floor":[75,75,75,75,75,75,75,75,75,75,75,75,75,75,75,75,75,75,75,75,75,75,75,75,75,75,75,75,75,75,75,75,75],"card_choices":[{"not_picked":["Carnage","Inflame"],"picked":"Shrug It Off","floor":1.0},{"not_picked":["Carnage","Dual Wield"],"picked":"Body Slam","floor":6.0},{"not_picked":["Ghostly Armor","Clothesline"],"picked":"Armaments","floor":8.0},{"not_picked":["Heavy Blade","Perfected Strike"],"picked":"Evolve","floor":12.0},{"not_picked":["Twin Strike","Carnage"],"picked":"Sentinel","floor":14.0},{"not_picked":["Brutality","Exhume"],"picked":"Demon Form","floor":16.0},{"not_picked":["Carnage","Infernal Blade"],"picked":"Shrug It Off","floor":18},{"not_picked":["Headbutt","Fire Breathing"],"picked":"Reckless Charge","floor":19},{"not_picked":["Shrug It Off","Twin Strike+1"],"picked":"Cleave","floor":20},{"not_picked":["Rampage","Feel No Pain"],"picked":"Power Through","floor":24},{"not_picked":["Thunderclap","Armaments"],"picked":"Headbutt","floor":27},{"not_picked":["Bludgeon","Rampage","Twin Strike"],"picked":"SKIP","floor":29},{"not_picked":["Twin Strike","Combust","Sever Soul"],"picked":"SKIP","floor":31},{"not_picked":["Twin Strike","Sever Soul"],"picked":"Combust","floor":31}],"player_experience":538039,"relics_obtained":[{"floor":5.0,"key":"Self Forming Clay"},{"floor":6.0,"key":"WingedGreaves"},{"floor":8.0,"key":"Old Coin"},{"floor":9.0,"key":"Ginger"},{"floor":11.0,"key":"Bottled Lightning"},{"floor":12.0,"key":"Pocketwatch"},{"floor":20,"key":"Red Mask"},{"floor":26,"key":"Kunai"},{"floor":27,"key":"Boot"},{"floor":31,"key":"Bottled Flame"}],"event_choices":[{"damage_healed":0.0,"max_hp_gain":0.0,"max_hp_loss":0.0,"gold_gain":275.0,"event_name":"Golden Shrine","player_choice":"Desecrate","floor":3.0,"gold_loss":0.0,"damage_taken":0.0,"cards_obtained":["Regret"]},{"damage_healed":0,"gold_gain":0,"player_choice":"Fought Bandits","damage_taken":0,"max_hp_gain":0,"max_hp_loss":0,"event_name":"Masked Bandits","floor":20,"gold_loss":0},{"damage_healed":0,"gold_gain":0,"player_choice":"Fight","damage_taken":0,"max_hp_gain":0,"max_hp_loss":0,"event_name":"Colosseum","floor":21,"gold_loss":0},{"damage_healed":0,"gold_gain":0,"player_choice":"Fled From Nobs","damage_taken":0,"max_hp_gain":0,"max_hp_loss":0,"event_name":"Colosseum","floor":21,"gold_loss":0}],"is_beta":false,"boss_relics":[{"not_picked":["Calling Bell","Fusion Hammer"],"picked":"Velvet Choker"}],"items_purged_floors":[4,22],"is_endless":false,"potions_floor_spawned":[1,6,14,18,24,27],"killed_by":"Collector","ascension_level":16}