{"gold_per_floor":[360,360,15,90,107,107,134,146,146,160,160],"floor_reached":11,"playtime":365,"items_purged":["Parasite"],"score":117,"play_id":"11a15bd9-7ceb-4fd0-b661-722b6df5d5a6","local_time":"20180930000126","is_ascension_mode":true,"campfire_choices":[{"data":"Enlightenment","floor":6.0,"key":"SMITH"}],"neow_cost":"CURSE","seed_source_timestamp":0,"circlet_count":0,"master_deck":["Strike_B","Strike_B","Strike_B","Strike_B","Defend_B","Defend_B","Defend_B","Defend_B","Zap","Dualcast","AscendersBane","Streamline","Enlightenment+1","Doom and Gloom","Self Repair","Leap","Sunder","Defragment","Undo","Leap"],"special_seed":0,"relics":["Cracked Core","Unceasing Top","Bird Faced Urn"],"potions_floor_usage":[11,11],"damage_taken":[{"damage":4.0,"enemies":"Jaw Worm","floor":1.0,"turns":4.0},{"damage":1.0,"enemies":"Small Slimes","floor":5.0,"turns":3.0},{"damage":40.0,"enemies":"Lagavulin","floor":7.0,"turns":5.0},{"damage":0.0,"enemies":"Cultist","floor":8.0,"turns":3.0},{"damage":20.0,"enemies":"Large Slime","floor":10.0,"turns":4.0},{"damage":38,"enemies":"3 Sentries","floor":11,"turns":7}],"seed_played":"4496024260694373472","potions_obtained":[{"floor":5.0,"key":"Energy Potion"},{"floor":7.0,"key":"SneckoOil"},{"floor":8.0,"key":"Swift Potion"}],"is_trial":false,"path_per_floor":["M","?","$","?","M","R","E","M","T","M"],"character_chosen":"DEFECT","items_purchased":["Enlightenment","Doom and Gloom","Self Repair","Leap"],"campfire_rested":0,"item_purchase_floors":[3,3,3,3],"current_hp_per_floor":[64,69,69,58,64,64,31,38,38,29,0],"gold":160,"neow_bonus":"TWO_FIFTY_GOLD","is_prod":false,"is_daily":false,"chose_seed":false,"campfire_upgraded":1,"win_rate":0,"timestamp":1538258486,"path_taken":["M","?","$","?","?","R","E","M","T","M","E"],"build_version":"2018-09-27","purchased_purges":1,"victory":false,"max_hp_per_floor":[75,80,77,77,77,77,77,77,77,77,77],"card_choices":[{"not_picked":["Rebound","Leap"],"picked":"Streamline","floor":1.0},{"not_picked":["Blizzard","Rip and Tear"],"picked":"Sunder","floor":5.0},{"not_picked":["Streamline","Ball Lightning"],"picked":"Defragment","floor":7.0},{"not_picked":["Heatsinks","Ball Lightning"],"picked":"Undo","floor":8.0},{"not_picked":["Rebound","Scrape"],"picked":"Leap","floor":10.0}],"player_experience":466116,"relics_obtained":[{"floor":7.0,"key":"Unceasing Top"},{"floor":9.0,"key":"Bird Faced Urn"}],"event_choices":[{"event_name":"Big Fish","player_choice":"Donut","floor":2.0,"damage_taken":0.0},{"event_name":"World of Goop","player_choice":"Gather Gold","floor":4.0,"damage_taken":0.0}],"is_beta":false,"boss_relics":[],"items_purged_floors":[3],"is_endless":false,"potions_floor_spawned":[5,7,8],"killed_by":"3 Sentries","ascension_level":12}