{"gold_per_floor":[110,123,123,18,37,37,68,68,68,79,79,92,92,122,122,218,218,233,244,244,259,32,32,57,69,94,94],"floor_reached":27,"playtime":1576,"items_purged":["Writhe"],"score":389,"play_id":"9cc0a476-f05a-4565-bc97-893a08c44009","local_time":"20181221211442","is_ascension_mode":true,"campfire_choices":[{"data":"Searing Blow","floor":6,"key":"SMITH"},{"floor":8,"key":"REST"},{"floor":13,"key":"REST"},{"data":"Searing Blow+2","floor":15,"key":"SMITH"},{"floor":23,"key":"REST"}],"neow_cost":"TEN_PERCENT_HP_LOSS","seed_source_timestamp":132474125754245,"circlet_count":0,"master_deck":["AscendersBane","Strike_R","Strike_R","Defend_R+1","Defend_R","Defend_R","Defend_R","Bash","Panacea","Trip","Searing Blow+3","Body Slam","Shrug It Off","Inflame","Shrug It Off","Dark Embrace","Anger","Burning Pact","Rampage","Immolate","Power Through+1","Demon Form+1","Feed+1","Sentinel","Feel No Pain+1"],"relics":["Burning Blood","Meat on the Bone","Pen Nib","Boot","Astrolabe","Letter Opener","Ancient Tea Set","Turnip","Juzu Bracelet"],"potions_floor_usage":[7,7,16,24,25],"damage_taken":[{"damage":15,"enemies":"Jaw Worm","floor":1,"turns":6},{"damage":15,"enemies":"2 Louse","floor":2,"turns":3},{"damage":1,"enemies":"Small Slimes","floor":5,"turns":3},{"damage":62,"enemies":"Gremlin Nob","floor":7,"turns":6},{"damage":0,"enemies":"Exordium Wildlife","floor":10,"turns":4},{"damage":3,"enemies":"Blue Slaver","floor":12,"turns":3},{"damage":35,"enemies":"Lagavulin","floor":14,"turns":5},{"damage":36,"enemies":"Slime Boss","floor":16,"turns":8},{"damage":24,"enemies":"3 Byrds","floor":18,"turns":7},{"damage":27,"enemies":"2 Thieves","floor":19,"turns":5},{"damage":55,"enemies":"Sentry and Sphere","floor":21,"turns":8},{"damage":26,"enemies":"Gremlin Leader","floor":24,"turns":5},{"damage":25,"enemies":"Chosen and Byrds","floor":25,"turns":8},{"damage":42,"enemies":"Book of Stabbing","floor":27,"turns":4}],"seed_played":"3378075309262959944","potions_obtained":[{"floor":1,"key":"EssenceOfSteel"},{"floor":5,"key":"GamblersBrew"},{"floor":7,"key":"Ancient Potion"},{"floor":10,"key":"EssenceOfSteel"},{"floor":14,"key":"GamblersBrew"},{"floor":19,"key":"FairyPotion"},{"floor":21,"key":"Weak Potion"},{"floor":24,"key":"FearPotion"}],"is_trial":false,"path_per_floor":["M","M","?","$","M","R","E","R","T","M","?","M","R","E","R","B",null,"M","M","?","M","$","R","E","M","T","E"],"character_chosen":"IRONCLAD","items_purchased":["Shrug It Off","Inflame","Ancient Tea Set"],"campfire_rested":3,"item_purchase_floors":[4,4,22],"current_hp_per_floor":[63,54,59,59,64,64,8,31,31,49,34,49,72,55,55,37,67,49,44,44,25,25,50,42,35,35,0],"gold":94,"neow_bonus":"RANDOM_COLORLESS_2","is_prod":false,"is_daily":false,"chose_seed":false,"campfire_upgraded":2,"win_rate":0,"timestamp":1545455682,"path_taken":["M","M","?","$","M","R","E","R","T","M","?","M","R","E","R","BOSS","M","M","?","M","$","R","E","M","T","E"],"build_version":"2018-12-20","purchased_purges":1,"victory":false,"max_hp_per_floor":[72,72,77,77,77,77,77,77,77,77,77,77,77,77,77,77,77,77,81,81,85,85,85,85,85,85,85],"card_choices":[{"not_picked":["Carnage","Perfected Strike"],"picked":"Searing Blow","floor":1},{"not_picked":["Clothesline","Rampage"],"picked":"Body Slam","floor":2},{"not_picked":["Twin Strike","Pommel Strike"],"picked":"Shrug It Off","floor":5},{"not_picked":["Flame Barrier","True Grit"],"picked":"Dark Embrace","floor":7},{"not_picked":["Spot Weakness","Disarm"],"picked":"Anger","floor":10},{"not_picked":["Ghostly Armor","True Grit"],"picked":"Burning Pact","floor":12},{"not_picked":["Burning Pact","Inflame"],"picked":"Rampage","floor":14},{"not_picked":["Feed","Berserk"],"picked":"Immolate","floor":16},{"not_picked":["Havoc","True Grit"],"picked":"Sentinel","floor":18},{"not_picked":["Clothesline","Sword Boomerang","Body Slam"],"picked":"SKIP","floor":19},{"not_picked":["Flex","Cleave"],"picked":"Feel No Pain+1","floor":21},{"not_picked":["Infernal Blade","Perfected Strike","Clash"],"picked":"SKIP","floor":24},{"not_picked":["Cleave","Dropkick","Clash"],"picked":"SKIP","floor":25}],"player_experience":424180,"relics_obtained":[{"floor":7,"key":"Meat on the Bone"},{"floor":9,"key":"Pen Nib"},{"floor":14,"key":"Boot"},{"floor":24,"key":"Turnip"},{"floor":26,"key":"Juzu Bracelet"}],"event_choices":[{"damage_healed":0,"gold_gain":0,"player_choice":"Donut","damage_taken":0,"max_hp_gain":5,"max_hp_loss":0,"event_name":"Big Fish","floor":3,"gold_loss":0},{"damage_healed":0,"gold_gain":0,"player_choice":"Entered Light","damage_taken":15,"max_hp_gain":0,"max_hp_loss":0,"event_name":"Shining Light","floor":11,"gold_loss":0,"cards_upgraded":["Defend_R","Searing Blow"]},{"damage_healed":0,"gold_gain":0,"player_choice":"Opened","damage_taken":0,"relics_obtained":["Letter Opener"],"max_hp_gain":0,"max_hp_loss":0,"event_name":"The Mausoleum","floor":20,"gold_loss":0,"cards_obtained":["Writhe"]}],"is_beta":false,"boss_relics":[{"not_picked":["Runic Cube","Cursed Key"],"picked":"Astrolabe"}],"items_purged_floors":[22],"is_endless":false,"potions_floor_spawned":[1,5,7,10,14,19,21,24],"killed_by":"Book of Stabbing","ascension_level":12}