{"gold_per_floor":[119,119,190,215,231,231,244,244,244,244,288,288,307,330,330,330],"floor_reached":16,"playtime":401,"items_purged":[],"score":163,"play_id":"1f5941d2-873a-4b6d-a399-8de524234686","local_time":"20190206142152","is_ascension_mode":true,"campfire_choices":[{"floor":6,"key":"REST"},{"floor":10,"key":"REST"},{"floor":12,"key":"REST"},{"data":"Armaments","floor":15,"key":"SMITH"}],"neow_cost":"PERCENT_DAMAGE","seed_source_timestamp":126154840002222,"circlet_count":0,"master_deck":["AscendersBane","Strike_R","Strike_R","Strike_R","Strike_R","Defend_R","Defend_R","Defend_R","Bash","Combust","Bludgeon","Wild Strike","Flame Barrier","Rampage","Armaments+1","Seeing Red","Headbutt"],"relics":["Burning Blood","Golden Idol","Meat on the Bone","Bronze Scales","Bottled Tornado"],"potions_floor_usage":[16,16],"damage_taken":[{"damage":8,"enemies":"2 Louse","floor":1,"turns":2},{"damage":20,"enemies":"Small Slimes","floor":4,"turns":3},{"damage":7,"enemies":"Jaw Worm","floor":5,"turns":3},{"damage":9,"enemies":"2 Fungi Beasts","floor":7,"turns":4},{"damage":28,"enemies":"3 Sentries","floor":11,"turns":9},{"damage":9,"enemies":"Looter","floor":13,"turns":3},{"damage":21,"enemies":"Large Slime","floor":14,"turns":4},{"damage":67,"enemies":"Slime Boss","floor":16,"turns":6}],"seed_played":"5686336647003777036","potions_obtained":[{"floor":4,"key":"FearPotion"},{"floor":5,"key":"LiquidBronze"}],"is_trial":false,"path_per_floor":["M","?","?","M","M","R","M","?","T","R","E","R","M","M","R","B"],"character_chosen":"IRONCLAD","items_purchased":[],"campfire_rested":3,"item_purchase_floors":[],"current_hp_per_floor":[49,49,49,35,34,56,53,11,11,33,23,45,54,51,51,0],"gold":330,"neow_bonus":"TRANSFORM_TWO_CARDS","is_prod":false,"is_daily":false,"chose_seed":false,"campfire_upgraded":1,"win_rate":0,"timestamp":1549480912,"path_taken":["M","?","?","M","M","R","M","?","T","R","E","R","M","M","R","BOSS"],"build_version":"2019-01-23","purchased_purges":0,"victory":false,"max_hp_per_floor":[80,74,74,74,74,74,74,74,74,74,74,74,74,74,74,74],"card_choices":[{"not_picked":["Hemokinesis","Power Through"],"picked":"Wild Strike","floor":1},{"not_picked":["Armaments","Thunderclap"],"picked":"Flame Barrier","floor":4},{"not_picked":["Sword Boomerang","Sentinel"],"picked":"Rampage","floor":5},{"not_picked":["Battle Trance","Wild Strike"],"picked":"Armaments","floor":7},{"not_picked":["Searing Blow","Heavy Blade"],"picked":"Seeing Red","floor":11},{"not_picked":["Havoc","Berserk","Battle Trance"],"picked":"SKIP","floor":13},{"not_picked":["Twin Strike","Heavy Blade"],"picked":"Headbutt","floor":14}],"player_experience":584102,"relics_obtained":[{"floor":9,"key":"Bronze Scales"},{"floor":11,"key":"Bottled Tornado"}],"event_choices":[{"damage_healed":0,"gold_gain":0,"player_choice":"Lose Max HP","damage_taken":0,"relics_obtained":["Golden Idol"],"max_hp_gain":0,"max_hp_loss":6,"event_name":"Golden Idol","floor":2,"gold_loss":0},{"damage_healed":0,"gold_gain":71,"player_choice":"Gained Gold","damage_taken":0,"max_hp_gain":0,"max_hp_loss":0,"event_name":"Golden Wing","floor":3,"gold_loss":0},{"damage_healed":0,"gold_gain":0,"player_choice":"Success","damage_taken":42,"relics_obtained":["Meat on the Bone"],"max_hp_gain":0,"max_hp_loss":0,"event_name":"Scrap Ooze","floor":8,"gold_loss":0}],"is_beta":true,"boss_relics":[],"items_purged_floors":[],"is_endless":false,"potions_floor_spawned":[4,5],"killed_by":"Slime Boss","ascension_level":12}