{"gold_per_floor":[112,112,128,78,3,3,32,32,32,65,81,81,9,41,41,138,138,150,250,250,270,288,288,301],"floor_reached":24,"playtime":3988,"items_purged":["Strike_G"],"score":382,"play_id":"5bbc1a65-953e-40e4-b789-8d5585f80ec1","local_time":"20181103233738","is_ascension_mode":true,"campfire_choices":[{"data":"Dagger Throw","floor":6,"key":"SMITH"},{"data":"Terror","floor":8,"key":"SMITH"},{"data":"Leg Sweep","floor":12,"key":"SMITH"},{"data":"Masterful Stab","floor":15,"key":"SMITH"},{"floor":23,"key":"REST"}],"neow_cost":"NONE","seed_source_timestamp":641631150171383,"circlet_count":0,"master_deck":["AscendersBane","Survivor","Neutralize+1","Dagger Throw+1","Backflip","Terror+1","Leg Sweep+1","Masterful Stab+1","Blur","Glass Knife","Acrobatics","Poisoned Stab","Deflect","Dodge and Roll","Noxious Fumes","Terror","Flying Knee","Dodge and Roll","Cloak And Dagger","Blade Dance","Cloak And Dagger"],"relics":["Ring of the Snake","NeowsBlessing","Whetstone","Orichalcum","Ancient Tea Set","Shuriken","Pandora\u0027s Box","The Specimen","Singing Bowl"],"potions_floor_usage":[19,19,22],"damage_taken":[{"damage":0,"enemies":"Jaw Worm","floor":1,"turns":1},{"damage":0,"enemies":"Small Slimes","floor":3,"turns":1},{"damage":0,"enemies":"Lagavulin","floor":7,"turns":1},{"damage":17,"enemies":"3 Sentries","floor":10,"turns":10},{"damage":0,"enemies":"2 Louse","floor":11,"turns":2},{"damage":2,"enemies":"Lagavulin","floor":14,"turns":3},{"damage":24,"enemies":"The Guardian","floor":16,"turns":11},{"damage":0,"enemies":"Spheric Guardian","floor":18,"turns":3},{"damage":2,"enemies":"Colosseum Slavers","floor":19,"turns":6},{"damage":31,"enemies":"Colosseum Nobs","floor":19,"turns":5},{"damage":4,"enemies":"Shell Parasite","floor":21,"turns":3},{"damage":14,"enemies":"Chosen and Byrds","floor":22,"turns":6},{"damage":31,"enemies":"Sentry and Sphere","floor":24,"turns":6}],"seed_played":"1042439474038779332","potions_obtained":[{"floor":3,"key":"FearPotion"},{"floor":11,"key":"Block Potion"},{"floor":21,"key":"LiquidBronze"},{"floor":24,"key":"GhostInAJar"}],"is_trial":false,"path_per_floor":["M","?","M","?","$","R","E","R","T","E","M","R","$","E","R","B",null,"M","?","?","M","M","R","M"],"character_chosen":"THE_SILENT","items_purchased":["Masterful Stab"],"campfire_rested":1,"item_purchase_floors":[13],"current_hp_per_floor":[63,68,68,68,68,68,68,68,68,51,51,51,51,49,49,25,63,63,30,30,28,14,37,6],"gold":301,"neow_bonus":"THREE_ENEMY_KILL","is_prod":false,"is_daily":false,"chose_seed":false,"campfire_upgraded":4,"win_rate":0,"timestamp":1541284658,"path_taken":["M","?","M","?","$","R","E","R","T","E","M","R","$","E","R","BOSS","M","?","?","M","M","R","M"],"build_version":"2018-11-01","purchased_purges":1,"victory":false,"max_hp_per_floor":[70,75,75,75,75,75,75,75,75,75,75,75,75,75,75,75,75,75,75,75,77,77,77,77],"card_choices":[{"not_picked":["Cloak And Dagger","PiercingWail"],"picked":"Dagger Throw","floor":1},{"not_picked":["Flying Knee","Accuracy"],"picked":"Backflip","floor":3},{"not_picked":["Poisoned Stab","Deadly Poison"],"picked":"Terror","floor":7},{"not_picked":["Backflip","Outmaneuver"],"picked":"Leg Sweep","floor":10},{"not_picked":["Acrobatics","Backstab","Dagger Throw"],"picked":"SKIP","floor":11},{"not_picked":["Burst","PiercingWail"],"picked":"Blur","floor":14},{"not_picked":["Unload","Grand Finale"],"picked":"Glass Knife","floor":16},{"not_picked":["Terror","Poisoned Stab"],"picked":"Cloak And Dagger","floor":18},{"not_picked":["Finisher+1","Dodge and Roll"],"picked":"Blade Dance","floor":19},{"not_picked":["Expertise","Sucker Punch","Bouncing Flask+1"],"picked":"Singing Bowl","floor":21},{"not_picked":["A Thousand Cuts","Flying Knee"],"picked":"Cloak And Dagger","floor":22}],"player_experience":632438,"relics_obtained":[{"floor":7,"key":"Whetstone"},{"floor":9,"key":"Orichalcum"},{"floor":10,"key":"Ancient Tea Set"},{"floor":14,"key":"Shuriken"},{"floor":19,"key":"The Specimen"},{"floor":19,"key":"Singing Bowl"}],"event_choices":[{"damage_healed":0,"gold_gain":0,"player_choice":"Donut","damage_taken":0,"max_hp_gain":5,"max_hp_loss":0,"event_name":"Big Fish","floor":2,"gold_loss":0},{"cards_removed":["Defend_G"],"damage_healed":0,"gold_gain":0,"player_choice":"Card Removal","damage_taken":0,"max_hp_gain":0,"max_hp_loss":0,"event_name":"The Cleric","floor":4,"gold_loss":50},{"damage_healed":0,"gold_gain":0,"player_choice":"Fight","damage_taken":0,"max_hp_gain":0,"max_hp_loss":0,"event_name":"Colosseum","floor":19,"gold_loss":0},{"damage_healed":0,"gold_gain":0,"player_choice":"Fought Nobs","damage_taken":0,"max_hp_gain":0,"max_hp_loss":0,"event_name":"Colosseum","floor":19,"gold_loss":0},{"damage_healed":0,"gold_gain":0,"player_choice":"Ignored","damage_taken":0,"max_hp_gain":0,"max_hp_loss":0,"event_name":"Ghosts","floor":20,"gold_loss":0}],"is_beta":false,"boss_relics":[{"not_picked":["Runic Dome","Ectoplasm"],"picked":"Pandora\u0027s Box"}],"items_purged_floors":[5],"is_endless":false,"potions_floor_spawned":[3,11,19,21,24],"killed_by":"Sentry and Sphere","ascension_level":12}