{"gold_per_floor":[10,10,30,41,51,51,85,85,85,85,85,109,119,194,194,289,289,271,271,196,224,4,4,21,52,52,52,64,64,25,42,42,138,188,201,201,201,217,228,228,262,262,262,262,64,76,76,93,93,93],"floor_reached":51,"playtime":3924,"items_purged":["Strike_B"],"score":1163,"play_id":"4ba8179e-01ae-43d7-b048-bb4c76c6e8ab","local_time":"20190221003428","is_ascension_mode":true,"campfire_choices":[{"data":"Zap","floor":6,"key":"SMITH"},{"floor":8,"key":"REST"},{"data":"Rainbow","floor":10,"key":"SMITH"},{"data":"Chaos","floor":15,"key":"SMITH"},{"floor":23,"key":"REST"},{"data":"Fission","floor":27,"key":"SMITH"},{"data":"Hologram","floor":29,"key":"SMITH"},{"floor":32,"key":"REST"},{"data":"Buffer","floor":40,"key":"SMITH"},{"data":"Chaos","floor":42,"key":"SMITH"},{"data":"Biased Cognition","floor":44,"key":"SMITH"},{"data":"Loop","floor":47,"key":"SMITH"},{"data":"Hologram","floor":49,"key":"SMITH"}],"neow_cost":"NO_GOLD","seed_source_timestamp":380117810014251,"circlet_count":0,"master_deck":["AscendersBane","Strike_B","Defend_B","Defend_B+1","Defend_B","Defend_B","Zap+1","Dualcast","Gash","Go for the Eyes","Steam","Auto Shields","Rainbow+1","Beam Cell","Chaos+1","Biased Cognition+1","Skim","Hologram+1","Echo Form","Fission+1","Loop+1","Self Repair","Skim+1","Chaos+1","Leap","Buffer+1","Redo+1","Skim+1","Barrage+1","Compile Driver+1","Scrape","Capacitor","Hologram+1","Conserve Battery+1"],"relics":["Cracked Core","Orichalcum","Happy Flower","Odd Mushroom","Nuclear Battery","Red Mask","Symbiotic Virus","Strawberry","Tiny House","Centennial Puzzle","Pear"],"potions_floor_usage":[12,16,21,38,41,50,50],"damage_taken":[{"damage":1,"enemies":"Cultist","floor":1,"turns":3},{"damage":12,"enemies":"Jaw Worm","floor":3,"turns":3},{"damage":0,"enemies":"2 Louse","floor":4,"turns":1},{"damage":3,"enemies":"Blue Slaver","floor":5,"turns":4},{"damage":40,"enemies":"Gremlin Nob","floor":7,"turns":5},{"damage":15,"enemies":"The Mushroom Lair","floor":12,"turns":4},{"damage":0,"enemies":"Large Slime","floor":13,"turns":4},{"damage":10,"enemies":"Hexaghost","floor":16,"turns":9},{"damage":17,"enemies":"2 Thieves","floor":18,"turns":5},{"damage":39,"enemies":"Masked Bandits","floor":21,"turns":4},{"damage":2,"enemies":"Shell Parasite","floor":24,"turns":6},{"damage":21,"enemies":"Book of Stabbing","floor":25,"turns":6},{"damage":2,"enemies":"Snake Plant","floor":28,"turns":4},{"damage":17,"enemies":"Snecko","floor":31,"turns":6},{"damage":45,"enemies":"Champ","floor":33,"turns":12},{"damage":0,"enemies":"3 Shapes","floor":35,"turns":7},{"damage":14,"enemies":"3 Darklings","floor":38,"turns":7},{"damage":20,"enemies":"Maw","floor":39,"turns":10},{"damage":0,"enemies":"Giant Head","floor":41,"turns":9},{"damage":0,"enemies":"Transient","floor":46,"turns":5},{"damage":5,"enemies":"3 Darklings","floor":48,"turns":6},{"damage":119,"enemies":"Awakened One","floor":50,"turns":14}],"seed_played":"-2383715958560976230","potions_obtained":[{"floor":1,"key":"Fire Potion"},{"floor":12,"key":"Swift Potion"},{"floor":13,"key":"FocusPotion"},{"floor":18,"key":"Explosive Potion"},{"floor":28,"key":"Fire Potion"},{"floor":39,"key":"Poison Potion"},{"floor":41,"key":"Regen Potion"}],"is_trial":false,"path_per_floor":["M","$","M","M","M","R","E","R","T","R","?","?","M","?","R","B",null,"M","?","?","?","$","R","M","E","T","R","M","R","$","M","R","B",null,"M","?","?","M","M","R","E","R","T","R","$","M","R","M","R","B",null],"character_chosen":"DEFECT","items_purchased":["Echo Form","Fission","Chaos","Capacitor","Hologram"],"campfire_rested":3,"item_purchase_floors":[22,22,30,45,45],"current_hp_per_floor":[81,81,69,69,66,66,26,52,52,52,57,42,42,31,31,21,76,59,59,59,20,20,48,46,25,32,32,37,37,37,27,57,19,86,100,100,100,93,87,87,87,87,97,97,97,104,104,111,111,14],"gold":93,"neow_bonus":"TWENTY_PERCENT_HP_BONUS","is_prod":false,"is_daily":false,"chose_seed":false,"campfire_upgraded":10,"win_rate":0,"timestamp":1550705668,"path_taken":["M","?","M","M","M","R","E","R","T","R","?","?","?","?","R","BOSS","M","?","?","?","?","R","M","E","T","R","M","R","$","M","R","BOSS","M","?","?","M","M","R","E","R","T","R","$","M","R","M","R","BOSS"],"build_version":"2019-01-23","purchased_purges":1,"victory":true,"max_hp_per_floor":[89,89,89,89,89,89,89,89,89,89,94,94,94,94,94,94,94,94,94,94,94,94,94,94,94,101,101,101,101,101,101,101,101,106,106,101,101,101,101,101,101,101,111,111,111,111,111,111,111,111],"card_choices":[{"not_picked":["Blizzard","Sweeping Beam"],"picked":"Gash","floor":1},{"not_picked":["Lockon","Storm"],"picked":"Go for the Eyes","floor":3},{"not_picked":["Beam Cell","Gash"],"picked":"Steam","floor":4},{"not_picked":["Reprogram","Rebound"],"picked":"Auto Shields","floor":5},{"not_picked":["Beam Cell","Leap"],"picked":"Rainbow","floor":7},{"not_picked":["Steam","Darkness"],"picked":"Beam Cell","floor":12},{"not_picked":["Static Discharge","Leap"],"picked":"Chaos","floor":13},{"not_picked":["Reboot","Core Surge"],"picked":"Biased Cognition","floor":16},{"not_picked":["Rebound","Rip and Tear"],"picked":"Skim","floor":18},{"not_picked":["Compile Driver","Streamline+1"],"picked":"Hologram","floor":21},{"not_picked":["Static Discharge+1","Leap"],"picked":"Loop","floor":24},{"not_picked":["Creative AI","Redo"],"picked":"Self Repair","floor":25},{"not_picked":["Melter","Aggregate"],"picked":"Skim+1","floor":28},{"not_picked":["Turbo","Lockon"],"picked":"Leap","floor":31},{"not_picked":["Rainbow","All For One"],"picked":"Buffer","floor":33},{"not_picked":["Recycle+1","Turbo"],"picked":"Redo+1","floor":34},{"not_picked":["Undo","Melter"],"picked":"Skim+1","floor":35},{"not_picked":["Conserve Battery","Genetic Algorithm+1"],"picked":"Barrage+1","floor":38},{"not_picked":["Go for the Eyes","Loop"],"picked":"Compile Driver+1","floor":39},{"not_picked":["Tempest","Gash"],"picked":"Scrape","floor":41},{"not_picked":["Gash+1","Sweeping Beam","Compile Driver"],"picked":"SKIP","floor":46},{"not_picked":["Heatsinks+1","Steam Power+1"],"picked":"Conserve Battery+1","floor":48}],"player_experience":435612,"relics_obtained":[{"floor":7,"key":"Orichalcum"},{"floor":9,"key":"Happy Flower"},{"floor":12,"key":"Odd Mushroom"},{"floor":21,"key":"Red Mask"},{"floor":25,"key":"Symbiotic Virus"},{"floor":26,"key":"Strawberry"},{"floor":41,"key":"Centennial Puzzle"},{"floor":43,"key":"Pear"}],"event_choices":[{"damage_healed":0,"gold_gain":0,"player_choice":"Donut","damage_taken":0,"max_hp_gain":5,"max_hp_loss":0,"event_name":"Big Fish","floor":11,"gold_loss":0},{"damage_healed":0,"gold_gain":0,"player_choice":"Fought Mushrooms","damage_taken":0,"max_hp_gain":0,"max_hp_loss":0,"event_name":"Mushrooms","floor":12,"gold_loss":0},{"damage_healed":0,"gold_gain":75,"player_choice":"Gather Gold","damage_taken":11,"max_hp_gain":0,"max_hp_loss":0,"event_name":"World of Goop","floor":14,"gold_loss":0},{"damage_healed":0,"gold_gain":0,"player_choice":"Ignored","damage_taken":0,"max_hp_gain":0,"max_hp_loss":0,"event_name":"Vampires","floor":19,"gold_loss":0},{"cards_removed":["Strike_B"],"damage_healed":0,"gold_gain":0,"player_choice":"Gave Gold","damage_taken":0,"max_hp_gain":0,"max_hp_loss":0,"event_name":"Beggar","floor":20,"gold_loss":75},{"damage_healed":0,"gold_gain":0,"player_choice":"Fought Bandits","damage_taken":0,"max_hp_gain":0,"max_hp_loss":0,"event_name":"Masked Bandits","floor":21,"gold_loss":0},{"damage_healed":0,"gold_gain":0,"player_choice":"Max HP","damage_taken":0,"max_hp_gain":0,"max_hp_loss":5,"event_name":"Winding Halls","floor":36,"gold_loss":0},{"cards_removed":["Strike_B"],"damage_healed":0,"gold_gain":0,"player_choice":"Removed Attack","damage_taken":0,"max_hp_gain":0,"max_hp_loss":0,"event_name":"Falling","floor":37,"gold_loss":0}],"is_beta":false,"boss_relics":[{"not_picked":["Velvet Choker","Cursed Key"],"picked":"Nuclear Battery"},{"not_picked":["Pandora\u0027s Box","Empty Cage"],"picked":"Tiny House"}],"items_purged_floors":[45],"is_endless":false,"potions_floor_spawned":[1,12,13,18,28,33,35,39,41],"ascension_level":11}