{"gold_per_floor":[111,129,147,19,19,46,46,71,71,90,108,126,126,138,138,212,212,227,227,227,244,16,16,48,60,60,79,112,112,112,124,124,196,196,215,48,48,66,78,113,130,80,80,92,124,137,137,164,164,164,164],"floor_reached":52,"playtime":4132,"items_purged":["Strike_G","Strike_G"],"score":2267,"play_id":"6d7b8aea-851e-4e0b-853b-7837aa8c4a48","local_time":"20190131015907","is_ascension_mode":true,"campfire_choices":[{"floor":7.0,"key":"REST"},{"floor":13.0,"key":"REST"},{"data":"Crippling Poison","floor":15.0,"key":"SMITH"},{"floor":23.0,"key":"REST"},{"floor":29.0,"key":"REST"},{"floor":32.0,"key":"RECALL"},{"floor":49.0,"key":"REST"}],"neow_cost":"TEN_PERCENT_HP_LOSS","seed_source_timestamp":0,"circlet_count":0,"master_deck":["AscendersBane","Defend_G+1","Defend_G+1","Defend_G+1","Defend_G+1","Defend_G+1","Strike_G+1","Strike_G+1","Strike_G+1","Survivor","Neutralize","Backflip","Poisoned Stab","Predator","Poisoned Stab","PiercingWail+1","Terror","Cloak And Dagger","Crippling Poison+1","Deflect","After Image","Endless Agony","Finisher","Footwork","Deflect+1","Backstab","Concentrate","Malaise","Blur+1","Well Laid Plans+1","A Thousand Cuts","Master of Strategy","Backstab","PiercingWail","Burst"],"special_seed":0,"relics":["Ring of the Snake","Bird Faced Urn","Ninja Scroll","Gremlin Horn","Question Card","Fusion Hammer","Dead Branch","Dodecahedron","Bottled Lightning","Thread and Needle","Busted Crown","PreservedInsect","Ancient Tea Set","Tough Bandages","Pantograph","Letter Opener"],"potions_floor_usage":[51,51],"damage_taken":[{"damage":6.0,"enemies":"Jaw Worm","floor":1.0,"turns":5.0},{"damage":2.0,"enemies":"2 Louse","floor":2.0,"turns":3.0},{"damage":1.0,"enemies":"Cultist","floor":3.0,"turns":3.0},{"damage":46.0,"enemies":"Gremlin Nob","floor":6.0,"turns":5.0},{"damage":15.0,"enemies":"Lagavulin","floor":8.0,"turns":7.0},{"damage":0.0,"enemies":"Looter","floor":10.0,"turns":2.0},{"damage":0.0,"enemies":"3 Louse","floor":11.0,"turns":4.0},{"damage":0.0,"enemies":"2 Fungi Beasts","floor":12.0,"turns":4.0},{"damage":0.0,"enemies":"Lots of Slimes","floor":14.0,"turns":2.0},{"damage":1.0,"enemies":"The Guardian","floor":16.0,"turns":13.0},{"damage":1.0,"enemies":"Spheric Guardian","floor":18.0,"turns":5.0},{"damage":0.0,"enemies":"3 Byrds","floor":21.0,"turns":3.0},{"damage":12.0,"enemies":"Slavers","floor":24.0,"turns":4.0},{"damage":6.0,"enemies":"Snake Plant","floor":25.0,"turns":4.0},{"damage":0.0,"enemies":"Centurion and Healer","floor":27.0,"turns":6.0},{"damage":9.0,"enemies":"Book of Stabbing","floor":28.0,"turns":7.0},{"damage":0.0,"enemies":"3 Cultists","floor":31.0,"turns":2.0},{"damage":12.0,"enemies":"Collector","floor":33.0,"turns":18.0},{"damage":0.0,"enemies":"3 Darklings","floor":35.0,"turns":4.0},{"damage":0.0,"enemies":"3 Shapes","floor":38.0,"turns":2.0},{"damage":0.0,"enemies":"3 Darklings","floor":39.0,"turns":3.0},{"damage":0.0,"enemies":"Nemesis","floor":40.0,"turns":5.0},{"damage":0.0,"enemies":"Jaw Worm Horde","floor":41.0,"turns":3.0},{"damage":0.0,"enemies":"Sphere and 2 Shapes","floor":44.0,"turns":3.0},{"damage":0.0,"enemies":"Giant Head","floor":45.0,"turns":3.0},{"damage":0.0,"enemies":"Writhing Mass","floor":46.0,"turns":11.0},{"damage":0.0,"enemies":"Nemesis","floor":48.0,"turns":5.0},{"damage":0,"enemies":"Awakened One","floor":50,"turns":18},{"damage":0,"enemies":"Donu and Deca","floor":51,"turns":11}],"seed_played":"3289463426798986679","potions_obtained":[{"floor":2.0,"key":"EssenceOfSteel"},{"floor":6.0,"key":"Weak Potion"},{"floor":11.0,"key":"Swift Potion"},{"floor":12.0,"key":"Dexterity Potion"},{"floor":21.0,"key":"LiquidBronze"},{"floor":24.0,"key":"Ancient Potion"},{"floor":38.0,"key":"Block Potion"},{"floor":45.0,"key":"PowerPotion"}],"is_trial":false,"path_per_floor":["M","M","M","$","?","E","R","E","T","M","M","M","R","M","R","B",null,"M","?","?","M","$","R","E","M","T","M","E","R","?","M","R","B",null,"M","$","?","M","M","E","M","?","T","M","E","M","?","E","R","B","B",null],"character_chosen":"THE_SILENT","items_purchased":["Poisoned Stab","Footwork","Deflect","PreservedInsect"],"campfire_rested":5,"item_purchase_floors":[4,22,22,36],"current_hp_per_floor":[53,51,50,50,55,9,28,13,13,13,13,13,32,32,32,31,57,58,58,58,62,62,65,53,47,47,53,48,65,65,65,65,55,63,65,65,65,65,65,65,65,65,65,65,65,65,62,62,62,62,62],"gold":164,"neow_bonus":"ONE_RARE_RELIC","is_prod":false,"is_daily":false,"chose_seed":false,"campfire_upgraded":1,"win_rate":0,"timestamp":1548896347,"path_taken":["M","M","M","$","?","E","R","E","T","M","M","M","R","M","R","BOSS","M","?","?","M","$","R","E","M","T","?","E","R","?","M","R","BOSS","M","$","?","M","M","E","M","?","T","M","E","?","?","E","R","BOSS","BOSS"],"build_version":"2019-01-23","purchased_purges":2,"victory":true,"max_hp_per_floor":[60,60,60,60,65,65,65,65,65,65,65,65,65,65,65,65,65,65,65,65,65,65,65,65,65,65,65,65,65,65,65,65,65,65,65,65,65,65,65,65,65,65,65,65,65,65,62,62,62,62,62],"card_choices":[{"not_picked":["Deflect","Dodge and Roll"],"picked":"Backflip","floor":1.0},{"not_picked":["Prepared","Deflect"],"picked":"Poisoned Stab","floor":2.0},{"not_picked":["Blade Dance","Setup"],"picked":"Predator","floor":3.0},{"not_picked":["Prepared","Caltrops"],"picked":"PiercingWail","floor":6.0},{"not_picked":["Eviscerate","Flying Knee"],"picked":"Terror","floor":8.0},{"not_picked":["Dodge and Roll","Dagger Throw","Outmaneuver"],"picked":"Cloak And Dagger","floor":10.0},{"not_picked":["Deflect","Choke","Dagger Spray"],"picked":"Crippling Poison","floor":11.0},{"not_picked":["Backstab","Bouncing Flask","Dash"],"picked":"Deflect","floor":12.0},{"not_picked":["Finisher","Heel Hook","Masterful Stab","Eviscerate"],"picked":"SKIP","floor":14.0},{"not_picked":["Bullet Time","Venomology","Doppelganger"],"picked":"After Image","floor":16.0},{"not_picked":["Sucker Punch","Slice","Underhanded Strike"],"picked":"Endless Agony","floor":18.0},{"not_picked":["Blade Dance","Prepared","Underhanded Strike+1"],"picked":"Finisher","floor":21.0},{"not_picked":["Underhanded Strike","Dodge and Roll","Blade Dance"],"picked":"Backstab","floor":24.0},{"not_picked":["Leg Sweep","Tactician+1","Prepared"],"picked":"Concentrate","floor":25.0},{"not_picked":["Underhanded Strike","Quick Slash","Blade Dance"],"picked":"Malaise","floor":27.0},{"not_picked":["Dagger Throw","Phantasmal Killer","Bane"],"picked":"Blur+1","floor":28.0},{"not_picked":["Prepared","Dagger Throw","Dagger Spray"],"picked":"Well Laid Plans+1","floor":31.0},{"not_picked":["Wraith Form v2","Unload","Adrenaline"],"picked":"A Thousand Cuts","floor":33.0},{"not_picked":["Accuracy+1","Backflip"],"picked":"SKIP","floor":35.0},{"not_picked":["Transmutation"],"picked":"Master of Strategy","floor":37.0},{"not_picked":["Flying Knee","Dodge and Roll"],"picked":"SKIP","floor":38.0},{"not_picked":["Quick Slash+1","Prepared"],"picked":"SKIP","floor":39.0},{"not_picked":["PiercingWail+1"],"picked":"Backstab","floor":40.0},{"not_picked":["Dash"],"picked":"PiercingWail","floor":41.0},{"not_picked":["Endless Agony"],"picked":"Burst","floor":44.0},{"not_picked":["Flying Knee","Expertise"],"picked":"SKIP","floor":45.0},{"not_picked":["Setup","Dodge and Roll+1"],"picked":"SKIP","floor":46.0},{"not_picked":["Bane","Die Die Die"],"picked":"SKIP","floor":48.0}],"player_experience":945578,"relics_obtained":[{"floor":6.0,"key":"Ninja Scroll"},{"floor":8.0,"key":"Gremlin Horn"},{"floor":9.0,"key":"Question Card"},{"floor":24.0,"key":"Dodecahedron"},{"floor":26.0,"key":"Bottled Lightning"},{"floor":28.0,"key":"Thread and Needle"},{"floor":40.0,"key":"Ancient Tea Set"},{"floor":43.0,"key":"Tough Bandages"},{"floor":45.0,"key":"Pantograph"},{"floor":48.0,"key":"Letter Opener"}],"event_choices":[{"damage_healed":0.0,"max_hp_gain":5.0,"max_hp_loss":0.0,"gold_gain":0.0,"event_name":"Big Fish","player_choice":"Donut","floor":5.0,"gold_loss":0.0,"damage_taken":0.0},{"damage_healed":0.0,"max_hp_gain":0.0,"max_hp_loss":0.0,"gold_gain":0.0,"event_name":"Ghosts","player_choice":"Ignored","floor":19.0,"gold_loss":0.0,"damage_taken":0.0},{"damage_healed":0.0,"max_hp_gain":0.0,"max_hp_loss":0.0,"gold_gain":0.0,"event_name":"WeMeetAgain","player_choice":"Gave Potion","floor":20.0,"gold_loss":0.0,"damage_taken":0.0,"relics_obtained":["Dead Branch"]},{"damage_healed":0.0,"max_hp_gain":0.0,"max_hp_loss":0.0,"gold_gain":0.0,"event_name":"Back to Basics","player_choice":"Simplicity","floor":30.0,"gold_loss":0.0,"damage_taken":0.0,"cards_upgraded":["Defend_G","Defend_G","Defend_G","Defend_G","Defend_G","Strike_G","Strike_G","Strike_G"]},{"damage_healed":0.0,"max_hp_gain":0.0,"max_hp_loss":0.0,"gold_gain":0.0,"event_name":"SensoryStone","player_choice":"Memory 1","floor":37.0,"gold_loss":0.0,"damage_taken":0.0},{"damage_healed":0.0,"max_hp_gain":0.0,"max_hp_loss":0.0,"gold_gain":0.0,"event_name":"Designer","player_choice":"Upgraded Two","floor":42.0,"gold_loss":50.0,"damage_taken":0.0,"cards_upgraded":["PiercingWail","Deflect"]},{"damage_healed":0.0,"max_hp_gain":0.0,"max_hp_loss":3.0,"gold_gain":0.0,"event_name":"Winding Halls","player_choice":"Max HP","floor":47.0,"gold_loss":0.0,"damage_taken":0.0}],"is_beta":false,"boss_relics":[{"not_picked":["Ectoplasm","Calling Bell"],"picked":"Fusion Hammer"},{"not_picked":["White Beast Statue","Philosopher\u0027s Stone"],"picked":"Busted Crown"}],"items_purged_floors":[4,22],"is_endless":false,"potions_floor_spawned":[2,6,11,12,21,24,25,38,40,44,45,48],"ascension_level":20}