{"gold_per_floor":[113,132,132,57,78,78,142,142,169,169,19,19,63,81,81,81],"floor_reached":16,"playtime":493,"items_purged":[],"score":189,"play_id":"265ce53a-2431-4f4c-a7ce-198608eb2bc1","local_time":"20190113154516","is_ascension_mode":true,"campfire_choices":[{"data":"Shrug It Off","floor":6,"key":"SMITH"},{"floor":8,"key":"REST"},{"data":"Corruption","floor":10,"key":"SMITH"},{"floor":12,"key":"REST"},{"floor":15,"key":"REST"}],"neow_cost":"NONE","seed_source_timestamp":326278074982930,"circlet_count":0,"master_deck":["AscendersBane","Strike_R","Strike_R","Strike_R","Strike_R","Strike_R","Defend_R","Defend_R","Defend_R","Defend_R","Bash","Feel No Pain","Corruption+1","Shrug It Off+1","Clash","Shrug It Off","Flex"],"relics":["Burning Blood","NeowsBlessing","Golden Idol","Tiny Chest","Happy Flower","Lantern","Centennial Puzzle"],"potions_floor_usage":[7,16,16],"damage_taken":[{"damage":0,"enemies":"Cultist","floor":1,"turns":1},{"damage":0,"enemies":"2 Louse","floor":2,"turns":2},{"damage":0,"enemies":"Small Slimes","floor":5,"turns":1},{"damage":73,"enemies":"Lagavulin","floor":7,"turns":10},{"damage":51,"enemies":"Gremlin Nob","floor":13,"turns":6},{"damage":0,"enemies":"2 Fungi Beasts","floor":14,"turns":4},{"damage":35,"enemies":"Slime Boss","floor":16,"turns":8}],"seed_played":"4145987591982281557","potions_obtained":[{"floor":2,"key":"Poison Potion"},{"floor":7,"key":"Energy Potion"},{"floor":14,"key":"Energy Potion"}],"is_trial":false,"path_per_floor":["M","M","?","?","M","R","E","R","T","R","$","R","E","M","R","B"],"character_chosen":"IRONCLAD","items_purchased":["Lantern"],"campfire_rested":3,"item_purchase_floors":[11],"current_hp_per_floor":[74,75,75,75,75,75,8,30,30,30,30,52,7,13,35,0],"gold":81,"neow_bonus":"THREE_ENEMY_KILL","is_prod":false,"is_daily":false,"chose_seed":false,"campfire_upgraded":2,"win_rate":0,"timestamp":1547423116,"path_taken":["M","?","?","?","M","R","E","R","T","R","$","R","E","M","R","BOSS"],"build_version":"2019-01-10","purchased_purges":0,"victory":false,"max_hp_per_floor":[75,75,75,75,75,75,75,75,75,75,75,75,75,75,75,75],"card_choices":[{"not_picked":["Body Slam","Clash"],"picked":"Feel No Pain","floor":1},{"not_picked":["Warcry","True Grit"],"picked":"Corruption","floor":2},{"not_picked":["Hemokinesis","Sentinel"],"picked":"Shrug It Off","floor":5},{"not_picked":["Offering","Ghostly Armor"],"picked":"Clash","floor":7},{"not_picked":["True Grit","Barricade"],"picked":"Shrug It Off","floor":13},{"not_picked":["Infernal Blade","Battle Trance"],"picked":"Flex","floor":14}],"player_experience":473982,"relics_obtained":[{"floor":7,"key":"Tiny Chest"},{"floor":9,"key":"Happy Flower"},{"floor":13,"key":"Centennial Puzzle"}],"event_choices":[{"damage_healed":0,"gold_gain":0,"player_choice":"Take Wound","damage_taken":0,"relics_obtained":["Golden Idol"],"max_hp_gain":0,"max_hp_loss":0,"event_name":"Golden Idol","floor":3,"gold_loss":0,"cards_obtained":["Injury"]},{"cards_removed":["Injury"],"damage_healed":0,"gold_gain":0,"player_choice":"Card Removal","damage_taken":0,"max_hp_gain":0,"max_hp_loss":0,"event_name":"The Cleric","floor":4,"gold_loss":75}],"is_beta":false,"boss_relics":[],"items_purged_floors":[],"is_endless":false,"potions_floor_spawned":[2,7,14],"killed_by":"Slime Boss","ascension_level":15}