{"gold_per_floor":[111,386,127,142,155,155,170,202,202,6,6,18,18,34,34,113,113,123,123,137,137,151,151,167,167,192,192],"floor_reached":27,"playtime":783,"items_purged":["Regret","Decay"],"score":387,"play_id":"ab8ecbcf-3c83-4cf8-8c32-53d639e7a798","local_time":"20181031141105","is_ascension_mode":true,"campfire_choices":[{"data":"Defragment","floor":6,"key":"SMITH"},{"data":"Echo Form","floor":15,"key":"SMITH"},{"data":"Tempest","floor":23,"key":"SMITH"},{"data":"Lockon","floor":25,"key":"SMITH"}],"neow_cost":"CURSE","seed_source_timestamp":351641681562460,"circlet_count":0,"master_deck":["Strike_B","Strike_B","Strike_B","Defend_B","Defend_B","Defend_B","Defend_B","Zap","Dualcast","AscendersBane","Echo Form+1","Auto Shields","Conserve Battery","Defragment+1","Tempest+1","Enlightenment","Steam","Leap","Reboot","Self Repair","Lockon+1","Steam"],"relics":["Cracked Core","PreservedInsect","Ornamental Fan","Mercury Hourglass","Sozu","Oddly Smooth Stone","Bag of Marbles"],"potions_floor_usage":[18,27],"damage_taken":[{"damage":1,"enemies":"Small Slimes","floor":1,"turns":4},{"damage":2,"enemies":"Cultist","floor":4,"turns":4},{"damage":8,"enemies":"Jaw Worm","floor":5,"turns":4},{"damage":8,"enemies":"Blue Slaver","floor":7,"turns":4},{"damage":5,"enemies":"Lagavulin","floor":8,"turns":6},{"damage":0,"enemies":"Exordium Thugs","floor":12,"turns":3},{"damage":4,"enemies":"Looter","floor":14,"turns":4},{"damage":48,"enemies":"Hexaghost","floor":16,"turns":10},{"damage":0,"enemies":"Spheric Guardian","floor":18,"turns":3},{"damage":2,"enemies":"Shell Parasite","floor":20,"turns":6},{"damage":11,"enemies":"Snake Plant","floor":22,"turns":4},{"damage":8,"enemies":"Centurion and Healer","floor":24,"turns":5},{"damage":57,"enemies":"Slavers","floor":27,"turns":3}],"seed_played":"3599196450309645064","potions_obtained":[{"floor":4,"key":"Strength Potion"},{"floor":5,"key":"FairyPotion"},{"floor":7,"key":"SteroidPotion"},{"floor":16,"key":"Fire Potion"}],"is_trial":false,"path_per_floor":["M","?","$","M","M","R","M","E","T","$","?","M","?","M","R","B",null,"M","?","M","?","M","R","M","R","T"],"character_chosen":"DEFECT","items_purchased":["PreservedInsect","Conserve Battery","Enlightenment"],"campfire_rested":0,"item_purchase_floors":[3,3,10],"current_hp_per_floor":[63,63,63,61,53,53,45,40,40,40,40,40,63,59,59,11,56,56,56,61,61,57,57,56,56,56,0],"gold":192,"neow_bonus":"THREE_RARE_CARDS","is_prod":false,"is_daily":false,"chose_seed":false,"campfire_upgraded":4,"win_rate":0,"timestamp":1540991465,"path_taken":["M","?","$","M","M","R","M","E","T","$","?","M","?","?","R","BOSS","M","?","?","?","M","R","M","R","T","E"],"build_version":"2018-10-25v2","purchased_purges":2,"victory":false,"max_hp_per_floor":[71,71,71,71,71,71,71,71,71,71,71,71,71,71,71,71,71,71,71,71,71,71,71,71,71,71,71],"card_choices":[{"not_picked":["Meteor Strike","Thunder Strike"],"picked":"Echo Form","floor":0},{"not_picked":["Coolheaded","Sweeping Beam"],"picked":"Auto Shields","floor":1},{"not_picked":["Conserve Battery","Steam"],"picked":"Defragment","floor":4},{"not_picked":["Static Discharge","Heatsinks","Barrage"],"picked":"SKIP","floor":5},{"not_picked":["Go for the Eyes","Gash"],"picked":"Tempest","floor":7},{"not_picked":["Gash","Turbo","Rebound"],"picked":"SKIP","floor":8},{"not_picked":["Rebound","Streamline"],"picked":"Steam","floor":12},{"not_picked":["Fusion","Amplify"],"picked":"Leap","floor":14},{"not_picked":["Amplify","Fission"],"picked":"Reboot","floor":16},{"not_picked":["Chill+1","Genetic Algorithm"],"picked":"Self Repair","floor":18},{"not_picked":["Leap+1","Go for the Eyes"],"picked":"Lockon","floor":20},{"not_picked":["Gash","Lockon"],"picked":"Steam","floor":22},{"not_picked":["Chaos","Hologram","Compile Driver"],"picked":"SKIP","floor":24}],"player_experience":609323,"relics_obtained":[{"floor":8,"key":"Ornamental Fan"},{"floor":9,"key":"Mercury Hourglass"},{"floor":19,"key":"Oddly Smooth Stone"},{"floor":26,"key":"Bag of Marbles"}],"event_choices":[{"damage_healed":0,"gold_gain":275,"player_choice":"Desecrate","damage_taken":0,"max_hp_gain":0,"max_hp_loss":0,"event_name":"Golden Shrine","floor":2,"gold_loss":0,"cards_obtained":["Regret"]},{"cards_removed":["Strike_B"],"damage_healed":0,"gold_gain":0,"player_choice":"Forget","damage_taken":0,"max_hp_gain":0,"max_hp_loss":0,"event_name":"Living Wall","floor":11,"gold_loss":0},{"damage_healed":23,"gold_gain":0,"player_choice":"Banana","damage_taken":0,"max_hp_gain":0,"max_hp_loss":0,"event_name":"Big Fish","floor":13,"gold_loss":0},{"damage_healed":0,"gold_gain":0,"player_choice":"Relic","damage_taken":0,"max_hp_gain":0,"max_hp_loss":0,"event_name":"Wheel of Change","floor":19,"gold_loss":0},{"damage_healed":0,"gold_gain":0,"player_choice":"Ignored","damage_taken":0,"max_hp_gain":0,"max_hp_loss":0,"event_name":"Ghosts","floor":21,"gold_loss":0}],"is_beta":false,"boss_relics":[{"not_picked":["Inserter","Orrery"],"picked":"Sozu"}],"items_purged_floors":[3,10],"is_endless":false,"potions_floor_spawned":[4,5,7,16,20,24],"killed_by":"Slavers","ascension_level":16}