{"gold_per_floor":[361,387,9,21,33,61,61,93,119,119,183,211,211,21,21,97,97,110,110,127,127],"floor_reached":21,"playtime":1542,"items_purged":[],"score":341,"play_id":"452d3b60-e057-4dc5-8c7f-54b0c63ab2e0","local_time":"20190118173454","is_ascension_mode":true,"campfire_choices":[{"data":"Shrug It Off","floor":7,"key":"SMITH"},{"data":"Uppercut","floor":10,"key":"SMITH"},{"data":"Dual Wield","floor":15,"key":"SMITH"}],"neow_cost":"PERCENT_DAMAGE","seed_source_timestamp":763833033553557,"circlet_count":0,"master_deck":["AscendersBane","Strike_R","Strike_R","Strike_R","Strike_R","Strike_R","Defend_R","Defend_R","Defend_R","Defend_R","Bash","Shrug It Off+1","Uppercut+1","Impervious","Pommel Strike","Headbutt","Anger","Offering","Shrug It Off","Dual Wield+1","Barricade+1","Parasite","Writhe","Rage","Writhe","Battle Trance"],"relics":["Burning Blood","Vajra","Red Skull","Ginger","Smiling Mask","Omamori","Frozen Egg 2","Potion Belt","Lee\u0027s Waffle","Calling Bell","Ancient Tea Set","Letter Opener","FossilizedHelix","Oddly Smooth Stone"],"potions_floor_usage":[6,11,12,20],"damage_taken":[{"damage":6,"enemies":"Cultist","floor":1,"turns":4},{"damage":5,"enemies":"2 Louse","floor":4,"turns":2},{"damage":4,"enemies":"Small Slimes","floor":5,"turns":3},{"damage":12,"enemies":"3 Sentries","floor":6,"turns":8},{"damage":19,"enemies":"Lagavulin","floor":8,"turns":5},{"damage":22,"enemies":"Lagavulin Event","floor":11,"turns":4},{"damage":15,"enemies":"3 Sentries","floor":12,"turns":7},{"damage":50,"enemies":"The Guardian","floor":16,"turns":16},{"damage":34,"enemies":"Shell Parasite","floor":18,"turns":9},{"damage":27,"enemies":"3 Byrds","floor":20,"turns":6},{"damage":42,"enemies":"Cultist and Chosen","floor":21,"turns":4}],"seed_played":"-8733037501713928101","potions_obtained":[{"floor":5,"key":"Block Potion"},{"floor":6,"key":"LiquidBronze"},{"floor":8,"key":"Poison Potion"},{"floor":18,"key":"BloodPotion"}],"is_trial":false,"path_per_floor":["M","T","$","M","M","E","R","E","T","R","?","E","?","$","R","B",null,"M","?","M","M"],"character_chosen":"IRONCLAD","items_purchased":["Red Skull","Uppercut","Impervious","Lee\u0027s Waffle"],"campfire_rested":0,"item_purchase_floors":[3,3,3,14],"current_hp_per_floor":[50,50,50,51,53,47,47,34,34,34,18,9,27,82,82,38,71,43,43,30,0],"gold":127,"neow_bonus":"TWO_FIFTY_GOLD","is_prod":false,"is_daily":false,"chose_seed":false,"campfire_upgraded":3,"win_rate":0,"timestamp":1547861694,"path_taken":["M","?","$","M","?","E","R","E","T","R","?","E","?","?","R","BOSS","M","?","M","M"],"build_version":"2019-01-17v2","purchased_purges":0,"victory":false,"max_hp_per_floor":[75,75,75,75,75,75,75,75,75,75,75,75,75,82,82,82,82,82,82,82,82],"card_choices":[{"not_picked":["Thunderclap","Hemokinesis"],"picked":"Shrug It Off","floor":1},{"not_picked":["Shrug It Off","Warcry"],"picked":"Pommel Strike","floor":4},{"not_picked":["Perfected Strike","Clash"],"picked":"Headbutt","floor":5},{"not_picked":["Inflame","Metallicize"],"picked":"Anger","floor":6},{"not_picked":["Rampage","Havoc"],"picked":"Offering","floor":8},{"not_picked":["Heavy Blade","Wild Strike"],"picked":"Shrug It Off","floor":11},{"not_picked":["Infernal Blade","Warcry"],"picked":"Dual Wield","floor":12},{"not_picked":["Exhume","Double Tap"],"picked":"Barricade+1","floor":16},{"not_picked":["Perfected Strike","Headbutt"],"picked":"Rage","floor":18},{"not_picked":["Wild Strike","Flex"],"picked":"Battle Trance","floor":20}],"player_experience":488568,"relics_obtained":[{"floor":2,"key":"Vajra"},{"floor":6,"key":"Ginger"},{"floor":8,"key":"Smiling Mask"},{"floor":9,"key":"Omamori"},{"floor":11,"key":"Frozen Egg 2"},{"floor":12,"key":"Potion Belt"},{"floor":17,"key":"Ancient Tea Set"},{"floor":17,"key":"Letter Opener"},{"floor":17,"key":"FossilizedHelix"}],"event_choices":[{"damage_healed":0,"gold_gain":0,"player_choice":"Searched \u00271\u0027 times","damage_taken":0,"max_hp_gain":0,"max_hp_loss":0,"event_name":"Dead Adventurer","floor":11,"gold_loss":0},{"damage_healed":18,"gold_gain":0,"player_choice":"Healed and dodged fight","damage_taken":0,"max_hp_gain":0,"max_hp_loss":0,"event_name":"Mushrooms","floor":13,"gold_loss":0,"cards_obtained":["Parasite"]},{"damage_healed":0,"gold_gain":0,"player_choice":"Opened","damage_taken":0,"relics_obtained":["Oddly Smooth Stone"],"max_hp_gain":0,"max_hp_loss":0,"event_name":"The Mausoleum","floor":19,"gold_loss":0,"cards_obtained":["Writhe"]}],"is_beta":false,"boss_relics":[{"not_picked":["Orrery","Empty Cage"],"picked":"Calling Bell"}],"items_purged_floors":[],"is_endless":false,"potions_floor_spawned":[5,6,8,18],"killed_by":"Cultist and Chosen","ascension_level":15}