{"gold_per_floor":[115,115,44,57,19,57,81,116,116,141,155,176,197,237,237,367,367,383,398,398,398,416,416,341,341,365,409,429,203,203,224,224,224],"floor_reached":33,"playtime":2356,"items_purged":["Strike_R"],"score":433,"play_id":"b0cee3de-9700-465d-a1a2-02afca06ef95","local_time":"20190128164611","is_ascension_mode":true,"campfire_choices":[{"floor":15.0,"key":"REST"},{"data":"Shockwave","floor":23.0,"key":"SMITH"},{"data":"Pommel Strike","floor":25.0,"key":"SMITH"},{"floor":32,"key":"REST"}],"neow_cost":"NONE","seed_source_timestamp":0,"circlet_count":0,"master_deck":["Strike_R","Strike_R","Strike_R","Defend_R","Defend_R","Defend_R","Defend_R","Bash","Flex","Offering","Cleave+1","Whirlwind","Clash+1","Shockwave+1","Spot Weakness","Pommel Strike+1","Metallicize","Immolate","Bloodletting+1","Iron Wave","Armaments+1","Inflame"],"special_seed":0,"relics":["Burning Blood","NeowsBlessing","Golden Idol","Self Forming Clay","Strawberry","Matryoshka","Toxic Egg 2","Eternal Feather","Kunai","Champion Belt","Pear","Potion Belt","Whetstone"],"potions_floor_usage":[31,33,33],"damage_taken":[{"damage":0.0,"enemies":"Jaw Worm","floor":1.0,"turns":1.0},{"damage":0.0,"enemies":"2 Louse","floor":4.0,"turns":1.0},{"damage":0.0,"enemies":"Gremlin Nob","floor":6.0,"turns":1.0},{"damage":7.0,"enemies":"Small Slimes","floor":7.0,"turns":2.0},{"damage":27.0,"enemies":"Lagavulin","floor":8.0,"turns":6.0},{"damage":10.0,"enemies":"Blue Slaver","floor":10.0,"turns":3.0},{"damage":0.0,"enemies":"2 Fungi Beasts","floor":11.0,"turns":2.0},{"damage":8.0,"enemies":"3 Louse","floor":12.0,"turns":3.0},{"damage":16.0,"enemies":"Blue Slaver","floor":13.0,"turns":3.0},{"damage":10.0,"enemies":"Gremlin Nob","floor":14.0,"turns":3.0},{"damage":35.0,"enemies":"The Guardian","floor":16.0,"turns":8.0},{"damage":10.0,"enemies":"Shell Parasite","floor":18.0,"turns":5.0},{"damage":19.0,"enemies":"Spheric Guardian","floor":19.0,"turns":4.0},{"damage":13.0,"enemies":"Snecko","floor":22.0,"turns":5.0},{"damage":62.0,"enemies":"Gremlin Leader","floor":27.0,"turns":7.0},{"damage":17.0,"enemies":"Shelled Parasite and Fungi","floor":28.0,"turns":3.0},{"damage":9,"enemies":"3 Cultists","floor":31,"turns":4},{"damage":65,"enemies":"Collector","floor":33,"turns":9}],"seed_played":"-5484562301928219652","potions_obtained":[{"floor":1.0,"key":"LiquidBronze"},{"floor":6.0,"key":"Strength Potion"},{"floor":10.0,"key":"Weak Potion"},{"floor":11.0,"key":"Dexterity Potion"},{"floor":22.0,"key":"Ancient Potion"},{"floor":27.0,"key":"Explosive Potion"},{"floor":31,"key":"AttackPotion"}],"is_trial":false,"path_per_floor":["?","?","T","?","?","M"],"character_chosen":"IRONCLAD","items_purchased":["Offering","Whirlwind","Inflame","BloodPotion"],"campfire_rested":2,"item_purchase_floors":[3,5,29,29],"current_hp_per_floor":[78,58,58,64,64,70,69,55,55,51,57,55,45,41,67,38,75,71,58,58,58,51,63,63,75,85,29,18,18,18,15,56,0],"gold":224,"neow_bonus":"THREE_ENEMY_KILL","is_prod":false,"is_daily":false,"chose_seed":false,"campfire_upgraded":2,"win_rate":0,"timestamp":1548665171,"path_taken":["M","?","$","M","$","E","M","E","T","M","M","M","M","E","R","BOSS","M","M","?","?","M","R","?","R","T","E","M","$","?","?","R","BOSS"],"build_version":"2019-01-23","purchased_purges":1,"victory":false,"max_hp_per_floor":[80,80,80,80,80,80,80,87,87,87,87,87,87,87,87,87,87,87,87,87,87,87,87,87,87,97,97,97,97,97,97,97,97],"card_choices":[{"not_picked":["Flame Barrier","Perfected Strike"],"picked":"Flex","floor":1.0},{"not_picked":["Sever Soul","Pummel"],"picked":"Cleave","floor":4.0},{"not_picked":["Fire Breathing","Flex"],"picked":"Clash","floor":6.0},{"not_picked":["Wild Strike","True Grit"],"picked":"Shockwave","floor":7.0},{"not_picked":["Barricade","Wild Strike","Perfected Strike"],"picked":"SKIP","floor":8.0},{"not_picked":["Warcry","Anger"],"picked":"Spot Weakness","floor":10.0},{"not_picked":["Rage","Blood for Blood"],"picked":"Pommel Strike","floor":11.0},{"not_picked":["Spot Weakness","Body Slam"],"picked":"Metallicize","floor":12.0},{"not_picked":["True Grit","Wild Strike","Evolve"],"picked":"SKIP","floor":13.0},{"not_picked":["Exhume","Disarm","Clothesline"],"picked":"SKIP","floor":14.0},{"not_picked":["Impervious+1","Feed"],"picked":"Immolate","floor":16.0},{"not_picked":["Body Slam","Flame Barrier+1"],"picked":"Bloodletting+1","floor":18.0},{"not_picked":["Heavy Blade+1","Clothesline"],"picked":"Iron Wave","floor":19.0},{"not_picked":["Uppercut","Sword Boomerang","Clothesline"],"picked":"SKIP","floor":22.0},{"not_picked":["Iron Wave","Heavy Blade+1","Carnage"],"picked":"SKIP","floor":27.0},{"not_picked":["Sever Soul+1","Shockwave+1"],"picked":"Armaments+1","floor":28.0},{"not_picked":["Iron Wave","True Grit+1","Headbutt+1"],"picked":"SKIP","floor":31}],"player_experience":85327,"relics_obtained":[{"floor":6.0,"key":"Self Forming Clay"},{"floor":8.0,"key":"Strawberry"},{"floor":9.0,"key":"Matryoshka"},{"floor":14.0,"key":"Toxic Egg 2"},{"floor":21.0,"key":"Kunai"},{"floor":21.0,"key":"Champion Belt"},{"floor":26.0,"key":"Pear"},{"floor":26.0,"key":"Potion Belt"},{"floor":27.0,"key":"Whetstone"}],"event_choices":[{"damage_healed":0.0,"max_hp_gain":0.0,"max_hp_loss":0.0,"gold_gain":0.0,"event_name":"Golden Idol","player_choice":"Take Damage","floor":2.0,"gold_loss":0.0,"damage_taken":20.0,"relics_obtained":["Golden Idol"]},{"damage_healed":0.0,"max_hp_gain":0.0,"max_hp_loss":0.0,"gold_gain":0.0,"event_name":"Ghosts","player_choice":"Ignored","floor":20.0,"gold_loss":0.0,"damage_taken":0.0},{"cards_removed":["Strike_R"],"damage_healed":0.0,"max_hp_gain":0.0,"max_hp_loss":0.0,"gold_gain":0.0,"event_name":"Beggar","player_choice":"Gave Gold","floor":24.0,"gold_loss":75.0,"damage_taken":0.0},{"damage_healed":0.0,"max_hp_gain":0.0,"max_hp_loss":0.0,"gold_gain":0.0,"event_name":"Vampires","player_choice":"Ignored","floor":30.0,"gold_loss":0.0,"damage_taken":0.0}],"is_beta":false,"boss_relics":[{"not_picked":["Calling Bell","Coffee Dripper"],"picked":"Eternal Feather"}],"items_purged_floors":[29],"is_endless":false,"potions_floor_spawned":[1,6,10,11,13,22,27,31],"killed_by":"Collector","ascension_level":6}