{"gold_per_floor":[111,111,128,139,47,47,47,47,124,124,49,49,49,69,69,147,147,158,158,5,16,16,16,26,26,56,70,85,104,104,116,116,116],"floor_reached":33,"playtime":1098,"items_purged":[],"score":415,"play_id":"db6022b5-ef94-4d92-8c52-3eb140e41e9c","local_time":"20190213200707","is_ascension_mode":true,"campfire_choices":[{"data":"Jack Of All Trades","floor":6,"key":"SMITH"},{"data":"Body Slam","floor":8,"key":"SMITH"},{"data":"Shrug It Off","floor":10,"key":"SMITH"},{"floor":15,"key":"REST"},{"floor":23,"key":"REST"},{"floor":25,"key":"REST"},{"floor":32,"key":"REST"}],"neow_cost":"PERCENT_DAMAGE","seed_source_timestamp":78312195375284,"circlet_count":0,"master_deck":["AscendersBane","Defend_R","Defend_R","Bash","Shrug It Off+1","Twin Strike","Body Slam+1","Jack Of All Trades+1","Evolve+1","Juggernaut+1","Inflame+1","Flame Barrier+1","Double Tap","Flame Barrier+1"],"relics":["Burning Blood","Frozen Egg 2","Empty Cage","Bag of Marbles","Tiny Chest"],"potions_floor_usage":[33],"damage_taken":[{"damage":7,"enemies":"Small Slimes","floor":1,"turns":5},{"damage":8,"enemies":"Cultist","floor":3,"turns":4},{"damage":7,"enemies":"Jaw Worm","floor":4,"turns":3},{"damage":0,"enemies":"Large Slime","floor":14,"turns":2},{"damage":35,"enemies":"The Guardian","floor":16,"turns":9},{"damage":19,"enemies":"Spheric Guardian","floor":18,"turns":5},{"damage":26,"enemies":"2 Thieves","floor":21,"turns":4},{"damage":36,"enemies":"Shelled Parasite and Fungi","floor":24,"turns":5},{"damage":20,"enemies":"Centurion and Healer","floor":27,"turns":7},{"damage":27,"enemies":"Snake Plant","floor":28,"turns":4},{"damage":0,"enemies":"3 Cultists","floor":29,"turns":4},{"damage":21,"enemies":"Shelled Parasite and Fungi","floor":31,"turns":4},{"damage":91,"enemies":"Collector","floor":33,"turns":7}],"seed_played":"4680121716296462225","potions_obtained":[{"floor":14,"key":"Ancient Potion"},{"floor":16,"key":"EssenceOfSteel"}],"is_trial":false,"path_per_floor":["M","?","M","M","$","R","$","R","T","R","?","$","?","M","R","B",null,"M","?","$","M","?","R","M","R","T","M","M","M","?","M","R","B"],"character_chosen":"IRONCLAD","items_purchased":["Jack Of All Trades","Bag of Marbles"],"campfire_rested":4,"item_purchase_floors":[5,20],"current_hp_per_floor":[63,63,61,60,60,60,60,60,60,60,60,60,60,66,89,60,82,69,69,69,49,49,75,45,71,71,57,36,42,60,45,71,0],"gold":116,"neow_bonus":"TWENTY_PERCENT_HP_BONUS","is_prod":false,"is_daily":false,"chose_seed":false,"campfire_upgraded":3,"win_rate":0,"timestamp":1550106427,"path_taken":["M","?","?","M","$","R","?","R","T","R","?","?","?","?","R","BOSS","M","?","$","M","?","R","?","R","T","M","M","?","?","M","R","BOSS"],"build_version":"2019-02-06","purchased_purges":0,"victory":false,"max_hp_per_floor":[89,89,89,89,89,89,89,89,89,89,89,89,89,89,89,89,89,89,89,89,89,89,89,89,89,89,89,89,89,89,89,89,89],"card_choices":[{"not_picked":["Clothesline","Iron Wave"],"picked":"Shrug It Off","floor":1},{"not_picked":["Feel No Pain","Sword Boomerang"],"picked":"Twin Strike","floor":3},{"not_picked":["Sever Soul","Thunderclap"],"picked":"Body Slam","floor":4},{"not_picked":["Body Slam","True Grit"],"picked":"Evolve+1","floor":14},{"not_picked":["Exhume","Offering"],"picked":"Juggernaut+1","floor":16},{"not_picked":["Flex","Bloodletting"],"picked":"Inflame+1","floor":18},{"not_picked":["Flex","Twin Strike","Hemokinesis"],"picked":"SKIP","floor":21},{"not_picked":["Clash","Wild Strike","True Grit"],"picked":"SKIP","floor":24},{"not_picked":["Body Slam","Fire Breathing+1","Perfected Strike"],"picked":"SKIP","floor":27},{"not_picked":["Intimidate","Cleave"],"picked":"Flame Barrier+1","floor":28},{"not_picked":["Infernal Blade","Twin Strike"],"picked":"Double Tap","floor":29},{"not_picked":["Shrug It Off","Body Slam"],"picked":"Flame Barrier+1","floor":31}],"player_experience":596930,"relics_obtained":[{"floor":9,"key":"Frozen Egg 2"},{"floor":26,"key":"Tiny Chest"}],"event_choices":[{"cards_removed":["Defend_R"],"damage_healed":0,"gold_gain":0,"player_choice":"Purged","damage_taken":0,"max_hp_gain":0,"max_hp_loss":0,"event_name":"Purifier","floor":2,"gold_loss":0},{"cards_removed":["Strike_R"],"damage_healed":0,"gold_gain":0,"player_choice":"Card Removal","damage_taken":0,"max_hp_gain":0,"max_hp_loss":0,"event_name":"The Cleric","floor":11,"gold_loss":75},{"cards_removed":["Strike_R"],"damage_healed":0,"gold_gain":0,"player_choice":"Offered Basic","damage_taken":0,"max_hp_gain":0,"max_hp_loss":0,"event_name":"Bonfire Elementals","floor":13,"gold_loss":0},{"cards_removed":["Strike_R"],"damage_healed":0,"gold_gain":0,"player_choice":"Elegance","damage_taken":0,"max_hp_gain":0,"max_hp_loss":0,"event_name":"Back to Basics","floor":19,"gold_loss":0},{"cards_removed":["Strike_R"],"damage_healed":0,"gold_gain":0,"player_choice":"Purged","damage_taken":0,"max_hp_gain":0,"max_hp_loss":0,"event_name":"Purifier","floor":22,"gold_loss":0},{"damage_healed":18,"gold_gain":0,"player_choice":"Heal","damage_taken":0,"max_hp_gain":0,"max_hp_loss":0,"event_name":"The Library","floor":30,"gold_loss":0}],"is_beta":true,"boss_relics":[{"not_picked":["Coffee Dripper","Ectoplasm"],"picked":"Empty Cage"}],"items_purged_floors":[],"is_endless":false,"potions_floor_spawned":[14,16,18,29],"killed_by":"Collector","ascension_level":15}