{"gold_per_floor":[116,134,84,159,159,188,188,205,205,205,232,232,246,275,275,275],"floor_reached":16,"playtime":678,"items_purged":[],"score":165,"play_id":"44f0c14d-6357-487d-8a3e-70fd7d8b34fa","local_time":"20190222172648","is_ascension_mode":true,"campfire_choices":[{"floor":7,"key":"REST"},{"data":"Rampage","floor":10,"key":"SMITH"},{"floor":12,"key":"REST"},{"data":"Double Tap","floor":15,"key":"SMITH"}],"neow_cost":"TEN_PERCENT_HP_LOSS","seed_source_timestamp":530522984147121,"circlet_count":0,"master_deck":["Strike_R","Strike_R","Strike_R","Strike_R","Defend_R","Defend_R","Defend_R","Bash","Intimidate","Rampage+1","Shrug It Off","Shrug It Off","Double Tap+1"],"relics":["Burning Blood","Torii","Sundial","Molten Egg 2","Boot","Potion Belt"],"potions_floor_usage":[14,16,16],"damage_taken":[{"damage":2,"enemies":"2 Louse","floor":1,"turns":3},{"damage":2,"enemies":"Jaw Worm","floor":2,"turns":5},{"damage":45,"enemies":"Gremlin Nob","floor":6,"turns":5},{"damage":1,"enemies":"Small Slimes","floor":8,"turns":3},{"damage":18,"enemies":"3 Sentries","floor":11,"turns":12},{"damage":1,"enemies":"2 Fungi Beasts","floor":13,"turns":3},{"damage":19,"enemies":"Lagavulin","floor":14,"turns":7},{"damage":52,"enemies":"Hexaghost","floor":16,"turns":14}],"seed_played":"-76964228053326895","potions_obtained":[{"floor":6,"key":"BloodPotion"},{"floor":11,"key":"AttackPotion"},{"floor":14,"key":"PowerPotion"}],"is_trial":false,"path_per_floor":["M","M","?","?","?","E","R","M","T","R","E","R","M","E","R","B"],"character_chosen":"IRONCLAD","items_purchased":[],"campfire_rested":2,"item_purchase_floors":[],"current_hp_per_floor":[72,72,72,61,54,15,36,41,41,41,29,50,55,42,42,0],"gold":275,"neow_bonus":"ONE_RARE_RELIC","is_prod":false,"is_daily":false,"chose_seed":false,"campfire_upgraded":2,"win_rate":0,"timestamp":1550852808,"path_taken":["M","M","?","?","?","E","R","M","T","R","E","R","M","E","R","BOSS"],"build_version":"2019-01-23","purchased_purges":0,"victory":false,"max_hp_per_floor":[72,72,72,72,72,72,72,72,72,72,72,72,72,72,72,72],"card_choices":[{"not_picked":["True Grit","Anger"],"picked":"Intimidate","floor":1},{"not_picked":["Flex","Sword Boomerang","Reckless Charge"],"picked":"SKIP","floor":2},{"not_picked":["Sword Boomerang","Burning Pact"],"picked":"Rampage","floor":6},{"not_picked":["Wild Strike","Ghostly Armor"],"picked":"Shrug It Off","floor":8},{"not_picked":["Intimidate","Battle Trance"],"picked":"Shrug It Off","floor":11},{"not_picked":["Sword Boomerang+1","Perfected Strike+1","Havoc"],"picked":"SKIP","floor":13},{"not_picked":["Wild Strike+1","Thunderclap+1"],"picked":"Double Tap","floor":14}],"player_experience":446758,"relics_obtained":[{"floor":6,"key":"Sundial"},{"floor":9,"key":"Molten Egg 2"},{"floor":11,"key":"Boot"},{"floor":14,"key":"Potion Belt"}],"event_choices":[{"cards_removed":["Defend_R"],"damage_healed":0,"gold_gain":0,"player_choice":"Card Removal","damage_taken":0,"max_hp_gain":0,"max_hp_loss":0,"event_name":"The Cleric","floor":3,"gold_loss":50},{"damage_healed":0,"gold_gain":75,"player_choice":"Gather Gold","damage_taken":11,"max_hp_gain":0,"max_hp_loss":0,"event_name":"World of Goop","floor":4,"gold_loss":0},{"cards_removed":["Strike_R"],"damage_healed":0,"gold_gain":0,"player_choice":"Card Removal","damage_taken":7,"max_hp_gain":0,"max_hp_loss":0,"event_name":"Golden Wing","floor":5,"gold_loss":0}],"is_beta":false,"boss_relics":[],"items_purged_floors":[],"is_endless":false,"potions_floor_spawned":[6,11,14],"killed_by":"Hexaghost","ascension_level":8}