{"gold_per_floor":[114,164,175,195,214,214,214,214,238,298,298,329,329,343,343,417,417,436,426,12,12,12,37,37,47,47,47,63,63,88,107,107,186,186,205,205,255,270,270,270,296,296],"floor_reached":42,"playtime":2271,"items_purged":["Parasite"],"score":853,"play_id":"81ca1291-b257-4512-853d-1591b0ea9ea6","local_time":"20190224223332","is_ascension_mode":true,"campfire_choices":[{"floor":6,"key":"REST"},{"data":"Whirlwind","floor":8,"key":"SMITH"},{"data":"Flame Barrier","floor":15,"key":"SMITH"},{"data":"Double Tap","floor":24,"key":"SMITH"},{"data":"True Grit","floor":29,"key":"SMITH"},{"floor":32,"key":"REST"},{"data":"Seeing Red","floor":40,"key":"SMITH"}],"neow_cost":"NONE","seed_source_timestamp":649650719154869,"circlet_count":0,"master_deck":["AscendersBane","Strike_R","Strike_R","Strike_R","Strike_R","Strike_R","Defend_R","Defend_R","Defend_R","Defend_R","Bash","Whirlwind+1","Burning Pact","Inflame","Shrug It Off","Flame Barrier+1","Double Tap+1","Warcry","Decay","Battle Trance","Shockwave","True Grit+1","Seeing Red+1","Impervious","Metallicize"],"relics":["Burning Blood","Bag of Preparation","Tiny Chest","Gremlin Horn","Pen Nib","Snecko Eye","Orichalcum","Happy Flower","PreservedInsect","Vajra","Regal Pillow","Lizard Tail","Lantern","Boot"],"potions_floor_usage":[10,16,23,33,41,42,42],"damage_taken":[{"damage":18,"enemies":"Jaw Worm","floor":1,"turns":4},{"damage":11,"enemies":"Cultist","floor":3,"turns":4},{"damage":15,"enemies":"Small Slimes","floor":4,"turns":3},{"damage":18,"enemies":"3 Louse","floor":5,"turns":3},{"damage":20,"enemies":"Gremlin Nob","floor":10,"turns":4},{"damage":22,"enemies":"3 Sentries","floor":12,"turns":3},{"damage":12,"enemies":"Gremlin Gang","floor":14,"turns":2},{"damage":72,"enemies":"The Guardian","floor":16,"turns":20},{"damage":0,"enemies":"3 Byrds","floor":18,"turns":2},{"damage":20,"enemies":"2 Thieves","floor":19,"turns":4},{"damage":11,"enemies":"Gremlin Leader","floor":23,"turns":3},{"damage":9,"enemies":"Snecko","floor":25,"turns":4},{"damage":15,"enemies":"Snake Plant","floor":28,"turns":4},{"damage":19,"enemies":"Book of Stabbing","floor":30,"turns":4},{"damage":13,"enemies":"Chosen and Byrds","floor":31,"turns":5},{"damage":61,"enemies":"Champ","floor":33,"turns":10},{"damage":0,"enemies":"3 Shapes","floor":35,"turns":4},{"damage":18,"enemies":"3 Darklings","floor":38,"turns":3},{"damage":89,"enemies":"Nemesis","floor":41,"turns":11},{"damage":21,"enemies":"Maw","floor":42,"turns":4}],"seed_played":"-6211107619554023381","potions_obtained":[{"floor":5,"key":"Poison Potion"},{"floor":12,"key":"Swift Potion"},{"floor":16,"key":"AttackPotion"},{"floor":18,"key":"BloodPotion"},{"floor":23,"key":"Strength Potion"},{"floor":33,"key":"Dexterity Potion"},{"floor":35,"key":"PowerPotion"},{"floor":41,"key":"FearPotion"}],"is_trial":false,"path_per_floor":["M","?","M","M","M","R","?","R","T","E","?","E","?","M","R","B",null,"M","M","$","?","?","E","R","M","T","$","M","R","E","M","R","B",null,"M","?","T","M","?","R","E","M"],"character_chosen":"IRONCLAD","items_purchased":["Orichalcum","Happy Flower"],"campfire_rested":2,"item_purchase_floors":[20,20],"current_hp_per_floor":[63,55,50,41,29,53,73,73,73,59,48,32,82,76,76,10,64,70,56,56,56,72,67,67,64,64,64,55,55,42,35,73,18,64,70,70,70,58,58,58,20,0],"gold":296,"neow_bonus":"TEN_PERCENT_HP_BONUS","is_prod":false,"is_daily":false,"chose_seed":false,"campfire_upgraded":5,"win_rate":0,"timestamp":1551076412,"path_taken":["M","?","M","M","?","R","?","R","T","E","?","E","?","M","R","BOSS","M","?","$","?","?","E","R","?","T","$","?","R","E","M","R","BOSS","M","?","?","M","?","R","E","M"],"build_version":"2019-01-23","purchased_purges":1,"victory":false,"max_hp_per_floor":[82,82,82,82,82,82,82,82,82,82,82,82,82,82,82,82,82,82,82,79,79,79,79,79,79,79,79,79,79,79,79,79,79,79,79,75,75,75,75,75,75,75],"card_choices":[{"not_picked":["Perfected Strike","Clash"],"picked":"Whirlwind","floor":1},{"not_picked":["Rupture","Sword Boomerang"],"picked":"Burning Pact","floor":3},{"not_picked":["Flex","Havoc"],"picked":"Inflame","floor":4},{"not_picked":["Flex","Headbutt"],"picked":"Shrug It Off","floor":5},{"not_picked":["Searing Blow","Brutality","Perfected Strike"],"picked":"SKIP","floor":10},{"not_picked":["Combust","Reckless Charge","Pommel Strike"],"picked":"SKIP","floor":12},{"not_picked":["Feel No Pain","Shrug It Off"],"picked":"Flame Barrier","floor":14},{"not_picked":["Feed","Barricade"],"picked":"Double Tap","floor":16},{"not_picked":["Heavy Blade","True Grit"],"picked":"Warcry","floor":18},{"not_picked":["Body Slam","Intimidate","Shrug It Off"],"picked":"SKIP","floor":19},{"not_picked":["Fiend Fire","Dark Embrace"],"picked":"Battle Trance","floor":23},{"not_picked":["Wild Strike","Clash"],"picked":"Shockwave","floor":25},{"not_picked":["Fire Breathing","Perfected Strike"],"picked":"True Grit","floor":28},{"not_picked":["Cleave","Wild Strike","Warcry"],"picked":"SKIP","floor":30},{"not_picked":["Iron Wave","Anger"],"picked":"Seeing Red","floor":31},{"not_picked":["Fiend Fire","Brutality"],"picked":"Impervious","floor":33},{"not_picked":["Blood for Blood","Twin Strike","Iron Wave"],"picked":"SKIP","floor":35},{"not_picked":["Rage","Clash","Sword Boomerang"],"picked":"SKIP","floor":38},{"not_picked":["Feed","Armaments"],"picked":"Metallicize","floor":41}],"player_experience":554244,"relics_obtained":[{"floor":9,"key":"Bag of Preparation"},{"floor":10,"key":"Tiny Chest"},{"floor":12,"key":"Pen Nib"},{"floor":23,"key":"PreservedInsect"},{"floor":26,"key":"Vajra"},{"floor":30,"key":"Regal Pillow"},{"floor":37,"key":"Lantern"},{"floor":41,"key":"Boot"}],"event_choices":[{"damage_healed":0,"gold_gain":50,"player_choice":"Touch","damage_taken":8,"max_hp_gain":0,"max_hp_loss":0,"event_name":"FaceTrader","floor":2,"gold_loss":0},{"damage_healed":20,"gold_gain":0,"player_choice":"Healed and dodged fight","damage_taken":0,"max_hp_gain":0,"max_hp_loss":0,"event_name":"Mushrooms","floor":7,"gold_loss":0,"cards_obtained":["Parasite"]},{"damage_healed":0,"gold_gain":0,"player_choice":"Success","damage_taken":11,"relics_obtained":["Gremlin Horn"],"max_hp_gain":0,"max_hp_loss":0,"event_name":"Scrap Ooze","floor":11,"gold_loss":0},{"damage_healed":50,"gold_gain":0,"player_choice":"Full Heal","damage_taken":0,"max_hp_gain":0,"max_hp_loss":0,"event_name":"Wheel of Change","floor":13,"gold_loss":0},{"damage_healed":0,"gold_gain":0,"player_choice":"Smashed Altar","damage_taken":0,"max_hp_gain":0,"max_hp_loss":0,"event_name":"Forgotten Altar","floor":21,"gold_loss":0,"cards_obtained":["Decay"]},{"damage_healed":16,"gold_gain":0,"player_choice":"Heal","damage_taken":0,"max_hp_gain":0,"max_hp_loss":0,"event_name":"The Library","floor":22,"gold_loss":0},{"damage_healed":0,"gold_gain":0,"player_choice":"Max HP","damage_taken":0,"max_hp_gain":0,"max_hp_loss":4,"event_name":"Winding Halls","floor":36,"gold_loss":0},{"damage_healed":0,"gold_gain":0,"player_choice":"Ignored","damage_taken":0,"max_hp_gain":0,"max_hp_loss":0,"event_name":"Tomb of Lord Red Mask","floor":39,"gold_loss":0}],"is_beta":false,"boss_relics":[{"not_picked":["Orrery","White Beast Statue"],"picked":"Snecko Eye"},{"not_picked":["Cursed Key","Black Blood"],"picked":"Lizard Tail"}],"items_purged_floors":[20],"is_endless":false,"potions_floor_spawned":[5,12,16,18,23,28,30,33,35,41],"killed_by":"Maw","ascension_level":16}