{"gold_per_floor":[113,124,134,134,147,147,206,206,231,53,71,71,71,87,87,164,164,184,184,62,62,91,117,128,139,191,207,207,219,249,198,198,272,272,286,508,523,523],"floor_reached":38,"playtime":2894,"items_purged":["Strike_B","Strike_B"],"score":877,"play_id":"1ce6fc50-c9d5-4949-8321-29d7f68799c4","local_time":"20190225152613","is_ascension_mode":true,"campfire_choices":[{"data":"Hologram","floor":6,"key":"SMITH"},{"data":"Zap","floor":8,"key":"SMITH"},{"data":"Coolheaded","floor":15,"key":"SMITH"},{"floor":28,"key":"REST"},{"floor":32,"key":"REST"}],"neow_cost":"NONE","seed_source_timestamp":0,"circlet_count":0,"master_deck":["AscendersBane","Strike_B","Strike_B","Defend_B","Defend_B","Defend_B","Defend_B","Zap+1","Dualcast","Cold Snap","Hologram+1","Auto Shields","Steam","Coolheaded+1","Go for the Eyes","Conserve Battery","Sunder","Machine Learning","Cold Snap","Coolheaded","Cold Snap","Stack","Ball Lightning","Darkness","Double Energy","Chill+1","Go for the Eyes","Redo","Go for the Eyes","Creative AI","Doom and Gloom"],"special_seed":0,"relics":["Cracked Core","Tiny Chest","Lantern","Cables","Nuclear Battery","Blood Vial","FossilizedHelix","Red Mask","Bag of Preparation","Dream Catcher","Potion Belt","Eternal Feather"],"potions_floor_usage":[7,7,16,18,23,24,33,33,33,37,37],"damage_taken":[{"damage":0,"enemies":"2 Louse","floor":1,"turns":4},{"damage":1,"enemies":"Cultist","floor":2,"turns":3},{"damage":6,"enemies":"Small Slimes","floor":3,"turns":4},{"damage":3,"enemies":"Blue Slaver","floor":5,"turns":4},{"damage":29,"enemies":"Gremlin Nob","floor":7,"turns":6},{"damage":7,"enemies":"Exordium Thugs","floor":11,"turns":5},{"damage":0,"enemies":"Exordium Wildlife","floor":14,"turns":6},{"damage":0,"enemies":"Hexaghost","floor":16,"turns":11},{"damage":4,"enemies":"Chosen","floor":18,"turns":5},{"damage":19,"enemies":"Masked Bandits","floor":22,"turns":8},{"damage":46,"enemies":"Book of Stabbing","floor":23,"turns":10},{"damage":0,"enemies":"2 Thieves","floor":24,"turns":3},{"damage":0,"enemies":"Snake Plant","floor":25,"turns":6},{"damage":7,"enemies":"3 Cultists","floor":27,"turns":9},{"damage":21,"enemies":"Cultist and Chosen","floor":29,"turns":8},{"damage":0,"enemies":"Slavers","floor":30,"turns":9},{"damage":20,"enemies":"Champ","floor":33,"turns":11},{"damage":0,"enemies":"3 Shapes","floor":35,"turns":6},{"damage":50,"enemies":"3 Darklings","floor":37,"turns":8},{"damage":23,"enemies":"Maw","floor":38,"turns":9}],"seed_played":"2225400426195934944","potions_obtained":[{"floor":2,"key":"Weak Potion"},{"floor":3,"key":"SpeedPotion"},{"floor":7,"key":"SmokeBomb"},{"floor":14,"key":"FocusPotion"},{"floor":16,"key":"Block Potion"},{"floor":18,"key":"Fruit Juice"},{"floor":23,"key":"Explosive Potion"},{"floor":25,"key":"Dexterity Potion"},{"floor":30,"key":"Block Potion"},{"floor":33,"key":"Explosive Potion"},{"floor":35,"key":"FearPotion"}],"is_trial":false,"path_per_floor":["M","M","M","?","M","R","E","R","T","$","M","?","T","M","R","B",null,"M","T","$","T","?","E","M","M","T","M","R","M","E","$","R","B",null,"M","?","M","M"],"character_chosen":"DEFECT","items_purchased":["Coolheaded","Go for the Eyes","Coolheaded","Weak Potion"],"campfire_rested":2,"item_purchase_floors":[10,10,20,31],"current_hp_per_floor":[71,70,64,64,61,61,32,32,32,32,25,25,25,25,25,25,65,66,66,66,66,49,5,7,9,9,4,28,9,11,11,35,17,67,69,69,21,0],"gold":523,"neow_bonus":"TEN_PERCENT_HP_BONUS","is_prod":false,"is_daily":false,"chose_seed":false,"campfire_upgraded":3,"win_rate":0,"timestamp":1551086773,"path_taken":["M","M","M","?","?","R","E","R","T","$","M","?","?","M","R","BOSS","M","?","$","?","?","E","M","M","T","M","R","M","E","$","R","BOSS","M","?","M","M"],"build_version":"2019-01-23","purchased_purges":2,"victory":false,"max_hp_per_floor":[78,78,78,78,78,78,78,78,78,78,78,78,78,78,78,78,78,83,83,83,83,83,83,83,83,83,83,83,83,83,83,83,83,83,83,83,83,83],"card_choices":[{"not_picked":["Gash","Blizzard","Storm"],"picked":"SKIP","floor":1},{"not_picked":["Fusion","Hello World"],"picked":"Cold Snap","floor":2},{"not_picked":["Go for the Eyes","Streamline"],"picked":"Hologram","floor":3},{"not_picked":["Skim","Redo","Aggregate"],"picked":"SKIP","floor":5},{"not_picked":["Fusion","Amplify","Static Discharge"],"picked":"SKIP","floor":7},{"not_picked":["Aggregate","Redo"],"picked":"Conserve Battery","floor":11},{"not_picked":["Steam","Conserve Battery"],"picked":"Sunder","floor":14},{"not_picked":["Core Surge","Electrodynamics"],"picked":"Machine Learning","floor":16},{"not_picked":["Tempest","Leap"],"picked":"Cold Snap","floor":18},{"not_picked":["Beam Cell","Skim"],"picked":"Cold Snap","floor":22},{"not_picked":["Melter","Sweeping Beam"],"picked":"Stack","floor":23},{"not_picked":["Stack","Skim"],"picked":"Ball Lightning","floor":24},{"not_picked":["Recycle","Scrape"],"picked":"Darkness","floor":25},{"not_picked":["Rebound","Compile Driver"],"picked":"Double Energy","floor":27},{"not_picked":["Leap","Ball Lightning"],"picked":"Chill+1","floor":28},{"not_picked":["Machine Learning","Rip and Tear"],"picked":"Go for the Eyes","floor":29},{"not_picked":["Fusion","Beam Cell"],"picked":"Redo","floor":30},{"not_picked":["Sunder","Stack"],"picked":"Go for the Eyes","floor":32},{"not_picked":["Core Surge","Biased Cognition"],"picked":"Creative AI","floor":33},{"not_picked":["Barrage","Leap"],"picked":"Doom and Gloom","floor":35},{"not_picked":["Heatsinks","Beam Cell+1","Hello World"],"picked":"SKIP","floor":37}],"player_experience":883037,"relics_obtained":[{"floor":7,"key":"Tiny Chest"},{"floor":9,"key":"Lantern"},{"floor":13,"key":"Cables"},{"floor":19,"key":"Blood Vial"},{"floor":21,"key":"FossilizedHelix"},{"floor":22,"key":"Red Mask"},{"floor":23,"key":"Bag of Preparation"},{"floor":26,"key":"Dream Catcher"},{"floor":30,"key":"Potion Belt"}],"event_choices":[{"damage_healed":0,"gold_gain":0,"player_choice":"2 cards matched","damage_taken":0,"max_hp_gain":0,"max_hp_loss":0,"event_name":"Match and Keep!","floor":4,"gold_loss":0,"cards_obtained":["Auto Shields","Steam"]},{"damage_healed":0,"gold_gain":0,"player_choice":"Ignored","damage_taken":0,"max_hp_gain":0,"max_hp_loss":0,"event_name":"Golden Wing","floor":12,"gold_loss":0},{"damage_healed":0,"gold_gain":0,"player_choice":"Fought Bandits","damage_taken":0,"max_hp_gain":0,"max_hp_loss":0,"event_name":"Masked Bandits","floor":22,"gold_loss":0},{"damage_healed":0,"gold_gain":222,"player_choice":"Wore Mask","damage_taken":0,"max_hp_gain":0,"max_hp_loss":0,"event_name":"Tomb of Lord Red Mask","floor":36,"gold_loss":0}],"is_beta":false,"boss_relics":[{"not_picked":["Inserter","Cursed Key"],"picked":"Nuclear Battery"},{"not_picked":["Calling Bell","Sozu"],"picked":"Eternal Feather"}],"items_purged_floors":[10,20],"is_endless":false,"potions_floor_spawned":[2,3,7,14,16,18,23,25,30,33,35],"killed_by":"Maw","ascension_level":14}