{"gold_per_floor":[116,131,131,150,19,19,46,63,90,115,115,131,49,68,68,68],"floor_reached":16,"playtime":539,"items_purged":[],"score":185,"play_id":"27405ecf-4540-4b10-9937-631929b161a9","local_time":"20181223005505","is_ascension_mode":true,"campfire_choices":[{"data":"Caltrops","floor":6,"key":"SMITH"},{"data":"Skewer","floor":11,"key":"SMITH"},{"data":"Leg Sweep","floor":15,"key":"SMITH"}],"neow_cost":"NONE","seed_source_timestamp":130782305314479,"circlet_count":0,"master_deck":["AscendersBane","Defend_G","Defend_G","Defend_G","Defend_G","Defend_G","Strike_G","Strike_G","Strike_G","Strike_G","Survivor","Neutralize","Infinite Blades","Escape Plan","Leg Sweep+1","Dagger Spray","Dagger Spray","Caltrops+1","Sucker Punch","Cloak And Dagger","Skewer+1","Blur","Well Laid Plans"],"relics":["Ring of the Snake","Orichalcum","Dream Catcher","Pen Nib"],"potions_floor_usage":[7,8,10],"damage_taken":[{"damage":0,"enemies":"2 Louse","floor":1,"turns":4},{"damage":2,"enemies":"Cultist","floor":2,"turns":4},{"damage":0,"enemies":"Small Slimes","floor":4,"turns":5},{"damage":24,"enemies":"Gremlin Nob","floor":7,"turns":5},{"damage":7,"enemies":"Exordium Wildlife","floor":8,"turns":5},{"damage":5,"enemies":"3 Sentries","floor":10,"turns":5},{"damage":1,"enemies":"Lots of Slimes","floor":12,"turns":2},{"damage":0,"enemies":"2 Fungi Beasts","floor":14,"turns":3},{"damage":26,"enemies":"The Guardian","floor":16,"turns":5}],"seed_played":"4096392142023785735","potions_obtained":[{"floor":2,"key":"Block Potion"},{"floor":4,"key":"Explosive Potion"},{"floor":8,"key":"SteroidPotion"},{"floor":12,"key":"GamblersBrew"}],"is_trial":false,"path_per_floor":["M","M","?","M","$","R","E","M","T","E","R","M","$","M","R","B"],"character_chosen":"THE_SILENT","items_purchased":["Dagger Spray","Caltrops","Well Laid Plans"],"campfire_rested":0,"item_purchase_floors":[5,5,13],"current_hp_per_floor":[63,61,61,61,61,61,37,30,30,25,25,24,24,24,24,0],"gold":68,"neow_bonus":"THREE_CARDS","is_prod":false,"is_daily":false,"chose_seed":false,"campfire_upgraded":3,"win_rate":0,"timestamp":1545522905,"path_taken":["M","M","?","M","$","R","E","M","T","E","R","M","$","M","R","BOSS"],"build_version":"2018-12-20","purchased_purges":0,"victory":false,"max_hp_per_floor":[70,70,70,70,70,70,70,70,70,70,70,70,70,70,70,70],"card_choices":[{"not_picked":["Backflip","Reflex"],"picked":"Infinite Blades","floor":0},{"not_picked":["Prepared","Catalyst"],"picked":"Escape Plan","floor":1},{"not_picked":["Reflex","Caltrops"],"picked":"Leg Sweep","floor":2},{"not_picked":["Outmaneuver","PiercingWail"],"picked":"Dagger Spray","floor":4},{"not_picked":["Setup","Outmaneuver"],"picked":"Sucker Punch","floor":7},{"not_picked":["Flying Knee","Corpse Explosion"],"picked":"Cloak And Dagger","floor":8},{"not_picked":["Deflect","Expertise"],"picked":"Skewer","floor":10},{"not_picked":["Dagger Spray","Dodge and Roll"],"picked":"Blur","floor":12},{"not_picked":["Poisoned Stab","Prepared","Deadly Poison"],"picked":"SKIP","floor":14}],"player_experience":781025,"relics_obtained":[{"floor":7,"key":"Orichalcum"},{"floor":9,"key":"Dream Catcher"},{"floor":10,"key":"Pen Nib"}],"event_choices":[{"cards_removed":["Strike_G"],"damage_healed":0,"gold_gain":0,"player_choice":"Purged","damage_taken":0,"max_hp_gain":0,"max_hp_loss":0,"event_name":"Purifier","floor":3,"gold_loss":0}],"is_beta":false,"boss_relics":[],"items_purged_floors":[],"is_endless":false,"potions_floor_spawned":[2,4,8,12],"killed_by":"The Guardian","ascension_level":13}