{"gold_per_floor":[117,117,130,147,40,40,68,68,68,68,68,84,118,197,197,197],"floor_reached":16,"playtime":532,"items_purged":[],"score":194,"play_id":"78effe16-3408-419a-893b-e3eb4c299511","local_time":"20190125011626","is_ascension_mode":true,"campfire_choices":[{"data":"Trip","floor":6,"key":"SMITH"},{"data":"Bash","floor":8,"key":"SMITH"},{"floor":10,"key":"DIG"},{"floor":15,"key":"DIG"}],"neow_cost":"NONE","seed_source_timestamp":445448987799955,"circlet_count":0,"master_deck":["AscendersBane","Strike_R","Strike_R","Strike_R","Strike_R","Defend_R","Defend_R","Defend_R","Defend_R","Bash+1","Clothesline","Sword Boomerang","Headbutt","Trip+1","Pommel Strike","Armaments","Pommel Strike","Twin Strike"],"relics":["Burning Blood","NeowsBlessing","FossilizedHelix","Shovel","Prayer Wheel","PreservedInsect","Centennial Puzzle","Boot"],"potions_floor_usage":[7,13],"damage_taken":[{"damage":0,"enemies":"Small Slimes","floor":1,"turns":1},{"damage":0,"enemies":"Cultist","floor":3,"turns":1},{"damage":0,"enemies":"Jaw Worm","floor":4,"turns":1},{"damage":37,"enemies":"Lagavulin","floor":7,"turns":7},{"damage":0,"enemies":"Large Slime","floor":12,"turns":4},{"damage":17,"enemies":"3 Sentries","floor":13,"turns":5},{"damage":45,"enemies":"Slime Boss","floor":16,"turns":7}],"seed_played":"-8433146662322340200","potions_obtained":[{"floor":1,"key":"Swift Potion"},{"floor":12,"key":"BloodPotion"},{"floor":13,"key":"FairyPotion"}],"is_trial":false,"path_per_floor":["M","?","M","M","$","R","E","R","T","R","?","M","E","?","R","B"],"character_chosen":"IRONCLAD","items_purchased":["Trip"],"campfire_rested":0,"item_purchase_floors":[5],"current_hp_per_floor":[74,74,75,75,75,75,44,44,44,44,26,32,28,28,28,0],"gold":197,"neow_bonus":"THREE_ENEMY_KILL","is_prod":false,"is_daily":false,"chose_seed":false,"campfire_upgraded":2,"win_rate":0,"timestamp":1548407786,"path_taken":["M","?","?","M","?","R","E","R","T","R","?","M","E","?","R","BOSS"],"build_version":"2019-01-23","purchased_purges":0,"victory":false,"max_hp_per_floor":[75,75,75,75,75,75,75,75,75,75,75,75,75,75,75,75],"card_choices":[{"not_picked":["Burning Pact","Havoc"],"picked":"Clothesline","floor":1},{"not_picked":["Iron Wave","Combust"],"picked":"Sword Boomerang","floor":3},{"not_picked":["Perfected Strike","Wild Strike"],"picked":"Headbutt","floor":4},{"not_picked":["Headbutt","Twin Strike"],"picked":"Pommel Strike","floor":7},{"not_picked":["Corruption","Shrug It Off"],"picked":"Armaments","floor":12},{"not_picked":["Second Wind","Combust"],"picked":"Pommel Strike","floor":12},{"not_picked":["Anger","Shockwave"],"picked":"Twin Strike","floor":13}],"player_experience":500239,"relics_obtained":[{"floor":7,"key":"FossilizedHelix"},{"floor":9,"key":"Shovel"},{"floor":10,"key":"Prayer Wheel"},{"floor":13,"key":"Centennial Puzzle"},{"floor":15,"key":"Boot"}],"event_choices":[{"cards_removed":["Strike_R"],"damage_healed":0,"gold_gain":0,"player_choice":"Offered Basic","damage_taken":0,"max_hp_gain":0,"max_hp_loss":0,"event_name":"Bonfire Elementals","floor":2,"gold_loss":0},{"damage_healed":0,"gold_gain":0,"player_choice":"Success","damage_taken":18,"relics_obtained":["PreservedInsect"],"max_hp_gain":0,"max_hp_loss":0,"event_name":"Scrap Ooze","floor":11,"gold_loss":0},{"damage_healed":0,"gold_gain":79,"player_choice":"Gained Gold","damage_taken":0,"max_hp_gain":0,"max_hp_loss":0,"event_name":"Golden Wing","floor":14,"gold_loss":0}],"is_beta":false,"boss_relics":[],"items_purged_floors":[],"is_endless":false,"potions_floor_spawned":[1,12,13],"killed_by":"Slime Boss","ascension_level":16}