{"gold_per_floor":[109,129,129,6,19,45,45,74,101,101,50,50,85,96,96,191,191,191],"floor_reached":18,"playtime":661,"items_purged":["Regret"],"score":240,"play_id":"05314086-3d57-4032-98e1-a6e309bf1a68","local_time":"20180917181204","is_ascension_mode":true,"campfire_choices":[{"data":"Streamline","floor":7,"key":"SMITH"},{"data":"Creative AI","floor":10,"key":"SMITH"},{"floor":12,"key":"REST"},{"data":"Zap","floor":15,"key":"SMITH"}],"neow_cost":"NONE","seed_source_timestamp":180568550985341,"circlet_count":0,"master_deck":["Strike_B","Strike_B","Strike_B","Strike_B","Defend_B","Defend_B","Defend_B","Defend_B","Zap+1","Dualcast","Streamline+1","Leap","Creative AI+1","Conserve Battery","Skim+1","Reboot+1"],"relics":["Philosopher\u0027s Stone","Art of War","Lantern","Thread and Needle","Strawberry","Toxic Egg 2","Cursed Key"],"potions_floor_usage":[16,18,18],"damage_taken":[{"damage":3,"enemies":"Small Slimes","floor":1,"turns":3},{"damage":2,"enemies":"Jaw Worm","floor":2,"turns":4},{"damage":0,"enemies":"2 Louse","floor":5,"turns":2},{"damage":15,"enemies":"Lagavulin","floor":6,"turns":7},{"damage":26,"enemies":"3 Sentries","floor":8,"turns":8},{"damage":6,"enemies":"Lagavulin","floor":13,"turns":7},{"damage":0,"enemies":"Looter","floor":14,"turns":4},{"damage":37,"enemies":"The Guardian","floor":16,"turns":10},{"damage":66,"enemies":"3 Byrds","floor":18,"turns":4}],"seed_played":"7203491448093518562","potions_obtained":[{"floor":6,"key":"FearPotion"},{"floor":8,"key":"SteroidPotion"},{"floor":14,"key":"FearPotion"}],"is_trial":false,"path_per_floor":["M","M","?","$","M","E","R","E","T","R","$","R","E","M","R","B",null],"character_chosen":"DEFECT","items_purchased":["Streamline","Conserve Battery"],"campfire_rested":1,"item_purchase_floors":[4,11],"current_hp_per_floor":[65,63,63,63,63,48,48,22,29,29,29,53,47,47,47,10,64,0],"gold":191,"neow_bonus":"BOSS_RELIC","is_prod":false,"is_daily":false,"chose_seed":false,"campfire_upgraded":3,"win_rate":0,"timestamp":1537200724,"path_taken":["M","M","?","$","M","E","R","E","T","R","$","R","E","M","R","BOSS","M"],"build_version":"2018-09-06","purchased_purges":1,"victory":false,"max_hp_per_floor":[75,75,75,75,75,75,75,75,82,82,82,82,82,82,82,82,82,82],"card_choices":[{"not_picked":["Barrage","Recycle","Hologram"],"picked":"SKIP","floor":1},{"not_picked":["Fusion","Storm","Steam Power"],"picked":"SKIP","floor":2},{"not_picked":["Recycle","Streamline"],"picked":"Leap","floor":5},{"not_picked":["Barrage","Heatsinks","Rip and Tear"],"picked":"SKIP","floor":6},{"not_picked":["Double Energy","Loop"],"picked":"Creative AI","floor":8},{"not_picked":["Stack","Cold Snap","Ball Lightning"],"picked":"SKIP","floor":13},{"not_picked":["Double Energy+1","Force Field+1"],"picked":"Skim+1","floor":14},{"not_picked":["Echo Form","Fission+1"],"picked":"Reboot+1","floor":16}],"player_experience":424292,"relics_obtained":[{"floor":6,"key":"Lantern"},{"floor":8,"key":"Thread and Needle"},{"floor":9,"key":"Strawberry"},{"floor":13,"key":"Toxic Egg 2"}],"event_choices":[{"event_name":"Big Fish","player_choice":"Box","floor":3,"damage_taken":0}],"is_beta":false,"boss_relics":[{"not_picked":["Empty Cage","Lizard Tail"],"picked":"Cursed Key"}],"items_purged_floors":[4],"is_endless":false,"potions_floor_spawned":[6,8,14],"killed_by":"3 Byrds","ascension_level":7}