{"gold_per_floor":[119,119,119,33,33,33,61,78,78,78,93,157,157,14,14,115,115,135,148,161,76,100,100],"floor_reached":23,"playtime":1740,"items_purged":[],"score":266,"play_id":"76c3bd56-572c-476f-acd6-cb826461d63f","local_time":"20190215163118","is_ascension_mode":true,"campfire_choices":[{"data":"Bash","floor":6,"key":"SMITH"},{"floor":10,"key":"REST"},{"data":"Metallicize","floor":13,"key":"SMITH"},{"data":"Clothesline","floor":15,"key":"SMITH"}],"neow_cost":"NONE","seed_source_timestamp":47531569331613,"circlet_count":0,"master_deck":["Strike_R","Strike_R","Strike_R","Strike_R+1","Strike_R","Defend_R","Defend_R+1","Defend_R","Defend_R","Bash+1","Flash of Steel","Disarm","Clothesline+1","Metallicize+1","Exhume","Battle Trance","Havoc","Warcry+1"],"relics":["Burning Blood","Bag of Marbles","Happy Flower","Torii","Tiny Chest","Anchor","Lizard Tail","Darkstone Periapt","Omamori"],"potions_floor_usage":[],"damage_taken":[{"damage":7,"enemies":"Jaw Worm","floor":1,"turns":4},{"damage":32,"enemies":"Gremlin Nob","floor":7,"turns":4},{"damage":0,"enemies":"Small Slimes","floor":8,"turns":4},{"damage":0,"enemies":"Cultist","floor":11,"turns":2},{"damage":19,"enemies":"3 Sentries","floor":12,"turns":8},{"damage":30,"enemies":"The Guardian","floor":16,"turns":13},{"damage":5,"enemies":"Shell Parasite","floor":18,"turns":6},{"damage":1,"enemies":"Chosen","floor":19,"turns":5},{"damage":27,"enemies":"Snake Plant","floor":20,"turns":5},{"damage":113,"enemies":"Gremlin Leader","floor":23,"turns":7}],"seed_played":"-3707427120434346124","potions_obtained":[{"floor":7,"key":"Ancient Potion"},{"floor":8,"key":"SpeedPotion"},{"floor":11,"key":"Regen Potion"},{"floor":20,"key":"Energy Potion"}],"is_trial":false,"path_per_floor":["M","?","?","$","?","R","E","M","T","R","M","E","R","$","R","B",null,"M","M","M","?","T","E"],"character_chosen":"IRONCLAD","items_purchased":["Flash of Steel","Anchor"],"campfire_rested":1,"item_purchase_floors":[4,14],"current_hp_per_floor":[71,71,55,55,52,52,26,32,32,56,62,49,49,49,49,25,66,67,72,51,51,51,0],"gold":100,"neow_bonus":"ONE_RANDOM_RARE_CARD","is_prod":false,"is_daily":false,"chose_seed":false,"campfire_upgraded":3,"win_rate":0,"timestamp":1550244678,"path_taken":["M","?","?","?","?","R","E","M","T","R","M","E","R","$","R","BOSS","M","M","M","?","?","E"],"build_version":"2019-01-23","purchased_purges":0,"victory":false,"max_hp_per_floor":[80,80,80,80,80,80,80,80,80,80,80,80,80,80,80,80,80,80,80,80,80,80,80],"card_choices":[{"not_picked":["Flex","Heavy Blade","Second Wind"],"picked":"SKIP","floor":1},{"not_picked":["Thunderclap","Warcry"],"picked":"Disarm","floor":7},{"not_picked":["Second Wind","Thunderclap","Seeing Red"],"picked":"SKIP","floor":8},{"not_picked":["Clash","Evolve"],"picked":"Clothesline","floor":11},{"not_picked":["Rupture","Power Through"],"picked":"Metallicize","floor":12},{"not_picked":["Feed","Double Tap"],"picked":"Exhume","floor":16},{"not_picked":["Sword Boomerang","Seeing Red"],"picked":"Battle Trance","floor":18},{"not_picked":["Infernal Blade+1","Clothesline"],"picked":"Havoc","floor":19},{"not_picked":["Iron Wave","Havoc"],"picked":"Warcry+1","floor":20}],"player_experience":407221,"relics_obtained":[{"floor":7,"key":"Happy Flower"},{"floor":9,"key":"Torii"},{"floor":12,"key":"Tiny Chest"},{"floor":22,"key":"Omamori"}],"event_choices":[{"cards_removed":["Berserk"],"damage_healed":0,"gold_gain":0,"player_choice":"Forget","damage_taken":0,"max_hp_gain":0,"max_hp_loss":0,"event_name":"Living Wall","floor":2,"gold_loss":0},{"damage_healed":0,"gold_gain":0,"player_choice":"Entered Light","damage_taken":16,"max_hp_gain":0,"max_hp_loss":0,"event_name":"Shining Light","floor":3,"gold_loss":0,"cards_upgraded":["Strike_R","Defend_R"]},{"damage_healed":0,"gold_gain":0,"player_choice":"Success","damage_taken":3,"relics_obtained":["Bag of Marbles"],"max_hp_gain":0,"max_hp_loss":0,"event_name":"Scrap Ooze","floor":5,"gold_loss":0},{"damage_healed":0,"gold_gain":0,"player_choice":"Obtained Relic","damage_taken":0,"relics_obtained":["Darkstone Periapt"],"max_hp_gain":0,"max_hp_loss":0,"event_name":"Addict","floor":21,"gold_loss":85}],"is_beta":false,"boss_relics":[{"not_picked":["Philosopher\u0027s Stone","Ectoplasm"],"picked":"Lizard Tail"}],"items_purged_floors":[],"is_endless":false,"potions_floor_spawned":[7,8,11,12,18,20],"killed_by":"Gremlin Leader","ascension_level":7}