{"gold_per_floor":[13,24,24,39,39,39,39,53,128,143,143,16,16,36,36,129,129,154,170,183,183,83,83,83],"floor_reached":24,"playtime":861,"items_purged":["Defend_B","Strike_B"],"score":338,"play_id":"5e273094-9981-482f-bee1-7530939b7c99","local_time":"20181113222249","is_ascension_mode":true,"campfire_choices":[{"data":"Zap","floor":7,"key":"SMITH"},{"data":"Dualcast","floor":11,"key":"SMITH"},{"data":"Hologram","floor":13,"key":"SMITH"},{"data":"Beam Cell","floor":15,"key":"SMITH"},{"floor":23,"key":"REST"}],"neow_cost":"NO_GOLD","seed_source_timestamp":291700493344688,"circlet_count":0,"master_deck":["AscendersBane","Strike_B","Strike_B","Defend_B","Defend_B","Zap+1","Dualcast+1","Beam Cell+1","Conserve Battery","Injury","Cold Snap","Hologram+1","Auto Shields","Electrodynamics","Loop","Coolheaded","Blizzard","Steam","Fission","Go for the Eyes","Hologram+1"],"relics":["Cracked Core","Golden Idol","Matryoshka","Orrery"],"potions_floor_usage":[8,14,16,20],"damage_taken":[{"damage":0,"enemies":"Cultist","floor":1,"turns":2},{"damage":0,"enemies":"Small Slimes","floor":2,"turns":2},{"damage":0,"enemies":"2 Louse","floor":4,"turns":2},{"damage":22,"enemies":"Exordium Thugs","floor":8,"turns":6},{"damage":4,"enemies":"Red Slaver","floor":10,"turns":3},{"damage":5,"enemies":"Gremlin Gang","floor":14,"turns":4},{"damage":21,"enemies":"The Guardian","floor":16,"turns":14},{"damage":12,"enemies":"Shell Parasite","floor":18,"turns":7},{"damage":9,"enemies":"Chosen","floor":19,"turns":5},{"damage":29,"enemies":"3 Cultists","floor":20,"turns":5},{"damage":0,"enemies":"Centurion and Healer","floor":24,"turns":2}],"seed_played":"8309965137796602681","potions_obtained":[{"floor":4,"key":"SkillPotion"},{"floor":8,"key":"SpeedPotion"},{"floor":10,"key":"Poison Potion"},{"floor":19,"key":"SteroidPotion"}],"is_trial":false,"path_per_floor":["M","M","?","M","?","?","R","M","T","M","R","$","R","M","R","B",null,"M","M","M","?","$","R","M"],"character_chosen":"DEFECT","items_purchased":["Hologram"],"campfire_rested":1,"item_purchase_floors":[12],"current_hp_per_floor":[64,64,64,64,69,69,69,47,47,43,43,43,43,38,38,17,61,49,40,11,11,11,33,33],"gold":83,"neow_bonus":"REMOVE_TWO","is_prod":false,"is_daily":false,"chose_seed":false,"campfire_upgraded":4,"win_rate":0,"timestamp":1542144169,"path_taken":["M","M","?","M","?","?","R","M","T","?","R","$","R","M","R","BOSS","M","M","M","?","$","R","M"],"build_version":"2018-11-08","purchased_purges":2,"victory":false,"max_hp_per_floor":[71,71,71,71,76,76,76,76,76,76,76,76,76,76,76,76,76,76,76,76,76,76,76,76],"card_choices":[{"not_picked":["Sweeping Beam","Storm"],"picked":"Beam Cell","floor":1},{"not_picked":["Sweeping Beam","Go for the Eyes"],"picked":"Conserve Battery","floor":2},{"not_picked":["Redo","Chaos","Chill"],"picked":"SKIP","floor":4},{"not_picked":["Stack","Rainbow","Compile Driver"],"picked":"SKIP","floor":8},{"not_picked":["Stack","Hologram"],"picked":"Cold Snap","floor":10},{"not_picked":["Rainbow","Sweeping Beam"],"picked":"Auto Shields","floor":14},{"not_picked":["Seek","Core Surge"],"picked":"Electrodynamics","floor":16},{"not_picked":["Skim","Go for the Eyes"],"picked":"Loop","floor":17},{"not_picked":["Storm","Fusion"],"picked":"Coolheaded","floor":17},{"not_picked":["Genetic Algorithm","Streamline"],"picked":"Blizzard","floor":17},{"not_picked":["Aggregate+1","Turbo+1"],"picked":"Steam","floor":18},{"not_picked":["Conserve Battery","Steam"],"picked":"Fission","floor":19},{"not_picked":["Lockon","Barrage+1"],"picked":"Go for the Eyes","floor":20}],"player_experience":652549,"relics_obtained":[{"floor":9,"key":"Matryoshka"}],"event_choices":[{"damage_healed":0,"gold_gain":0,"player_choice":"Take Wound","damage_taken":0,"relics_obtained":["Golden Idol"],"max_hp_gain":0,"max_hp_loss":0,"event_name":"Golden Idol","floor":3,"gold_loss":0,"cards_obtained":["Injury"]},{"damage_healed":0,"gold_gain":0,"player_choice":"Donut","damage_taken":0,"max_hp_gain":5,"max_hp_loss":0,"event_name":"Big Fish","floor":5,"gold_loss":0},{"damage_healed":0,"gold_gain":0,"player_choice":"Leave","damage_taken":0,"max_hp_gain":0,"max_hp_loss":0,"event_name":"The Cleric","floor":6,"gold_loss":0},{"damage_healed":0,"gold_gain":0,"player_choice":"Copied","damage_taken":0,"max_hp_gain":0,"max_hp_loss":0,"event_name":"Duplicator","floor":21,"gold_loss":0,"cards_obtained":["Hologram"]}],"is_beta":false,"boss_relics":[{"not_picked":["Coffee Dripper","FrozenCore"],"picked":"Orrery"}],"items_purged_floors":[12,22],"is_endless":false,"potions_floor_spawned":[4,8,10,19],"killed_by":"Centurion and Healer","ascension_level":16}