{"gold_per_floor":[15,32,182,182,192,226,226,254,254,254,254],"floor_reached":11,"playtime":448,"items_purged":[],"score":142,"play_id":"de5cfc12-7465-4baa-b0c6-9acd97447078","local_time":"20190113153653","is_ascension_mode":true,"campfire_choices":[{"floor":7,"key":"REST"},{"floor":10,"key":"REST"}],"neow_cost":"NO_GOLD","seed_source_timestamp":325820297826594,"circlet_count":0,"master_deck":["AscendersBane","Strike_R","Strike_R","Strike_R","Strike_R","Strike_R","Defend_R","Defend_R","Defend_R","Defend_R","Bash","Fiend Fire","Perfected Strike","Blood for Blood","Doubt","Shrug It Off","Bludgeon","Wild Strike"],"relics":["Burning Blood","Potion Belt","Unceasing Top","Art of War","Dodecahedron"],"potions_floor_usage":[8],"damage_taken":[{"damage":2,"enemies":"2 Louse","floor":1,"turns":4},{"damage":18,"enemies":"Jaw Worm","floor":2,"turns":4},{"damage":1,"enemies":"Cultist","floor":5,"turns":3},{"damage":53,"enemies":"Lagavulin","floor":6,"turns":9},{"damage":37,"enemies":"3 Sentries","floor":8,"turns":7},{"damage":32,"enemies":"Gremlin Nob","floor":11,"turns":3}],"seed_played":"-6252247431046787181","potions_obtained":[{"floor":2,"key":"SteroidPotion"},{"floor":6,"key":"FearPotion"}],"is_trial":false,"path_per_floor":["M","M","?","?","M","E","R","E","T","R","E"],"character_chosen":"IRONCLAD","items_purchased":[],"campfire_rested":2,"item_purchase_floors":[],"current_hp_per_floor":[72,60,60,60,65,18,40,9,9,31,0],"gold":254,"neow_bonus":"THREE_RARE_CARDS","is_prod":false,"is_daily":false,"chose_seed":false,"campfire_upgraded":0,"win_rate":0,"timestamp":1547422613,"path_taken":["M","M","?","?","?","E","R","E","T","R","E"],"build_version":"2019-01-10","purchased_purges":0,"victory":false,"max_hp_per_floor":[75,75,75,75,75,75,75,75,75,75,75],"card_choices":[{"not_picked":["Impervious","Berserk"],"picked":"Fiend Fire","floor":0},{"not_picked":["Headbutt","Wild Strike"],"picked":"Perfected Strike","floor":1},{"not_picked":["Shockwave","True Grit"],"picked":"Blood for Blood","floor":2},{"not_picked":["Cleave","Perfected Strike"],"picked":"Shrug It Off","floor":5},{"not_picked":["Iron Wave","Hemokinesis"],"picked":"Bludgeon","floor":6},{"not_picked":["Sword Boomerang","Sever Soul"],"picked":"Wild Strike","floor":8}],"player_experience":473534,"relics_obtained":[{"floor":6,"key":"Unceasing Top"},{"floor":8,"key":"Art of War"},{"floor":9,"key":"Dodecahedron"}],"event_choices":[{"damage_healed":0,"gold_gain":150,"player_choice":"AGREE","damage_taken":0,"max_hp_gain":0,"max_hp_loss":0,"event_name":"Liars Game","floor":3,"gold_loss":0,"cards_obtained":["Doubt"]},{"damage_healed":0,"gold_gain":0,"player_choice":"Gave Potion","damage_taken":0,"relics_obtained":["Potion Belt"],"max_hp_gain":0,"max_hp_loss":0,"event_name":"WeMeetAgain","floor":4,"gold_loss":0}],"is_beta":false,"boss_relics":[],"items_purged_floors":[],"is_endless":false,"potions_floor_spawned":[2,6],"killed_by":"Gremlin Nob","ascension_level":15}