{"gold_per_floor":[118,118,268,286,286,350,350,373,427,464,476,528,7,30,30,30],"floor_reached":16,"playtime":442,"items_purged":["Regret"],"score":263,"play_id":"e49f8d63-7587-495a-bb67-565d04fd0b03","local_time":"20190112125831","is_ascension_mode":true,"campfire_choices":[{"data":"Searing Blow","floor":7,"key":"SMITH"},{"data":"Searing Blow+1","floor":11,"key":"SMITH"},{"floor":15,"key":"REST"}],"neow_cost":"NONE","seed_source_timestamp":83603783092721,"circlet_count":0,"master_deck":["AscendersBane","Strike_R","Strike_R","Strike_R","Strike_R","Strike_R","Defend_R","Defend_R+1","Defend_R+1","Defend_R","Bash","Iron Wave","Doubt","Searing Blow+2","Shockwave","Second Wind","Pommel Strike","Disarm","True Grit","Wild Strike"],"relics":["Burning Blood","NeowsBlessing","Golden Idol","War Paint","Tiny Chest","MawBank","Potion Belt","Medical Kit","Centennial Puzzle"],"potions_floor_usage":[10,12,12,16],"damage_taken":[{"damage":0,"enemies":"Small Slimes","floor":1,"turns":1},{"damage":0,"enemies":"2 Louse","floor":4,"turns":1},{"damage":0,"enemies":"Gremlin Nob","floor":6,"turns":1},{"damage":10,"enemies":"Cultist","floor":8,"turns":4},{"damage":36,"enemies":"Large Slime","floor":10,"turns":9},{"damage":32,"enemies":"3 Sentries","floor":12,"turns":10},{"damage":1,"enemies":"2 Fungi Beasts","floor":14,"turns":4},{"damage":36,"enemies":"The Guardian","floor":16,"turns":5}],"seed_played":"7105573332949186813","potions_obtained":[{"floor":6,"key":"GamblersBrew"},{"floor":8,"key":"AttackPotion"},{"floor":10,"key":"Explosive Potion"}],"is_trial":false,"path_per_floor":["M","?","?","M","?","E","R","M","T","M","R","E","$","M","R","B"],"character_chosen":"IRONCLAD","items_purchased":["Medical Kit","Centennial Puzzle","True Grit","Dexterity Potion"],"campfire_rested":1,"item_purchase_floors":[13,13,13,13],"current_hp_per_floor":[74,68,68,68,68,68,68,64,64,34,34,8,8,13,33,0],"gold":30,"neow_bonus":"THREE_ENEMY_KILL","is_prod":false,"is_daily":false,"chose_seed":false,"campfire_upgraded":2,"win_rate":0,"timestamp":1547294311,"path_taken":["M","?","?","M","?","E","R","M","T","M","R","E","$","M","R","BOSS"],"build_version":"2019-01-10","purchased_purges":1,"victory":false,"max_hp_per_floor":[75,68,68,68,68,68,68,68,68,68,68,68,68,68,68,68],"card_choices":[{"not_picked":["Armaments","Twin Strike"],"picked":"Iron Wave","floor":1},{"not_picked":["Cleave","Anger"],"picked":"Searing Blow","floor":4},{"not_picked":["Shrug It Off","Demon Form"],"picked":"Shockwave","floor":6},{"not_picked":["Heavy Blade","Wild Strike"],"picked":"Second Wind","floor":8},{"not_picked":["Flex","Combust"],"picked":"Pommel Strike","floor":10},{"not_picked":["Thunderclap","Spot Weakness"],"picked":"Disarm","floor":12},{"not_picked":["Heavy Blade","Shrug It Off"],"picked":"Wild Strike","floor":14}],"player_experience":859377,"relics_obtained":[{"floor":6,"key":"Tiny Chest"},{"floor":9,"key":"MawBank"},{"floor":12,"key":"Potion Belt"}],"event_choices":[{"damage_healed":0,"gold_gain":0,"player_choice":"Lose Max HP","damage_taken":0,"relics_obtained":["Golden Idol"],"max_hp_gain":0,"max_hp_loss":7,"event_name":"Golden Idol","floor":2,"gold_loss":0},{"damage_healed":0,"gold_gain":150,"player_choice":"AGREE","damage_taken":0,"max_hp_gain":0,"max_hp_loss":0,"event_name":"Liars Game","floor":3,"gold_loss":0,"cards_obtained":["Doubt"]},{"damage_healed":0,"gold_gain":0,"player_choice":"Box","damage_taken":0,"relics_obtained":["War Paint"],"max_hp_gain":0,"max_hp_loss":0,"event_name":"Big Fish","floor":5,"gold_loss":0,"cards_obtained":["Regret"]}],"is_beta":false,"boss_relics":[],"items_purged_floors":[13],"is_endless":false,"potions_floor_spawned":[6,8,10],"killed_by":"The Guardian","ascension_level":19}