{"gold_per_floor":[117,117,130,130,143,143,153,183,213,245,245,265,265,299,299,394,394,414,414,27,43,143,143,169,169,169,169,200,219,238,18,18,122,122,133,133,147,108,208,208,228,228,278,83,117,134,67,97,97,97],"floor_reached":51,"playtime":4499,"items_purged":["Wraith Form v2","Setup"],"score":946,"play_id":"6b0769a7-1a12-4a86-81a2-30fd9f30fff2","local_time":"20190211230024","is_ascension_mode":true,"campfire_choices":[{"data":"Neutralize","floor":6.0,"key":"SMITH"},{"floor":11.0,"key":"REST"},{"data":"Leg Sweep","floor":13.0,"key":"SMITH"},{"data":"Malaise","floor":15.0,"key":"SMITH"},{"data":"Footwork","floor":23.0,"key":"SMITH"},{"data":"Envenom","floor":25.0,"key":"SMITH"},{"floor":27.0,"key":"REST"},{"floor":32.0,"key":"REST"},{"data":"Accuracy","floor":40,"key":"SMITH"},{"data":"Accuracy","floor":42,"key":"SMITH"},{"floor":49,"key":"REST"}],"neow_cost":"NONE","seed_source_timestamp":0,"circlet_count":0,"master_deck":["Survivor","Neutralize+1","Flechettes","Caltrops","Infinite Blades","Flechettes","Deflect","Malaise+1","Dagger Spray","Expertise","Cloak And Dagger","Prepared","Deadly Poison","Poisoned Stab+1","Blade Dance","Leg Sweep+1","Backstab","Envenom+1","Backflip","Crippling Poison","Footwork+1","Dash+1","Bane","Accuracy+1","Cloak And Dagger","Well Laid Plans","Escape Plan+1","Backflip","Accuracy","After Image","Blade Dance","Accuracy+1","Cloak And Dagger","Cloak And Dagger+1","Parasite","Blade Dance+1","Adrenaline","Cloak And Dagger+1"],"special_seed":0,"relics":["Pandora\u0027s Box","FaceOfCleric","Pen Nib","Tiny Chest","Happy Flower","Oddly Smooth Stone","Sozu","Whetstone","Turnip","Pantograph","Ninja Scroll","Shuriken","Du-Vu Doll","WristBlade","Tingsha","Orichalcum","Frozen Eye","Boot","Centennial Puzzle"],"potions_floor_usage":[50,50],"damage_taken":[{"damage":4.0,"enemies":"Small Slimes","floor":1.0,"turns":4.0},{"damage":0.0,"enemies":"Cultist","floor":3.0,"turns":4.0},{"damage":10.0,"enemies":"2 Louse","floor":5.0,"turns":2.0},{"damage":14.0,"enemies":"Exordium Wildlife","floor":7.0,"turns":5.0},{"damage":17.0,"enemies":"Gremlin Nob","floor":10.0,"turns":4.0},{"damage":0.0,"enemies":"3 Louse","floor":12.0,"turns":2.0},{"damage":13.0,"enemies":"Lagavulin","floor":14.0,"turns":7.0},{"damage":23.0,"enemies":"The Guardian","floor":16.0,"turns":9.0},{"damage":0.0,"enemies":"Chosen","floor":18.0,"turns":4.0},{"damage":0.0,"enemies":"2 Thieves","floor":21.0,"turns":4.0},{"damage":14.0,"enemies":"Colosseum Slavers","floor":22.0,"turns":4.0},{"damage":7.0,"enemies":"Colosseum Nobs","floor":22.0,"turns":5.0},{"damage":45.0,"enemies":"Gremlin Leader","floor":24.0,"turns":7.0},{"damage":20.0,"enemies":"Book of Stabbing","floor":28.0,"turns":4.0},{"damage":0.0,"enemies":"Chosen and Byrds","floor":29.0,"turns":4.0},{"damage":4.0,"enemies":"Shelled Parasite and Fungi","floor":30.0,"turns":3.0},{"damage":13.0,"enemies":"Collector","floor":33.0,"turns":7.0},{"damage":0.0,"enemies":"3 Shapes","floor":35.0,"turns":5.0},{"damage":0,"enemies":"Orb Walker","floor":37,"turns":2},{"damage":0,"enemies":"Mind Bloom Boss Battle","floor":39,"turns":6},{"damage":10,"enemies":"Spire Growth","floor":41,"turns":4},{"damage":0,"enemies":"Reptomancer","floor":45,"turns":4},{"damage":0,"enemies":"Writhing Mass","floor":46,"turns":5},{"damage":21,"enemies":"Giant Head","floor":48,"turns":6},{"damage":44,"enemies":"Time Eater","floor":50,"turns":8}],"seed_played":"-5045705604834257180","potions_obtained":[{"floor":1.0,"key":"Regen Potion"},{"floor":7.0,"key":"Energy Potion"},{"floor":14.0,"key":"LiquidBronze"}],"is_trial":false,"path_per_floor":["M","?","M","T","M","R","M","?","T","E","R","M","R","E","R","B",null,"M","?","$","M","?","R","E","R","T","R","E","M","M","$","R","B",null,"M","?","M","$","?","R","M","R","T","$","E","M","$","E","R","B",null],"character_chosen":"THE_SILENT","items_purchased":["Footwork","Dash","Whetstone","Bane","Backflip","Accuracy","Accuracy","Frozen Eye","Adrenaline"],"campfire_rested":4,"item_purchase_floors":[20,20,20,20,31,31,38,44,47],"current_hp_per_floor":[66,66,67,67,58,58,45,45,45,29,51,52,52,40,40,18,77,78,78,78,79,60,60,16,16,16,40,21,22,19,19,44,57,86,87,87,88,88,89,89,80,80,80,80,81,82,82,62,89,65],"gold":97,"neow_bonus":"BOSS_RELIC","is_prod":false,"is_daily":false,"chose_seed":false,"campfire_upgraded":7,"win_rate":0,"timestamp":1549922424,"path_taken":["M","?","?","?","?","R","M","?","T","E","R","M","R","E","R","BOSS","M","?","$","M","?","R","E","R","T","R","E","M","M","?","R","BOSS","M","?","M","$","?","R","M","R","T","$","E","M","?","E","R","BOSS"],"build_version":"2019-01-23","purchased_purges":2,"victory":true,"max_hp_per_floor":[70,70,71,71,72,72,73,73,73,74,74,75,75,76,76,77,77,78,78,78,79,81,81,82,82,82,82,83,84,85,85,85,86,86,87,87,88,88,89,89,90,90,90,90,91,92,92,93,93,94],"card_choices":[{"not_picked":["Finisher","Well Laid Plans"],"picked":"Cloak And Dagger","floor":1.0},{"not_picked":["Endless Agony","Outmaneuver"],"picked":"Prepared","floor":3.0},{"not_picked":["Backstab","Eviscerate"],"picked":"Deadly Poison","floor":5.0},{"not_picked":["Flying Knee","PiercingWail"],"picked":"Poisoned Stab","floor":7.0},{"not_picked":["Expertise","Blur"],"picked":"Blade Dance","floor":10.0},{"not_picked":["Accuracy","Sucker Punch"],"picked":"Leg Sweep","floor":12.0},{"not_picked":["Corpse Explosion","Expertise"],"picked":"Backstab","floor":14.0},{"not_picked":["Unload","Phantasmal Killer"],"picked":"Envenom","floor":16.0},{"not_picked":["Finisher","Outmaneuver+1"],"picked":"Backflip","floor":18.0},{"not_picked":["Heel Hook","Distraction"],"picked":"Accuracy","floor":21.0},{"not_picked":["Sucker Punch","Acrobatics+1"],"picked":"Cloak And Dagger","floor":24.0},{"not_picked":["Wraith Form v2","Underhanded Strike","Slice"],"picked":"SKIP","floor":28.0},{"not_picked":["Endless Agony","Prepared"],"picked":"Well Laid Plans","floor":29.0},{"not_picked":["Dagger Spray","Outmaneuver"],"picked":"Escape Plan+1","floor":30.0},{"not_picked":["Venomology","A Thousand Cuts"],"picked":"After Image","floor":33.0},{"not_picked":["PiercingWail+1","Tactician+1","Calculated Gamble"],"picked":"SKIP","floor":35},{"not_picked":["Sucker Punch","Dagger Throw"],"picked":"Blade Dance","floor":37},{"not_picked":["Riddle With Holes","Sucker Punch+1"],"picked":"Cloak And Dagger","floor":39},{"not_picked":["Dash+1","Bouncing Flask"],"picked":"Cloak And Dagger+1","floor":41},{"not_picked":["Calculated Gamble+1","Catalyst+1","Outmaneuver"],"picked":"SKIP","floor":45},{"not_picked":["Deflect","Bane"],"picked":"Blade Dance+1","floor":46},{"not_picked":["Sucker Punch","Blur"],"picked":"Cloak And Dagger+1","floor":48}],"player_experience":363838,"relics_obtained":[{"floor":4.0,"key":"Pen Nib"},{"floor":9.0,"key":"Tiny Chest"},{"floor":10.0,"key":"Happy Flower"},{"floor":14.0,"key":"Oddly Smooth Stone"},{"floor":22.0,"key":"Turnip"},{"floor":22.0,"key":"Pantograph"},{"floor":24.0,"key":"Ninja Scroll"},{"floor":26.0,"key":"Shuriken"},{"floor":28.0,"key":"Du-Vu Doll"},{"floor":39,"key":"Tingsha"},{"floor":43,"key":"Orichalcum"},{"floor":45,"key":"Boot"},{"floor":48,"key":"Centennial Puzzle"}],"event_choices":[{"damage_healed":0.0,"max_hp_gain":0.0,"max_hp_loss":0.0,"gold_gain":0.0,"event_name":"FaceTrader","player_choice":"Trade","floor":2.0,"gold_loss":0.0,"damage_taken":0.0,"relics_obtained":["FaceOfCleric"]},{"damage_healed":0.0,"max_hp_gain":0.0,"max_hp_loss":0.0,"gold_gain":30.0,"event_name":"Dead Adventurer","player_choice":"Searched \u00272\u0027 times","floor":8.0,"gold_loss":0.0,"damage_taken":0.0},{"damage_healed":0.0,"max_hp_gain":0.0,"max_hp_loss":0.0,"gold_gain":0.0,"event_name":"The Library","player_choice":"Read","floor":19.0,"gold_loss":0.0,"damage_taken":0.0,"cards_obtained":["Crippling Poison"]},{"damage_healed":0.0,"max_hp_gain":0.0,"max_hp_loss":0.0,"gold_gain":0.0,"event_name":"Colosseum","player_choice":"Fight","floor":22.0,"gold_loss":0.0,"damage_taken":0.0},{"damage_healed":0.0,"max_hp_gain":0.0,"max_hp_loss":0.0,"gold_gain":0.0,"event_name":"Colosseum","player_choice":"Fought Nobs","floor":22.0,"gold_loss":0.0,"damage_taken":0.0},{"damage_healed":0,"gold_gain":0,"player_choice":"Memory 1","damage_taken":0,"max_hp_gain":0,"max_hp_loss":0,"event_name":"SensoryStone","floor":36,"gold_loss":0},{"damage_healed":0,"gold_gain":0,"player_choice":"Fight","damage_taken":0,"max_hp_gain":0,"max_hp_loss":0,"event_name":"MindBloom","floor":39,"gold_loss":0}],"is_beta":false,"boss_relics":[{"not_picked":["Ectoplasm","Orrery"],"picked":"Sozu"},{"not_picked":["Snecko Eye","Empty Cage"],"picked":"WristBlade"}],"items_purged_floors":[20,31],"is_endless":false,"potions_floor_spawned":[1,7,14,21,22,24,28,29,37,39,46,48],"ascension_level":4}