{"gold_per_floor":[117,67,37,3,3,3,3,38,84,96,106,106,31,31,31,105,105,125,90,90,108,57,57],"floor_reached":23,"playtime":901,"items_purged":["Strike_B"],"score":309,"play_id":"f0ee9fca-0312-4b12-8479-9ffa273c1723","local_time":"20181004170659","is_ascension_mode":true,"campfire_choices":[{"floor":6.0,"key":"REST"},{"floor":12.0,"key":"REST"},{"data":"Multi-Cast","floor":15.0,"key":"SMITH"}],"neow_cost":"CURSE","seed_source_timestamp":0,"circlet_count":0,"master_deck":["Strike_B","Strike_B","Strike_B+1","Defend_B","Defend_B","Defend_B","Defend_B+1","Zap","Dualcast","AscendersBane","Darkness","Capacitor","Multi-Cast+1","Coolheaded","Glacier","Machine Learning","Chill+1","Doom and Gloom","Blizzard","Compile Driver"],"special_seed":0,"relics":["Cracked Core","Girya","Oddly Smooth Stone","Lantern","Calipers","Inserter"],"potions_floor_usage":[16,16,19],"damage_taken":[{"damage":2.0,"enemies":"Jaw Worm","floor":1.0,"turns":4.0},{"damage":30.0,"enemies":"Lagavulin","floor":8.0,"turns":7.0},{"damage":0.0,"enemies":"Small Slimes","floor":10.0,"turns":2.0},{"damage":0.0,"enemies":"Cultist","floor":11.0,"turns":4.0},{"damage":5,"enemies":"Slime Boss","floor":16,"turns":10},{"damage":4,"enemies":"Shell Parasite","floor":18,"turns":7},{"damage":22,"enemies":"2 Thieves","floor":19,"turns":5},{"damage":14,"enemies":"Snecko","floor":21,"turns":6},{"damage":4,"enemies":"Centurion and Healer","floor":23,"turns":4}],"seed_played":"5679215515183096951","potions_obtained":[{"floor":1.0,"key":"SmokeBomb"},{"floor":3.0,"key":"Explosive Potion"},{"floor":3.0,"key":"Explosive Potion"},{"floor":18,"key":"Explosive Potion"}],"is_trial":false,"path_per_floor":["M","?","?","$","?","R","$","E","T","M","M","R","$","T","R","B",null,"M","M","$","M","$"],"character_chosen":"DEFECT","items_purchased":["Capacitor","Compile Driver"],"campfire_rested":2,"item_purchase_floors":[4,22],"current_hp_per_floor":[66,66,66,66,51,73,73,43,43,43,43,65,65,65,65,60,71,67,45,45,31,31,27],"gold":57,"neow_bonus":"ONE_RARE_RELIC","is_prod":false,"is_daily":false,"chose_seed":false,"campfire_upgraded":1,"win_rate":0,"timestamp":1538665619,"path_taken":["M","?","?","$","?","R","$","E","T","M","M","R","$","?","R","BOSS","M","M","$","M","$","M"],"build_version":"2018-09-27","purchased_purges":1,"victory":false,"max_hp_per_floor":[75,75,75,75,75,75,75,75,75,75,75,75,75,75,75,75,75,75,75,75,75,75,75],"card_choices":[{"not_picked":["Streamline","Hologram"],"picked":"Darkness","floor":1.0},{"not_picked":["Cold Snap","Scrape"],"picked":"Multi-Cast","floor":8.0},{"not_picked":["Beam Cell","Stack"],"picked":"Coolheaded","floor":10.0},{"not_picked":["Ball Lightning","Lockon"],"picked":"Glacier","floor":11.0},{"not_picked":["Electrodynamics","Creative AI"],"picked":"Machine Learning","floor":16},{"not_picked":["Conserve Battery","Gash"],"picked":"Chill+1","floor":18},{"not_picked":["Conserve Battery+1","Coolheaded"],"picked":"Doom and Gloom","floor":19},{"not_picked":["Coolheaded","Redo"],"picked":"Blizzard","floor":21}],"player_experience":489019,"relics_obtained":[{"floor":8.0,"key":"Oddly Smooth Stone"},{"floor":9.0,"key":"Lantern"},{"floor":14.0,"key":"Calipers"}],"event_choices":[{"event_name":"The Cleric","player_choice":"Card Removal","floor":2.0,"damage_taken":0.0},{"event_name":"The Woman in Blue","player_choice":"Bought 2 Potions","floor":3.0,"damage_taken":0.0},{"event_name":"Shining Light","player_choice":"Entered Light","floor":5.0,"damage_taken":0.0}],"is_beta":false,"boss_relics":[{"not_picked":["Fusion Hammer","Orrery"],"picked":"Inserter"}],"items_purged_floors":[13],"is_endless":false,"potions_floor_spawned":[1,10,11,18],"killed_by":"Centurion and Healer","ascension_level":13}