{"gold_per_floor":[118,43,43,8,20,20,37,37,62,62,62,96,26,36,36,136,136,152,166,177,37,37,37,57,57,57,68,268,268],"floor_reached":29,"playtime":803,"items_purged":["Strike_B","Defend_B"],"score":357,"play_id":"ba657849-1ab7-4c72-9a0a-ec6adf1eeb1b","local_time":"20180929125907","is_ascension_mode":true,"campfire_choices":[{"data":"Streamline","floor":6,"key":"SMITH"},{"data":"Zap","floor":8,"key":"SMITH"},{"data":"Self Repair","floor":11,"key":"SMITH"},{"data":"Fission","floor":15,"key":"SMITH"},{"data":"Undo","floor":23,"key":"SMITH"},{"data":"Steam","floor":25,"key":"SMITH"}],"neow_cost":"","seed_source_timestamp":266993927079998,"circlet_count":0,"master_deck":["Strike_B+1","Strike_B+1","Zap+1","Dualcast","AscendersBane","Streamline+1","Self Repair+1","Fission+1","All For One","Rebound","Chaos+1","BootSequence","Undo+1","Ball Lightning","Steam+1","Conserve Battery"],"relics":["Cracked Core","Juzu Bracelet","DataDisk","Empty Cage","Oddly Smooth Stone"],"potions_floor_usage":[14,16,18,20],"damage_taken":[{"damage":0,"enemies":"Small Slimes","floor":1,"turns":3},{"damage":0,"enemies":"2 Louse","floor":5,"turns":2},{"damage":0,"enemies":"Cultist","floor":7,"turns":2},{"damage":34,"enemies":"Gremlin Nob","floor":12,"turns":4},{"damage":0,"enemies":"3 Louse","floor":14,"turns":1},{"damage":39,"enemies":"The Guardian","floor":16,"turns":8},{"damage":12,"enemies":"3 Byrds","floor":18,"turns":3},{"damage":23,"enemies":"2 Thieves","floor":19,"turns":3},{"damage":2,"enemies":"Snecko","floor":20,"turns":3},{"damage":13,"enemies":"Centurion and Healer","floor":24,"turns":4},{"damage":24,"enemies":"Sentry and Sphere","floor":27,"turns":4},{"damage":28,"enemies":"Gremlin Leader","floor":29,"turns":6}],"seed_played":"8095200663418484661","potions_obtained":[{"floor":7,"key":"PowerPotion"},{"floor":12,"key":"Explosive Potion"},{"floor":16,"key":"SkillPotion"},{"floor":19,"key":"Poison Potion"}],"is_trial":false,"path_per_floor":["M","$","?","?","M","R","M","R","T","?","R","E","$","M","R","B",null,"M","M","M","$","?","R","M","R","T","M","?"],"character_chosen":"DEFECT","items_purchased":["All For One","Undo"],"campfire_rested":0,"item_purchase_floors":[13,21],"current_hp_per_floor":[68,68,53,71,71,71,71,71,71,71,71,47,47,47,47,18,61,59,36,44,44,44,44,41,41,41,27,27,0],"gold":268,"neow_bonus":"","is_prod":false,"is_daily":false,"chose_seed":false,"campfire_upgraded":6,"win_rate":0,"timestamp":1538218747,"path_taken":["M","$","?","?","?","R","M","R","T","?","R","E","?","M","R","BOSS","M","M","M","$","?","R","M","R","T","M","?","E"],"build_version":"2018-09-27","purchased_purges":2,"victory":false,"max_hp_per_floor":[75,75,75,75,75,75,75,75,75,75,75,75,75,75,75,75,75,75,75,75,75,75,75,75,75,75,75,75,75],"card_choices":[{"not_picked":["Go for the Eyes","Heatsinks"],"picked":"Streamline","floor":1},{"not_picked":["Aggregate","Cold Snap","Double Energy"],"picked":"SKIP","floor":5},{"not_picked":["Rebound","Stack"],"picked":"Self Repair","floor":7},{"not_picked":["Hello World","Fusion"],"picked":"Fission","floor":12},{"not_picked":["Sweeping Beam","Compile Driver"],"picked":"Rebound","floor":14},{"not_picked":["Barrage","Turbo"],"picked":"Chaos+1","floor":18},{"not_picked":["Static Discharge","Rebound","Scrape"],"picked":"SKIP","floor":19},{"not_picked":["Rip and Tear","Go for the Eyes"],"picked":"BootSequence","floor":20},{"not_picked":["Gash","Blizzard"],"picked":"Steam","floor":24},{"not_picked":["Cold Snap","Doom and Gloom"],"picked":"Conserve Battery","floor":27}],"player_experience":462979,"relics_obtained":[{"floor":9,"key":"Juzu Bracelet"},{"floor":12,"key":"DataDisk"},{"floor":26,"key":"Oddly Smooth Stone"}],"event_choices":[{"event_name":"Shining Light","player_choice":"Entered Light","floor":3,"damage_taken":0},{"event_name":"The Cleric","player_choice":"Healed","floor":4,"damage_taken":0},{"event_name":"Living Wall","player_choice":"Forget","floor":10,"damage_taken":0},{"event_name":"Transmorgrifier","player_choice":"Transform","floor":22,"damage_taken":0},{"event_name":"The Joust","player_choice":"Bet on Owner","floor":28,"damage_taken":0}],"is_beta":false,"boss_relics":[{"not_picked":["Orrery","Eternal Feather"],"picked":"Empty Cage"}],"items_purged_floors":[2,21],"is_endless":false,"potions_floor_spawned":[7,12,16,19],"killed_by":"Gremlin Leader","ascension_level":12}