{"gold_per_floor":[10,10,10,26,26,26,46,146,191,224,249,272,48,81,81,81],"floor_reached":16,"playtime":615,"items_purged":[],"score":176,"play_id":"cd93a472-fcce-4d37-a3e4-1a6ee1cb8b01","local_time":"20181118233245","is_ascension_mode":true,"campfire_choices":[{"data":"Neutralize","floor":6,"key":"SMITH"},{"floor":15,"key":"REST"}],"neow_cost":"NO_GOLD","seed_source_timestamp":211751502047998,"circlet_count":0,"master_deck":["AscendersBane","Defend_G","Defend_G","Defend_G","Defend_G","Strike_G","Strike_G","Strike_G","Survivor","Neutralize+1","Flying Knee","Footwork","Riddle With Holes","Sucker Punch","Backflip","Apotheosis","Infinite Blades","Slice"],"relics":["Ring of the Snake","Golden Idol","Bag of Marbles","Du-Vu Doll","Singing Bowl"],"potions_floor_usage":[10,11,14],"damage_taken":[{"damage":6,"enemies":"Jaw Worm","floor":1,"turns":7},{"damage":4,"enemies":"Small Slimes","floor":4,"turns":4},{"damage":0,"enemies":"2 Louse","floor":7,"turns":3},{"damage":19,"enemies":"3 Sentries","floor":10,"turns":14},{"damage":10,"enemies":"Gremlin Gang","floor":11,"turns":3},{"damage":0,"enemies":"Large Slime","floor":12,"turns":4},{"damage":16,"enemies":"Gremlin Nob","floor":14,"turns":4},{"damage":27,"enemies":"Slime Boss","floor":16,"turns":6}],"seed_played":"1908965503862353976","potions_obtained":[{"floor":4,"key":"SteroidPotion"},{"floor":7,"key":"GamblersBrew"},{"floor":10,"key":"SkillPotion"},{"floor":14,"key":"SneckoOil"}],"is_trial":false,"path_per_floor":["M","?","?","M","?","R","M","?","T","E","M","M","$","E","R","B"],"character_chosen":"THE_SILENT","items_purchased":["Apotheosis","Infinite Blades"],"campfire_rested":1,"item_purchase_floors":[13,13],"current_hp_per_floor":[57,62,55,51,51,51,51,51,51,32,22,22,22,6,26,0],"gold":81,"neow_bonus":"REMOVE_TWO","is_prod":false,"is_daily":false,"chose_seed":false,"campfire_upgraded":1,"win_rate":0,"timestamp":1542580365,"path_taken":["M","?","?","M","?","R","?","?","T","E","?","M","$","E","R","BOSS"],"build_version":"2018-11-15","purchased_purges":0,"victory":false,"max_hp_per_floor":[70,75,75,75,69,69,69,69,69,69,69,69,69,69,69,69],"card_choices":[{"not_picked":["Dagger Throw","Expertise"],"picked":"Flying Knee","floor":1},{"not_picked":["Catalyst","Riddle With Holes","Flying Knee"],"picked":"SKIP","floor":4},{"not_picked":["Acrobatics","Slice"],"picked":"Footwork","floor":7},{"not_picked":["Cloak And Dagger","Bullet Time"],"picked":"Riddle With Holes","floor":10},{"not_picked":["Flying Knee","Bane"],"picked":"Sucker Punch","floor":11},{"not_picked":["Prepared","Outmaneuver"],"picked":"Backflip","floor":12},{"not_picked":["Skewer","Acrobatics"],"picked":"Slice","floor":14}],"player_experience":669391,"relics_obtained":[{"floor":9,"key":"Bag of Marbles"},{"floor":10,"key":"Du-Vu Doll"},{"floor":14,"key":"Singing Bowl"}],"event_choices":[{"damage_healed":0,"gold_gain":0,"player_choice":"Donut","damage_taken":0,"max_hp_gain":5,"max_hp_loss":0,"event_name":"Big Fish","floor":2,"gold_loss":0},{"cards_removed":["Strike_G"],"damage_healed":0,"gold_gain":0,"player_choice":"Card Removal","damage_taken":7,"max_hp_gain":0,"max_hp_loss":0,"event_name":"Golden Wing","floor":3,"gold_loss":0},{"damage_healed":0,"gold_gain":0,"player_choice":"Lose Max HP","damage_taken":0,"relics_obtained":["Golden Idol"],"max_hp_gain":0,"max_hp_loss":6,"event_name":"Golden Idol","floor":5,"gold_loss":0},{"damage_healed":0,"gold_gain":100,"player_choice":"Pray","damage_taken":0,"max_hp_gain":0,"max_hp_loss":0,"event_name":"Golden Shrine","floor":8,"gold_loss":0}],"is_beta":false,"boss_relics":[],"items_purged_floors":[],"is_endless":false,"potions_floor_spawned":[4,7,10,14],"killed_by":"Slime Boss","ascension_level":12}