{"gold_per_floor":[112,112,125,125,141,141,151,177,232,244,244,259,259,313,313,416,416,431,431,13,13,13,47,47,47,74,74,88,145,145,161,161,161],"floor_reached":33,"playtime":2466,"items_purged":[],"score":297,"play_id":"37fd9ac5-00c6-4469-ae10-863dd701c248","local_time":"20190226153910","is_ascension_mode":true,"campfire_choices":[{"floor":6,"key":"REST"},{"floor":11,"key":"REST"},{"data":"Escape Plan","floor":13,"key":"SMITH"},{"data":"Blur","floor":15,"key":"SMITH"},{"floor":24,"key":"REST"},{"floor":27,"key":"REST"},{"floor":30,"key":"REST"},{"floor":32,"key":"REST"}],"neow_cost":"PERCENT_DAMAGE","seed_source_timestamp":353519773883765,"circlet_count":0,"master_deck":["Defend_G","Defend_G","Defend_G+1","Defend_G+1","Defend_G","Strike_G","Strike_G","Strike_G","Strike_G","Strike_G","Survivor","Neutralize","Backflip","Blade Dance+1","Escape Plan+1","Dash","Blur+1","Riddle With Holes","PiercingWail","Phantasmal Killer","Cloak And Dagger","Chrysalis+1","Blade Dance+1","Acrobatics","Deflect+1","Underhanded Strike+1","Flechettes+1","Prepared+1"],"relics":["Pocketwatch","Kunai","Blood Vial","Happy Flower","Snecko Eye","Nloth\u0027s Gift","DollysMirror","Toxic Egg 2","War Paint","Vajra","Tiny Chest"],"potions_floor_usage":[8,16,16,33,33],"damage_taken":[{"damage":6,"enemies":"Jaw Worm","floor":1,"turns":5},{"damage":2,"enemies":"Small Slimes","floor":3,"turns":4},{"damage":0,"enemies":"Cultist","floor":5,"turns":3},{"damage":1,"enemies":"3 Louse","floor":7,"turns":3},{"damage":28,"enemies":"Lagavulin","floor":8,"turns":8},{"damage":0,"enemies":"Gremlin Gang","floor":10,"turns":8},{"damage":2,"enemies":"2 Fungi Beasts","floor":12,"turns":3},{"damage":14,"enemies":"The Guardian","floor":16,"turns":16},{"damage":15,"enemies":"Shell Parasite","floor":18,"turns":8},{"damage":34,"enemies":"Book of Stabbing","floor":23,"turns":7},{"damage":5,"enemies":"3 Byrds","floor":28,"turns":5},{"damage":61,"enemies":"Slavers","floor":29,"turns":12},{"damage":0,"enemies":"Snecko","floor":31,"turns":3},{"damage":60,"enemies":"Collector","floor":33,"turns":5}],"seed_played":"-7249388681920556619","potions_obtained":[{"floor":3,"key":"SkillPotion"},{"floor":8,"key":"Poison Potion"},{"floor":12,"key":"Strength Potion"},{"floor":29,"key":"FearPotion"},{"floor":31,"key":"FearPotion"}],"is_trial":false,"path_per_floor":["M","?","M","?","M","R","M","E","T","M","R","M","R","T","R","B",null,"M","?","$","T","$","E","R","?","T","R","M","E","R","M","R","B"],"character_chosen":"THE_SILENT","items_purchased":["Chrysalis","DollysMirror","Acrobatics"],"campfire_rested":6,"item_purchase_floors":[20,20,20],"current_hp_per_floor":[43,48,46,46,46,68,67,39,39,41,63,63,63,63,63,51,75,60,60,60,60,60,28,50,50,50,72,69,10,32,34,56,0],"gold":161,"neow_bonus":"ONE_RARE_RELIC","is_prod":false,"is_daily":false,"chose_seed":false,"campfire_upgraded":2,"win_rate":0,"timestamp":1551166750,"path_taken":["M","?","M","?","M","R","M","E","T","M","R","M","R","?","R","BOSS","M","?","$","?","$","E","R","?","T","R","M","E","R","M","R","BOSS"],"build_version":"2019-01-23","purchased_purges":0,"victory":false,"max_hp_per_floor":[70,75,75,75,75,75,75,75,75,75,75,75,75,75,75,75,75,75,75,75,75,75,75,75,75,75,75,75,75,75,75,75,75],"card_choices":[{"not_picked":["Bane","Deflect"],"picked":"Backflip","floor":1},{"not_picked":["Reflex","Heel Hook"],"picked":"Blade Dance","floor":3},{"not_picked":["Flying Knee","Dagger Spray"],"picked":"Escape Plan","floor":5},{"not_picked":["Distraction","Flying Knee"],"picked":"Dash","floor":7},{"not_picked":["Predator","Acrobatics"],"picked":"Blur","floor":8},{"not_picked":["Skewer","Reflex"],"picked":"Riddle With Holes","floor":10},{"not_picked":["Backflip","Dash"],"picked":"PiercingWail","floor":12},{"not_picked":["Glass Knife","Envenom"],"picked":"Phantasmal Killer","floor":16},{"not_picked":["Dodge and Roll","Blade Dance+1"],"picked":"Cloak And Dagger","floor":18},{"not_picked":["PiercingWail+1","Unload"],"picked":"Deflect+1","floor":23},{"not_picked":["Heel Hook","Slice"],"picked":"Underhanded Strike+1","floor":28},{"not_picked":["Poisoned Stab","Cloak And Dagger+1"],"picked":"Flechettes+1","floor":29},{"not_picked":["Envenom","Accuracy"],"picked":"Prepared+1","floor":31}],"player_experience":83585,"relics_obtained":[{"floor":8,"key":"Kunai"},{"floor":9,"key":"Blood Vial"},{"floor":14,"key":"Happy Flower"},{"floor":21,"key":"Toxic Egg 2"},{"floor":23,"key":"War Paint"},{"floor":26,"key":"Vajra"},{"floor":29,"key":"Tiny Chest"}],"event_choices":[{"damage_healed":0,"gold_gain":0,"player_choice":"Donut","damage_taken":0,"max_hp_gain":5,"max_hp_loss":0,"event_name":"Big Fish","floor":2,"gold_loss":0},{"damage_healed":0,"gold_gain":0,"player_choice":"Grow","damage_taken":0,"max_hp_gain":0,"max_hp_loss":0,"event_name":"Living Wall","floor":4,"gold_loss":0,"cards_upgraded":["Blade Dance"]},{"damage_healed":0,"gold_gain":0,"player_choice":"Traded Relic","damage_taken":0,"relics_obtained":["Nloth\u0027s Gift"],"max_hp_gain":0,"max_hp_loss":0,"event_name":"N\u0027loth","floor":19,"relics_lost":["Ring of the Snake"],"gold_loss":0},{"damage_healed":0,"gold_gain":0,"player_choice":"Forge","damage_taken":0,"max_hp_gain":0,"max_hp_loss":0,"event_name":"Accursed Blacksmith","floor":25,"gold_loss":0,"cards_upgraded":["Chrysalis"]}],"is_beta":false,"boss_relics":[{"not_picked":["Fusion Hammer","HoveringKite"],"picked":"Snecko Eye"}],"items_purged_floors":[],"is_endless":false,"potions_floor_spawned":[3,8,12,29,31],"killed_by":"Collector","ascension_level":1}