{"gold_per_floor":[112,124,5,15,15,15,49,49,97,107,124,199,33,33],"floor_reached":14,"playtime":352,"items_purged":[],"score":171,"play_id":"d54d4141-f116-4467-a11e-2a01ed387c0e","local_time":"20181225235628","is_ascension_mode":true,"campfire_choices":[{"data":"Bash","floor":6,"key":"SMITH"}],"neow_cost":"NONE","seed_source_timestamp":386661240124053,"circlet_count":0,"master_deck":["AscendersBane","Strike_R","Strike_R","Strike_R","Strike_R","Defend_R","Defend_R","Defend_R","Defend_R","Bash+1","True Grit","Headbutt","Corruption","Ghostly Armor","Wild Strike","Feed","Battle Trance","Immolate"],"relics":["Burning Blood","Boot","Pen Nib","Regal Pillow"],"potions_floor_usage":[10],"damage_taken":[{"damage":19,"enemies":"Jaw Worm","floor":1,"turns":4},{"damage":8,"enemies":"Small Slimes","floor":2,"turns":5},{"damage":2,"enemies":"Cultist","floor":4,"turns":4},{"damage":43,"enemies":"Lagavulin","floor":7,"turns":7},{"damage":12,"enemies":"Exordium Wildlife","floor":10,"turns":2},{"damage":9,"enemies":"2 Fungi Beasts","floor":11,"turns":3},{"damage":29,"enemies":"Gremlin Nob","floor":14,"turns":3}],"seed_played":"7240872400144610413","potions_obtained":[{"floor":2,"key":"BloodPotion"},{"floor":4,"key":"FairyPotion"},{"floor":7,"key":"SteroidPotion"},{"floor":8,"key":"AttackPotion"},{"floor":11,"key":"SpeedPotion"}],"is_trial":false,"path_per_floor":["M","M","$","M","?","R","E","?","T","M","M","?","$","E"],"character_chosen":"IRONCLAD","items_purchased":["Corruption","Ghostly Armor","Immolate"],"campfire_rested":0,"item_purchase_floors":[3,3,13],"current_hp_per_floor":[55,53,53,57,50,50,13,13,13,10,10,8,8,0],"gold":33,"neow_bonus":"RANDOM_COMMON_RELIC","is_prod":false,"is_daily":false,"chose_seed":false,"campfire_upgraded":1,"win_rate":0,"timestamp":1545778588,"path_taken":["M","M","$","M","?","R","E","?","T","?","M","?","?","E"],"build_version":"2018-12-20","purchased_purges":0,"victory":false,"max_hp_per_floor":[75,75,75,75,75,75,75,75,75,78,81,81,81,81],"card_choices":[{"not_picked":["Heavy Blade","Iron Wave"],"picked":"True Grit","floor":1},{"not_picked":["True Grit","Pommel Strike"],"picked":"Headbutt","floor":2},{"not_picked":["Evolve","Bloodletting"],"picked":"Wild Strike","floor":4},{"not_picked":["Sever Soul","Clothesline"],"picked":"Feed","floor":7},{"not_picked":["Headbutt","Thunderclap"],"picked":"Battle Trance","floor":10},{"not_picked":["Bloodletting","Pommel Strike","Dark Embrace"],"picked":"SKIP","floor":11}],"player_experience":789982,"relics_obtained":[{"floor":7,"key":"Pen Nib"},{"floor":9,"key":"Regal Pillow"}],"event_choices":[{"cards_removed":["Strike_R"],"damage_healed":0,"gold_gain":0,"player_choice":"Card Removal","damage_taken":7,"max_hp_gain":0,"max_hp_loss":0,"event_name":"Golden Wing","floor":5,"gold_loss":0},{"damage_healed":0,"gold_gain":0,"player_choice":"Got Potions","damage_taken":0,"max_hp_gain":0,"max_hp_loss":0,"event_name":"Lab","floor":8,"gold_loss":0},{"damage_healed":0,"gold_gain":75,"player_choice":"Gather Gold","damage_taken":11,"max_hp_gain":0,"max_hp_loss":0,"event_name":"World of Goop","floor":12,"gold_loss":0}],"is_beta":false,"boss_relics":[],"items_purged_floors":[],"is_endless":false,"potions_floor_spawned":[2,4,7,11],"killed_by":"Gremlin Nob","ascension_level":18}