{"gold_per_floor":[113,129,129,153,168,168,244,283,306,456,456,497,518,538,538,538],"floor_reached":16,"playtime":499,"items_purged":[],"score":213,"play_id":"89880860-8707-4bcf-ae00-0e3881029396","local_time":"20190115222151","is_ascension_mode":true,"campfire_choices":[{"data":"Crippling Poison","floor":6,"key":"SMITH"},{"data":"Catalyst","floor":11,"key":"SMITH"},{"floor":15,"key":"REST"}],"neow_cost":"NONE","seed_source_timestamp":376550027988674,"circlet_count":0,"master_deck":["AscendersBane","Defend_G","Defend_G","Defend_G","Defend_G","Defend_G","Strike_G","Strike_G","Strike_G","Strike_G","Strike_G","Survivor","Neutralize+1","Flying Knee","Poisoned Stab","Crippling Poison+1","Catalyst+1","Corpse Explosion","Doubt","PiercingWail"],"relics":["Ring of the Snake","Golden Idol","Bottled Lightning","Regal Pillow","Art of War","Omamori"],"potions_floor_usage":[13,16],"damage_taken":[{"damage":5,"enemies":"Jaw Worm","floor":1,"turns":5},{"damage":0,"enemies":"Small Slimes","floor":2,"turns":6},{"damage":0,"enemies":"2 Louse","floor":4,"turns":2},{"damage":4,"enemies":"Blue Slaver","floor":5,"turns":4},{"damage":15,"enemies":"Lagavulin","floor":8,"turns":5},{"damage":23,"enemies":"3 Sentries","floor":12,"turns":7},{"damage":0,"enemies":"3 Louse","floor":13,"turns":1},{"damage":0,"enemies":"Gremlin Gang","floor":14,"turns":2},{"damage":45,"enemies":"Slime Boss","floor":16,"turns":8}],"seed_played":"-4611947959387553667","potions_obtained":[{"floor":12,"key":"Explosive Potion"},{"floor":13,"key":"Ancient Potion"},{"floor":14,"key":"Explosive Potion"}],"is_trial":false,"path_per_floor":["M","M","?","M","M","R","T","E","T","?","R","E","M","M","R","B"],"character_chosen":"THE_SILENT","items_purchased":[],"campfire_rested":1,"item_purchase_floors":[],"current_hp_per_floor":[54,54,54,54,50,50,50,35,35,35,35,12,12,12,45,0],"gold":538,"neow_bonus":"UPGRADE_CARD","is_prod":false,"is_daily":false,"chose_seed":false,"campfire_upgraded":2,"win_rate":0,"timestamp":1547587311,"path_taken":["M","M","?","M","M","R","?","E","T","?","R","E","M","M","R","BOSS"],"build_version":"2019-01-10","purchased_purges":0,"victory":false,"max_hp_per_floor":[66,66,60,60,60,60,60,60,60,60,60,60,60,60,60,60],"card_choices":[{"not_picked":["Blade Dance","Quick Slash"],"picked":"Flying Knee","floor":1},{"not_picked":["Distraction","Choke"],"picked":"Poisoned Stab","floor":2},{"not_picked":["Outmaneuver","Prepared"],"picked":"Crippling Poison","floor":4},{"not_picked":["Backflip","Acrobatics"],"picked":"Catalyst","floor":5},{"not_picked":["Riddle With Holes","Slice"],"picked":"Corpse Explosion","floor":8},{"not_picked":["Dagger Throw","Outmaneuver"],"picked":"PiercingWail","floor":12},{"not_picked":["Poisoned Stab","Blade Dance","Skewer"],"picked":"SKIP","floor":13},{"not_picked":["Flying Knee","Cloak And Dagger","Quick Slash"],"picked":"SKIP","floor":14}],"player_experience":864348,"relics_obtained":[{"floor":7,"key":"Bottled Lightning"},{"floor":8,"key":"Regal Pillow"},{"floor":9,"key":"Art of War"},{"floor":12,"key":"Omamori"}],"event_choices":[{"damage_healed":0,"gold_gain":0,"player_choice":"Lose Max HP","damage_taken":0,"relics_obtained":["Golden Idol"],"max_hp_gain":0,"max_hp_loss":6,"event_name":"Golden Idol","floor":3,"gold_loss":0},{"damage_healed":0,"gold_gain":150,"player_choice":"AGREE","damage_taken":0,"max_hp_gain":0,"max_hp_loss":0,"event_name":"Liars Game","floor":10,"gold_loss":0,"cards_obtained":["Doubt"]}],"is_beta":false,"boss_relics":[],"items_purged_floors":[],"is_endless":false,"potions_floor_spawned":[12,13,14],"killed_by":"Slime Boss","ascension_level":18}